3246 5085
671 340 805 407 366
1432 358 1518 405 nn
1562 356 1881 407 nummms
1926 356 2245 406 r1n1rnoo.

669 524 878 610 perito
938 522 1140 589 iudici
1187 521 1441 590 credam
1491 558 1575 574 —
1623 524 1882 589 etiamsi
1927 522 2093 588 nihil
2137 522 2454 590 addiderit
2504 524 2859 591 sententiae
2910 544 3069 591 suae

669 630 793 693 nisi
830 626 994 694 illud
1035 650 1207 708 „non
1246 650 1508 715 possum
1549 628 1784 707 dicere,
1826 628 2089 714 quare”.
2136 629 2362 696 Nonne
2396 629 2571 696 idem
2594 632 2663 695 in
2696 636 2833 697 arte
2858 629 3075 716 philo-

668 734 880 821 logica
918 732 1126 801 valet?
1173 735 1242 801 Si
1283 737 1426 822 quis
1468 738 1570 802 vir
1613 734 1871 814 doctus,
1910 739 1979 800 in
2021 739 2229 821 poetis
2268 740 2529 825 tragicis
2565 740 3076 816 versatissimus,

667 840 1066 920 litterarum,
1108 844 1262 907 artis
1306 841 1715 929 rhythmicae
1754 843 2222 926 peritissimus,
2264 847 2495 929 poetae
2528 844 2785 910 cuidam
2820 842 3075 911 Graeco

671 966 833 1034 opus
894 947 1214 1034 quoddam
1275 950 1409 1013 sive
1473 948 1747 1034 deneget
1804 949 1942 1014 sive
2004 949 2283 1028 tribuat,
2350 952 2515 1016 ratio
2564 952 2729 1017 mihi
2774 950 3076 1017 habenda

668 1053 927 1121 videtur
989 1056 1127 1119 eius
1185 1052 1448 1131 iudicii,
1513 1055 1771 1125 etiamsi
1836 1052 1963 1119 ah‘a
2020 1062 2435 1141 argumenta,
2486 1062 2735 1142 praeter
2781 1078 2860 1123 ea
2908 1076 3074 1143 quae

670 1181 749 1226 ex
798 1162 1070 1238 „intimo
1108 1159 1222 1226 illo
1262 1158 1495 1225 sensu’'
1538 1166 1870 1246 petuntur,
1912 1159 2140 1225 desint.
2185 1162 2353 1242 Quid
2392 1165 2634 1229 mirum
2677 1164 2850 1250 quod
2894 1162 3071 1229 haud

667 1266 902 1335 leviter
939 1268 1156 1333 auimo
1195 1286 1622 1344 commoveor,
1665 1287 1814 1331 cum
1852 1267 2068 1333 virum
2102 1273 2315 1333 tantae
2340 1271 2761 1359 auctorit-atie,
2787 1274 3074 1355 quantae

668 1376 900 1440 merito
959 1376 1128 1440 inter
1184 1394 1299 1439 nos
1359 1377 1456 1438 est
1518 1370 2089 1452 Wilamowitzius,
2154 1377 2341 1440 annis
2403 1378 2677 1463 triginta
2720 1382 3071 1463 postquam

667 1483 956 1568 primum
992 1480 1363 1546 Pirithoum
1407 1478 1744 1545 delendam
1782 1482 2028 1545 censuit
2047 1527 2064 1558 ,
2103 1484 2371 1567 gravius
2409 1484 2604 1549 etiam
2644 1481 3073 1550 condemnan-

665 1594 802 1654 tem
850 1586 1072 1663 audio:
1126 1584 1699 1671 „UneuripideIsch
1748 1588 1835 1650 ist
1882 1583 2125 1652 alles”!

759 1694 886 1760 Sed
943 1692 1098 1759 licet
1158 1694 1224 1757 in
1281 1694 1598 1778 pictarum
1651 1691 2019 1757 tabularum
2066 1696 2399 1781 genuitate
2445 1692 2885 1775 diiudicanda,
2938 1714 3065 1781 qua

667 1822 786 1889 par
844 1805 943 1867 est
1001 1798 1348 1876 modestia,
1410 1800 1668 1884 proprio
1715 1798 1955 1865 iudicio
2002 1820 2263 1887 prorsus
2308 1801 2664 1869 abstineam
2712 1809 2776 1869 et
2823 1804 3064 1890 princi·

667 1928 828 1995 pum
875 1908 1222 1973 sententias
1267 1906 1504 1971 tacitus
1548 1926 1779 1992 sequar
1828 1943 1911 1955 -
1964 1908 2020 1971 si
2064 1906 2327 1993 quidem
2374 1912 2782 1975 consentiunt
2828 1911 3067 1996 princi-

667 2010 815 2100 pes!
866 2050 952 2062 -
1001 2033 1151 2077 cum
1198 2017 1416 2097 poetas
1463 2008 1740 2078 Graecos
1786 2033 1885 2078 res
1932 2019 2208 2098 spectat,
2258 2016 2597 2102 praecipue
2644 2037 2793 2082 cum
2840 2018 3064 2103 agitur

669 2121 745 2186 de
808 2118 1159 2205 Euripide,
1215 2121 1414 2184 etiam
1461 2123 1803 2204 postquam
1856 2118 2384 2186 Wilamowitzius
2430 2143 2547 2208 pro
2595 2122 3064 2189 sententia-Pi-

665 2226 955 2292 rithoum
1021 2226 1186 2291 abici
1246 2227 1472 2303 iussit,
1523 2246 1783 2311 prorsus
1829 2225 2112 2293 diffidere
2159 2230 2416 2313 proprio
2462 2229 2702 2295 iudicio
2746 2250 2879 2295 non
2925 2248 3064 2315 pos-

668 2355 834 2400 sum.
883 2317 1049 2399 Nam
1100 2334 1155 2398 si
1192 2334 1472 2418 ingenue
1511 2331 1811 2419 profitear
1850 2332 2003 2419 quid
2042 2333 2118 2398 de
2154 2334 2434 2401 Pirithoi
2474 2335 2855 2422 fragmentis
2895 2334 3058 2400 mihi

665 2438 984 2517 videatur,
1023 2440 1138 2505 vix
1177 2442 1397 2524 potero
1436 2438 1696 2504 brevius
1734 2442 2118 2505 sent-entiam
2158 2444 2570 2525 pronuntiare
2608 2463 2820 2507 meam
2860 2461 3053 2528 quam

663 2550 788 2614 ita:
841 2545 1329 2632 „EuripideIsch
1381 2549 1468 2611 ist
1514 2544 1753 2613 alles''.·
1800 2545 2109 2624 Numeri,
2157 2569 2469 2615 versuum
2516 2550 2792 2626 formae,
2834 2549 3057 2626 dictio-

663 2657 765 2720 nis
813 2656 1008 2734 ratio,
1057 2655 1408 2719 sententiae
1445 2652 1763 2738 prolatae,
1804 2654 2078 2739 denique
2119 2657 2336 2720 omnia
2373 2677 2523 2721 cum
2560 2655 2871 2742 Euripide
2911 2677 3051 2722 con·

663 2763 882 2828 venire
951 2760 1119 2825 mihi
1188 2759 1509 2825 videntur.
1603 2760 2009 2847 Quamquam
2092 2764 2301 2848 igitur
2383 2769 2784 2849 compertum
2852 2763 3051 2828 habeo

581 2923 586 2928 ,
666 2866 1000 2933 dialectica
1061 2867 1305 2932 ratione
1365 2866 1620 2952 probari
1682 2888 1806 2932 non
1868 2887 2047 2953 posse
2067 2915 2084 2946 ,
2132 2870 2338 2954 operis
2384 2871 2618 2955 poetici
2664 2871 2807 2956 quis
2854 2869 3052 2934 fuerit

663 2980 846 3062 pater
886 3010 960 3023 -
1015 2993 1316 3038 numeros
1363 2976 1539 3038 enim
1579 2977 1645 3038 et
1682 2972 1991 3039 dictiones
2033 2994 2192 3060 quae
2232 2975 2594 3061 euripideae
2633 2974 2800 3041 mihi
2840 2975 3052 3040 viden-

665 3087 791 3160 tur,
853 3080 1122 3145 fortasse
1177 3098 1552 3144 communes
1614 3081 1675 3144 ei
1738 3100 1886 3144 cum
1950 3081 2176 3145 ceteris
2236 3080 2502 3146 fuerunt
2548 3119 2634 3130 —-
2683 3083 3047 3167 opinionem

665 3205 878 3252 meam
921 3185 1266 3252 lectoribus
1311 3184 1755 3251 commendare
1802 3186 2105 3267 conabor;
2156 3190 2405 3253 utinam
2453 3192 2521 3253 et
2559 3187 3048 3255 Wilamowitzio

661 3294 792 3379 ipsi
836 3288 1285 3378 persuadeam!

755 3398 847 3464 Ut
885 3419 1184 3464 numeros
1220 3397 1603 3484 Euripideos
1642 3419 1777 3464 esse
1817 3399 2247 3466 demonstrem
2287 3423 2413 3468 non
2447 3401 2761 3469 adhibebo
2786 3402 3046 3472 ληκύθια

664 3503 1057 3593 Aeschylea,
1121 3503 1277 3570 licet
1339 3503 1554 3590 plures
1622 3527 1702 3571 ex
1770 3506 2151 3593 fragmentis
2214 3511 2447 3573 nostris
2510 3530 2734 3577 versus
2793 3528 3046 3576 caesura

663 3617 932 3679 utantur
977 3611 1220 3678 eadem.
1270 3611 1438 3677 Nam
1484 3613 1539 3677 si
1582 3633 1806 3679 revera
1855 3613 2153 3687 ληκυθίοις
2194 3617 2328 3680 suis
2364 3637 2507 3682 eam
2546 3637 2801 3702 carpere
2838 3617 3047 3683 voluit

662 3716 1053 3806 Aeschylus,
1100 3715 1314 3782 labore
1359 3717 1531 3782 haud
1578 3721 1968 3805 gravissimo
2017 3741 2169 3786 eum
2214 3721 2598 3789 confundere
2641 3725 2922 3808 propriis
2960 3742 3046 3788 ar-

661 3826 788 3892 mis
866 3828 1162 3911 potuerat
1231 3821 1594 3908 Euripides.
1682 3823 1963 3892 Gaesura
2031 3827 2528 3911 penthemimeri
2595 3849 2794 3914 aeque
2864 3845 3045 3914 saepe

659 3935 938 3996 utuntur
981 3931 1212 4015 tragici
1255 3949 1476 3994 omnes
1522 3934 1614 4010 (et
1663 3933 1896 3996 merito
1941 3933 2161 4018 itaque
2207 3933 2625 4000 Leeuwenius
2671 3937 2928 4000 monuit
2972 3931 3042 3999 ad

659 4036 819 4103 Ran.
888 4034 1060 4101 1203
1120 4057 1243 4101 non
1304 4057 1605 4102 numeros
1666 4036 2047 4123 Euripideos
2110 4039 2217 4104 sed
2274 4040 2619 4106 dictionem
2666 4043 3043 4122 μικροπρεπῆ

660 4144 836 4227 carpi
895 4141 974 4206 ab
1036 4140 1405 4228 Aeschylo).
1475 4141 1600 4208 Sed
1662 4144 2176 4230 quandoquidem
2240 4152 2487 4212 constat
2545 4153 2767 4233 poetas
2831 4165 3043 4213 omnes

659 4250 772 4335 qui
817 4245 1026 4312 multa
1072 4251 1137 4311 et
1181 4251 1483 4314 continuo
1529 4250 1843 4328 scribant,
1892 4253 1959 4316 in
2006 4251 2294 4317 eiusdem
2341 4255 2596 4340 generis
2639 4254 2935 4320 versibus
2972 4250 3044 4319 ad

655 4358 860 4421 certas
907 4352 1215 4440 quasdam
1263 4376 1518 4422 normas
1565 4377 1751 4444 saepe
1802 4360 2039 4424 inscios
2086 4379 2441 4439 recurrere,
2490 4358 2683 4447 idque
2729 4381 2801 4426 eo
2840 4362 3041 4448 magis

657 4482 785 4548 quo
849 4459 1243 4548 simpliciora
1304 4483 1376 4528 ac
1436 4462 1805 4550 vulgatiora
1850 4468 1932 4531 iis
1978 4467 2110 4531 sint
2154 4469 2575 4547 enuntianda,
2625 4467 2831 4534 redire
2878 4465 3039 4560 apud
