3246 5085
1268 353 1582 404 Donamus.
2491 337 2625 404 225

325 519 466 585 Hoc
531 521 622 585 sic
690 521 874 586 auxit
939 518 1094 586 Ed.:
1159 519 1254 602 (2)
1317 519 1403 586 Et
1464 519 1805 586 honorifice
1870 524 2060 606 atque
2118 525 2195 586 ut
2241 521 2450 587 sobria
2496 543 2623 586 non

228 626 401 691 dixit
466 625 964 704 „temulentior”
1037 634 1245 706 <aut>
1298 626 1683 705 „lascivior”
1738 626 1894 705 <sed
1945 626 2369 706 ,‚hilarior''>.
2509 627 2625 692 Ille

229 755 362 798 non
421 731 744 802 intellexit
807 731 1176 822 „hilariori”
1240 735 1371 797 iam
1441 730 1772 798 Chremeti
1818 735 2051 819 opponi
2099 733 2386 819 rigidum
2431 733 2624 798 illum

231 845 301 906 et
349 861 678 909 morosum
724 842 794 904 in
841 839 936 904 111
986 840 1046 904 3.

326 945 492 1012 Ibid.
541 945 584 1011 8
654 947 756 1011 An
802 944 964 1011 abiit
1008 947 1139 1010 iam
1189 965 1226 1010 a
1272 942 1525 1012 milite?
1596 937 1731 1012 Oh.
1779 945 2206 1025 Iamdudum,
2255 951 2533 1012 aetatem

329 1051 531 1118 Don.:
595 1053 690 1134 (1)
761 1051 924 1132 Quia
994 1051 1459 1129 „iamdudum”
1533 1052 1820 1117 infinitae
1895 1073 2109 1118 morae
2180 1059 2311 1132 est,
2384 1052 2631 1119 addidit

243 1158 630 1236 „aetatem”,
671 1195 758 1206 —-
796 1162 873 1222 ut
911 1157 1271 1223 ostenderet
1310 1156 1591 1222 multum
1636 1159 1870 1224 abiisse
1905 1161 2243 1245 temporie,
2287 1163 2361 1223 ut
2383 1159 2628 1224 factum

236 1269 360 1331 est.
427 1301 513 1312 —-
575 1263 672 1343 (2)
733 1285 849 1349 pro
909 1262 1264 1350 longinquo
1324 1268 1651 1350 tempore,
1718 1270 1794 1328 ut
1854 1263 2143 1329 Lucilius
2208 1273 2326 1342 „ut
2387 1263 2629 1329 multos

237 1391 618 1456 mensesque
681 1370 975 1458 diesque,
1047 1392 1174 1436 non
1245 1377 1462 1436 tamen
1523 1370 1864 1436 aetatem'’.
2002 1370 2285 1436 Restitui
2348 1374 2622 1437 nitorem

235 1479 436 1543 unius
479 1475 705 1542 scholii
754 1479 1020 1563 genuini
1067 1475 1318 1542 sublato
1363 1477 1747 1542 emblemate
1786 1476 2089 1542 Editor-is.
2206 1476 2389 1556 Quod
2430 1480 2632 1563 sequi-

237 1590 384 1649 tur:
449 1582 544 1664 (3)
607 1584 990 1661 „Aetatem”
1055 1583 1164 1648 diu
1229 1583 1554 1671 longoque
1613 1590 1679 1648 et
1725 1582 1976 1668 prolixo
2039 1588 2362 1668 tempore,
2413 1589 2487 1648 ut
2534 1588 2631 1648 est

237 1695 450 1769 aetas,
521 1693 686 1755 sitne
755 1691 877 1756 hoc
947 1690 1228 1756 Editoris
1298 1713 1378 1756 an
1439 1689 1607 1756 alius
1670 1692 1969 1776 magistri
2026 1692 2271 1766 nescio,
2338 1689 2446 1756 sed
2512 1691 2630 1756 hoc

235 1795 664 1862 verisimilius
719 1803 835 1862 est.
899 1796 1433 1861 Additamentum
1496 1803 1716 1861 autem
1778 1796 1931 1861 huic
1978 1795 2221 1861 scholio
2283 1796 2546 1860 affixum
2595 1817 2632 1860 a

240 1902 578 1968 Wessnero
616 1905 746 1968 iam
785 1902 1164 1968 damnatum
1205 1914 1335 1968 est:
1389 1902 1599 1979 „Nam
1640 1905 1731 1967 sic
1772 1902 2047 1967 dicimus
2095 1902 2171 1966 de
2218 1901 2320 1967 die
2366 1909 2433 1967 et
2478 1902 2635 1967 die-

239 1998 545 2087 culam,
590 2007 1056 2095 aliquantulam
1097 2007 1416 2073 moram’'.
1465 2006 1824 2073 Oriundum
1873 2007 1991 2072 hoc
2037 2029 2072 2073 e
2114 2007 2271 2073 Don.
2315 2008 2394 2072 ad
2435 2008 2630 2074 Andr.

243 2115 334 2182 IV
375 2115 440 2181 2.
467 2113 576 2193 27,
616 2115 725 2179 ubi
768 2115 920 2181 haec
962 2117 1084 2180 tria
1121 2113 1465 2200 leguntur:
1511 2113 1612 2194 (2)
1654 2112 2073 2191 „Dieculam”
2100 2135 2368 2180 moram.
2416 2114 2512 2195 (3)
2548 2115 2635 2179 Et

243 2227 343 2288 est
408 2221 789 2301 ὑποκόρισμα
855 2220 1214 2299 ‚,diecula'',
1276 2222 1394 2286 hoc
1441 2227 1540 2286 est
1586 2220 2065 2305 tempusculum
2114 2226 2179 2285 et
2225 2224 2508 2286 sumitur
2554 2221 2633 2286 ab

243 2352 321 2396 eo
364 2327 534 2414 quod
569 2333 667 2394 est
711 2329 910 2393 haec
956 2326 1155 2392 dies.
1193 2325 1300 2408 ·(4)
1345 2325 1697 2404 „Diecula”
1738 2347 1916 2392 mora
1955 2333 2021 2392 et
2042 2329 2223 2412 quasi
2252 2326 2387 2392 dies
2410 2347 2629 2413 parva.

334 2434 590 2500 Horum
637 2433 890 2500 medius
937 2438 1035 2499 est
1081 2431 1391 2498 Donatus.

333 2649 422 2715 IV
471 2648 534 2714 6.
563 2648 604 2713 3
665 2647 882 2733 Usque
926 2647 1082 2714 adeo
1129 2668 1250 2735 ego
1296 2646 1478 2712 illius
1522 2648 1688 2713 ferre
1733 2668 1996 2732 possum
2035 2650 2311 2734 ineptias
2338 2654 2416 2714 et
2456 2669 2635 2735 mag·-

241 2756 437 2823 nifica
481 2756 676 2823 verba

335 2866 434 2945 (1)
492 2863 636 2929 Non
693 2861 860 2928 dixit
910 2882 1154 2948 „usque
1199 2861 1354 2927 adeo
1401 2860 1590 2926 illum
1640 2882 1903 2946 possum
1950 2861 2231 2939 amare'’,
2282 2862 2391 2927 sed
2438 2882 2630 2947 quam

243 2972 534 3036 insuavis
579 2972 710 3035 iam
758 2968 870 3033 diu
918 2971 1036 3048 sit,
1085 2969 1362 3034 ostendit
1410 2968 1677 3033 dicendo
1718 2968 1923 3045 „ferre
1963 2969 2289 3053 possum''.
2374 2968 2469 3049 (2)
2512 2971 2631 3051 [et]

245 3080 380 3143 cito
440 3074 752 3153 ostendit,
815 3095 976 3159 quae
1044 3077 1129 3139 sit
1189 3077 1476 3148 amicitia
1520 3074 1786 3140 militis:
1840 3075 2197 3160 „ineptias”
2260 3077 2475 3160 inquit
2524 3080 2633 3153 „et

247 3180 593 3269 magnifica
637 3179 896 3247 verba”.

339 3289 664 3355 Neutrum
709 3289 934 3372 magni
978 3290 1202 3372 pretii,
1251 3286 1359 3353 sed
1403 3286 1568 3353 illud
1607 3287 1921 3353 scribendi
1958 3308 2165 3373 genus
2204 3288 2399 3353 refert
2436 3289 2634 3355 Inter-

246 3394 552 3483 polatoris
613 3393 853 3476 (‚‚non''
884 3430 968 3443 —-
998 3394 1240 3475 „sed'’)‚
1305 3396 1416 3480 qui
1460 3396 1528 3459 in
1578 3415 1653 3460 eo
1701 3415 1952 3480 quoque
2000 3397 2291 3480 peccavit
2338 3396 2504 3481 quod
2557 3396 2633 3462 de

247 3500 592 3567 amando
651 3498 864 3565 milite
924 3498 1116 3566 Thais
1180 3521 1536 3587 numquam
1599 3503 1935 3587 cogitavit.
2030 3500 2103 3565 In
2150 3500 2246 3581 (2)
2296 3500 2506 3578 „cito”
2554 3528 2633 3554 =

245 3608 550 3677 breviter.

337 3714 499 3781 Ibid.
550 3712 591 3777 4
659 3712 856 3778 'Phaia
903 3715 995 3779 sic
1042 3714 1292 3799 pergit:

385 3820 592 3904 Verba
624 3820 782 3885 dum·
806 3822 936 3884 sint
951 3840 967 3899 ;
1006 3840 1231 3886 verum
1256 3822 1428 3885 enim
1453 3822 1507 3885 si
1531 3820 1609 3885 ad
1635 3841 1772 3885 rem
1800 3818 2222 3898 conferentur,
2250 3818 2585 3905 vapulabit

339 3927 435 4008 (2)
482 3926 552 3992 Si
598 3926 956 3991 discesserit
1000 3946 1038 3991 a
1082 3928 1294 3991 verbis
1340 3934 1408 3991 et
1450 3947 1588 3992 rem
1628 3928 1904 4012 experiri
1943 3923 2138 4005 volet,
2177 3925 2527 4012 vapulabit.

246 4035 345 4117 (3)
405 4032 492 4098 Et
550 4034 710 4099 bona
768 4032 1048 4111 locutio,
1109 4026 1202 4097 ut'
1243 4035 1296 4097 si
1358 4032 1561 4098 dicas:
1613 4034 1807 4099 verba
1854 4032 1933 4097 ad
1979 4054 2117 4097 rem
2162 4033 2466 4122 contulit,
2515 4036 2634 4100 hoc

245 4146 378 4208 est:
429 4160 619 4225 agere
663 4138 831 4225 quod
878 4138 1126 4204 dicebat
1173 4159 1466 4225 agressus
1506 4144 1622 4205 est.
1740 4139 1944 4204 Sensu
1990 4160 2381 4225 synonyma,
2420 4142 2635 4205 verbis

246 4249 518 4314 diversa.
566 4246 706 4312 Hoc
752 4244 1082 4310 Editorem
1133 4246 1539 4331 adscripsisse
1585 4251 1763 4331 puto.

335 4350 498 4419 Ibid.
545 4351 626 4417 13
697 4350 905 4430 Cave,
953 4374 1032 4417 ne
1077 4355 1454 4439 priusquam
1502 4354 1663 4418 hanc
1711 4373 1747 4418 a
1791 4372 1895 4417 me
1940 4354 2232 4439 accipias,
2280 4355 2543 4420 amittas

243 4460 446 4528 Don.:
512 4461 609 4540 (l)
668 4458 811 4524 Hoc
870 4460 938 4524 in
999 4460 1326 4525 comoedia
1383 4459 1536 4526 licet
1598 4480 1777 4525 more
1823 4456 2011 4545 vulgi
2059 4458 2267 4525 dicere
2280 4480 2297 4537 ;
2346 4466 2631 4528 ceterum

2275 4580 2339 4627 15
