3246 5085
1218 363 1532 414 noturus.
2482 349 2571 415 35

285 532 382 612 (2)
443 530 686 597 Deinde
746 553 875 596 non
933 529 1194 615 petisti’'
1262 528 1414 608 „sed
1478 528 1808 612 „dixisti”,
1868 551 1983 595 nec
2048 530 2259 608 „velle
2315 533 2421 597 te’'
2470 532 2580 597 sed

199 638 540 723 „cupere’',
585 658 711 702 non
761 635 1101 722 „nigram”
1150 635 1260 700 sed
1311 657 1430 712 „ex
1478 634 1735 711 Aeth.”,
1784 655 1899 700 1166
1940 635 2171 713 „dedi”
2214 636 2324 702 sed
2362 635 2583 716 „relic-

193 746 280 808 tis
343 744 534 808 rebus
595 743 893 808 omnibus
955 741 1322 827 quaesivi'':
1388 740 1544 825 quid
1607 741 1714 805 hic
1777 761 1903 805 non
1950 744 2343 826 exquisitum
2363 791 2378 820 ,
2428 742 2581 828 quid

194 870 324 914 non
369 851 464 913 ita
508 868 916 933 expressum,
969 853 1046 910 ut
1087 845 1252 910 nihil
1299 845 1444 910 addi
1491 843 1741 930 possit?

290 951 387 1033 (3)
437 953 716 1031 „Porro”
765 951 992 1016 deinde
1040 950 1144 1016 vel
1188 957 1406 1036 postea
1454 950 1559 1016 vel
1603 950 1817 1016 multo
1862 957 2026 1036 post.

295 1056 392 1139 (4)
441 1057 828 1136 „Eunuchos
873 1079 910 1122 a
954 1057 1170 1120 Persis
1215 1059 1548 1121 institutos
1594 1055 1894 1141 putant'’,
1942 1061 2093 1121 cett.

294 1163 393 1244 (5)
457 1163 616 1228 Vide
679 1161 1260 1248 quemadmodum,
1341 1166 1417 1226 ut
1477 1163 1687 1226 maius
1749 1162 1941 1226 faciat
2001 1159 2167 1247 quod
2225 1163 2582 1246 praestitit,

201 1289 328 1334 non
389 1266 590 1333 semel
651 1271 934 1353 imputat
997 1266 1122 1332 duo
1172 1268 1525 1350 mancipia,
1573 1265 1679 1331 sed
1731 1269 1942 1352 primo
1993 1265 2271 1350 puellam
2293 1315 2308 1344 ,
2359 1267 2585 1332 deinde

201 1373 606 1440 eunuchum:
647 1372 868 1450 illam,
909 1374 1060 1456 quia
1102 1393 1224 1450 „ex
1264 1371 1520 1448 Aeth.'’,
1561 1372 1761 1449 hunc,
1804 1373 1955 1456 quia
1995 1371 2205 1450 „solae
2244 1379 2339 1437 ut.
2382 1373 2445 1436 h.
2486 1373 2581 1437 r.'’

201 1479 370 1562 Quid
416 1478 544 1544 tale
589 1477 818 1544 Thaidi
861 1477 1083 1544 rivalis
1129 1475 1344 1543 dedit?

296 1585 393 1665 (6)
443 1587 754 1663 Εὐνοῦχος
803 1583 1032 1662 εἴρηται
1085 1590 1236 1649 cett.

295 1688 383 1754 88
408 1690 506 1770 (1)
555 1689 923 1775 „Reginae”
972 1688 1242 1766 divitem
1292 1688 1400 1754 sed
1450 1689 1946 1767 ἔμφατικῶτερον
1995 1695 2112 1758 ost.

294 1793 391 1876 (2)
439 1794 625 1860 Varie
677 1793 1132 1873 „eunuchum”
1181 1794 1348 1859 dixit
1393 1800 1455 1858 et
1503 1792 1733 1859 intulit
1782 1794 1993 1872 ,‚his'’,
2040 1798 2117 1859 ut
2162 1794 2348 1880 (prol.
2385 1793 2587 1873 1—3)

212 1902 312 1978 „si
370 1902 709 1985 quisquam
771 1907 902 1978 est,
967 1903 1080 1985 qui
1147 1949 1160 1964 .
1190 1949 1204 1966 .
1235 1947 1273 1978 .,
1333 1902 1401 1964 in
1449 1900 1551 1964 his
1597 1905 1784 1985 poeta
1830 1899 1933 1964 hic
1979 1921 2208 1964 nomen
2256 1898 2592 1986 profitetur

211 2003 472 2069 suum'’.

300 2109 398 2190 (3)
446 2109 806 2196 „Repperi”
854 2110 1000 2196 plus
1045 2117 1143 2175 est
1189 2131 1384 2195 quam
1435 2110 1671 2188 „emi'’.

303 2216 400 2295 (4)
447 2215 534 2280 Et
570 2216 718 2280 vide
758 2235 951 2300 quam
995 2218 1270 2302 propriis
1309 2221 1375 2280 et
1412 2214 1837 2301 amplissimis
1859 2216 2071 2281 verbis
2094 2237 2249 2281 usus
2274 2221 2404 2293 est,
2442 2219 2594 2301 quia

209 2329 275 2388 et
320 2321 623 2387 ancillam
673 2343 793 2399 „ex
841 2321 1095 2400 Aeth.’',
1145 2328 1211 2386 et
1256 2324 1625 2387 eunuchum
1670 2325 1915 2406 <‚‚quia
1958 2343 2009 2387 s.
2060 2327 2154 2387 ut.
2193 2323 2294 2387 his
2334 2321 2588 2408 reg.’'>;

207 2426 393 2494 illam
443 2427 842 2512 „quaesivi'',
891 2428 1062 2492 hunc
1111 2429 1470 2514 „repperi''.
1728 2413 1735 2419 ⁹

299 2532 396 2614 (5)
443 2532 618 2619 Ergo
665 2532 1016 2618 vigilanter
1059 2531 1360 2599 ancillam
1411 2533 1809 2619 „quaesivi”‚
1858 2533 2030 2601 1111116
2074 2535 2403 2621 repperi’':
2444 2556 2595 2601 neu-

209 2645 388 2704 trum
434 2641 610 2703 enim
655 2640 886 2704 horum
933 2638 1118 2704 facile
1164 2642 1450 2724 positum
1495 2646 1652 2704 erat.

299 2743 399 2823 (6)
458 2744 628 2809 Nota
685 2764 834 2808 cum
899 2744 1351 2821 „eunuchum”
1415 2743 1731 2829 singulari
1792 2764 2061 2810 numero
2122 2748 2594 2831 praeposuerit,

216 2847 404 2926 „his”
451 2849 878 2914 subiunxisse.

306 2950 402 3033 (7)
449 2952 574 3018 Sed
623 2953 808 3031 „his”
856 2974 978 3019 non
1026 2953 1104 3018 ad
1151 2953 1519 3019 eunuchum
1567 2953 1856 3031 rettulit,
1907 2955 2136 3023 sedad
2185 2954 2442 3021 delicias
2482 2962 2596 3021 aut

216 3058 372 3143 quid
431 3057 596 3125 tale:
672 3061 825 3144 quia
881 3057 1051 3123 solae
1113 3064 1388 3123 utuntur
1447 3058 1821 3124 huiusmodi
1885 3059 2131 3125 deliciis
2192 3062 2596 3146 servitiisque
2690 3136 2695 3139 ,

217 3184 496 3250 regmae.

307 3268 404 3348 (8)
462 3268 550 3333 Et
609 3272 880 3333 oratorie
942 3267 1047 3333 hic
1103 3268 1391 3333 subdidit
1451 3268 1620 3354 quod
1665 3270 1733 3333 in
1779 3268 2084 3336 ancillula
2130 3273 2595 3356 praetermisit,

219 3376 370 3458 quia
415 3372 595 3439 nulla
639 3374 1047 3459 Aethiopissa
1095 3376 1358 3439 honesta
1402 3373 1528 3440 dici
1572 3375 1806 3460 potuit.

307 3478 405 3560 (9)
449 3478 537 3543 Et
587 3478 929 3565 „reginae”
979 3478 1170 3545 modo
1219 3480 1454 3545 divites
1500 3480 1677 3545 dicit.
1728 3478 1803 3543 In
1852 3480 2112 3545 Phorm.
2152 3479 2209 3561 (1
2250 3480 2312 3546 2.
2337 3480 2453 3563 20)
2497 3503 2595 3560 „o,

218 3605 437 3671 regem
481 3604 586 3649 me
633 3605 767 3649 esse
813 3586 1098 3669 oportuit
1118 3581 1178 3648 1⁹²

310 3687 653 3755 Continent
714 3690 868 3754 haec
928 3689 1168 3754 scholia
1230 3691 1692 3774 cuiuscumque
1752 3691 1903 3756 vitii
1964 3710 2035 3755 ac
2096 3692 2359 3756 virtutis
2406 3694 2600 3777 speci-

220 3796 422 3870 mina,
445 3784 450 3789 ⁸
472 3815 747 3879 quorum
794 3796 962 3859 mira
1006 3796 1352 3879 permixtio
1397 3796 1747 3860 commenti
1789 3796 2207 3880 interpretem
2254 3795 2330 3860 ad
2371 3798 2598 3861 incitas

219 3900 546 3985 redigunt.

310 4005 552 4070 Statim
617 4025 851 4089 sepono
920 4024 1081 4089 quae
1149 4006 1314 4069 mihi
1383 4026 1534 4070 cum
1591 4004 1976 4070 Sabbadjnio
2036 4010 2151 4070 aut
2210 4004 2602 4071 concedenda

226 4108 472 4181 Donato
518 4110 897 4204 videantur:
949 4108 1034 4175 85
1061 4109 1178 4189 (1),
1226 4108 1335 4187 86,
1383 4106 1471 4175 87
1495 4110 1594 4189 (1)
1643 4108 1741 4189 (4)
1786 4110 1907 4189 (6),
1957 4108 2045 4175 88
2068 4109 2187 4189 (2),
2234 4118 2349 4175 aut
2394 4109 2599 4175 detra-

219 4215 458 4281 henda:
509 4212 596 4281 87
622 4215 720 4296 (2)
767 4214 884 4295 (5),
936 4214 1022 4279 88
1048 4214 1143 4295 (4)
1190 4214 1288 4296 (5)
1336 4213 1432 4296 (6)
1480 4212 1576 4293 (7)
1625 4214 1743 4295 (8).

314 4318 616 4386 Genuina
675 4319 792 4385 illa
849 4326 1054 4385 semet
1114 4322 1254 4405 ipsa
1313 4320 1681 4386 defendunt.
1729 4319 1823 4385 De
1870 4323 2094 4385 ceteris
2139 4320 2294 4387 haec
2340 4320 2601 4387 dicenda

223 4430 408 4489 sunt:
