3246 5085
1099 321 1358 392 maces
1401 343 1782 393 auron-mus.
2554 327 2643 393 65

252 509 428 574 infra
473 511 538 572 in
589 507 869 594 singulis
932 505 1557 574 Commentariorum
1619 506 1780 572 locis
1842 507 2187 573 tractandis
2245 508 2613 574 notabimus
2630 555 2646 585 ,

253 613 460 693 unde,
516 616 641 679 nisi
689 616 905 680 omnia
953 635 1056 678 me
1102 612 1369 689 fallunt,
1419 612 1584 678 clare
1633 612 1909 678 elucebit
1954 613 2238 678 codicem
2287 613 2343 676 A
2389 615 2647 677 omnino

255 720 531 806 dignum
593 741 762 797 esse,
825 720 904 784 ad
968 741 1161 805 quem
1225 720 1529 784 Antonini
1578 725 1915 784 contextus
1962 718 2303 804 diligenter
2351 702 2650 804 exigatur

254 831 322 890 et
389 825 465 891 de
513 829 768 912 integro
814 831 1236 902 recenseatur,
1286 845 1412 910 qua
1457 827 1523 888 in
1569 845 1636 888 re
1683 823 1970 889 Stichius
2017 845 2143 888 non
2190 826 2407 889 omnia
2451 823 2653 888 absol-

253 932 428 997 visse
487 931 745 996 videtur
776 930 845 1010 ¹).
908 931 1145 996 Omnes
1205 935 1424 996 autem
1489 935 1809 1015 quotquot
1854 932 2091 1014 reperti
2136 935 2289 995 sunt
2345 930 2652 994 Antonini

261 1035 506 1101 codices
553 1056 591 1100 a
637 1038 968 1100 communi
1012 1036 1290 1121 quodam
1338 1034 1512 1100 fonte
1559 1055 1759 1119 eoque
1801 1055 1931 1099 non
1979 1037 2321 1121 purissimo
2368 1033 2650 1100 derivan-

263 1141 378 1208 dos
440 1163 578 1207 esse
597 1190 613 1220 ,
680 1140 865 1206 facile
913 1143 1315 1226 perspicitur.
1363 1139 1546 1220 Quod
1592 1138 1696 1206 vel
1740 1138 2007 1205 lacunae
2053 1143 2120 1204 in
2166 1141 2463 1205 omnibus
2508 1161 2653 1225 apo-

260 1247 528 1334 graphis
588 1251 988 1312 occurrentes
1047 1245 1131 1310 II.
1187 1245 1288 1323 12,
1339 1244 1413 1310 V.
1464 1243 1572 1321 36,
1620 1244 1759 1310 VII.
1815 1243 1918 1324 16,
1970 1243 2139 1310 VIII.
2191 1244 2298 1328 38,
2347 1248 2653 1310 evincunt

255 1373 500 1418 necnon
561 1356 659 1416 tot
721 1350 846 1417 loci
908 1351 1222 1437 desperati
1285 1350 1433 1414 inde
1495 1350 1572 1414 ab
1636 1349 1685 1415 I.
1740 1347 1823 1414 16
1888 1352 1921 1424 ἢ
1985 1350 2113 1413 ἀπὸ
2179 1351 2409 1430 ΛωρΙου
2456 1348 2645 1423 orda»,

255 1458 585 1534 ἀνάγουσαι
647 1457 824 1522 κ.τ.ἑ.
874 1455 980 1522 vel
1029 1454 1114 1521 17
1163 1455 1267 1520 καὶ
1318 1455 1533 1519 τούτου
1581 1457 1640 1517 ἐν
1694 1457 1931 1535 Καιήτῃ
1980 1453 2175 1532 ὥσπερ
2229 1455 2429 1533 χρήσῃ
2482 1453 2649 1520 clare

257 1563 699 1628 demonstrant
726 1560 797 1642 ²).
848 1561 1022 1642 Quae
1070 1583 1169 1626 res
1217 1565 1430 1645 aperte
1478 1566 1728 1637 monet,
1776 1581 1855 1625 ne
1902 1563 2095 1625 citius
2145 1560 2483 1646 vulgatam
2532 1561 2649 1625 lec·

255 1669 502 1733 tionem
565 1667 908 1753 probemus
970 1687 1134 1733 neve
1197 1667 1414 1731 omnia
1459 1685 1610 1730 sana
1657 1685 1793 1730 esse
1840 1668 2321 1742 existimemus,
2371 1668 2647 1751 quoties-

256 1793 508 1858 cunque
546 1773 793 1839 codices
834 1775 1218 1856 conspirent.
1259 1771 1469 1836 Immo
1500 1770 2007 1847 emendationes,
2051 1771 2271 1856 quales
2293 1777 2445 1837 sunt
2467 1792 2520 1836 e.
2546 1792 2647 1858 gr.

259 1875 572 1943 Gatakeri
611 1877 726 1942 XI.
768 1877 855 1943 26
897 1899 1012 1962 pro
1055 1879 1360 1954 Ἐφεσίων
1400 1878 1629 1941 invitis
1670 1877 1975 1941 omnibus
2007 1876 2184 1942 codd.
2225 1879 2647 1952 Ἐπικουρείων

261 1984 634 2062 scribentis,
704 1983 907 2049 Loftii
966 1983 1048 2047 X.
1116 1981 1197 2046 13
1260 2003 1376 2067 pro
1438 1981 1695 2059 γένηται
1758 1982 2038 2060 datm-tac
2102 1984 2517 2069 corrigentis,
2582 1990 2649 2047 et

261 2091 708 2174 sagacissimae
771 2093 831 2153 et
897 2090 1180 2153 maxime
1240 2090 1625 2153 necessariae
1686 2094 1903 2172 aperte
1965 2087 2191 2153 docent
2234 2091 2303 2152 in
2350 2089 2489 2173 ipsa
2531 2085 2648 2151 illa

261 2197 546 2279 speciosa
605 2201 670 2259 et
728 2192 942 2259 fallaci
1001 2193 1291 2259 codicum
1343 2193 1677 2258 concordia
1722 2213 1916 2278 quam
1962 2195 2243 2258 maxime
2291 2192 2645 2259 cavendum

327 2482 382 2545 1)
403 2483 561 2547 -Seepe
595 2495 795 2530 numero
829 2480 1017 2540 accidit,
1053 2483 1108 2530 ut
1140 2481 1241 2530 cod.
1272 2483 1315 2529 A
1349 2479 1565 2530 virorum
1599 2467 1851 2530 doctorum
1879 2479 2231 2530 emendationes
2258 2481 2638 2547 comprobaverit

253 2567 304 2613 et
338 2564 624 2613 auctoritate
656 2580 740 2612 ena
774 2563 1143 2612 confirmaverit.
1191 2563 1338 2612 Cuius
1369 2565 1555 2626 generis
1584 2564 1818 2627 plurimos
1848 2564 1974 2612 locos
2001 2565 2126 2629 apud
2156 2565 2450 2614 Getakerum
2482 2565 2644 2613 videre

255 2648 354 2703 eet3
390 2644 525 2694 Stich
563 2647 667 2709 poet
700 2644 910 2693 codicem
945 2648 1189 2708 repertum
1223 2645 1540 2693 correctiones
1572 2659 1887 2709 supervacuae
1914 2660 2180 2693 memorare
2212 2646 2385 2694 merito
2414 2646 2636 2708 neglexit.

253 2728 496 2791 Super-eet,
548 2730 602 2775 ut
647 2726 792 2775 etiam
840 2726 954 2774 illae
998 2725 1302 2774 coniecturae
1346 2725 1397 2774 in
1441 2730 1675 2791 apparatu
1718 2724 1885 2773 critico
1931 2730 2223 2788 premantur,
2271 2741 2388 2789 quae
2430 2725 2523 2774 viri
2566 2742 2642 2774 eu-

251 2808 458 2873 periorie
489 2807 660 2856 aetatis
691 2823 719 2856 a
753 2809 890 2857 textu
924 2810 1116 2870 recepto
1149 2806 1352 2871 profecti
1386 2806 1629 2870 ingeniose
1662 2821 1773 2855 eene
1804 2806 2211 2868 excogitaverunt,
2244 2806 2450 2871 cognitis
2482 2814 2643 2855 tamen

257 2890 360 2937 cod.
397 2892 438 2937 Δ
478 2888 760 2937 lectionibus
793 2887 868 2936 vel
902 2887 994 2951 ipsi
1030 2891 1311 2936 retractatae
1346 2888 1537 2936 vellent.
1573 2888 1653 2935 Sic
1690 2888 1773 2936 VI.
1812 2889 1875 2935 50
1909 2888 2025 2936 olim
2064 2887 2331 2949 legebatur:
2366 2892 2511 2947 πειρῶ
2548 2886 2640 2949 μὶν

257 2968 439 3018 πείθειν
489 2966 690 3025 αὐτοὺς,
738 2971 936 3027 πρᾶττε
988 2966 1042 3016 3³
1091 2966 1177 3015 καὶ
1221 2971 1319 3015 τῶν
1363 2966 1600 3024 ἀκόντων,
1645 2970 1769 3017 unde
1806 2968 2056 3031 Meuagiue
2091 2967 2173 3016 καὶ
2212 2966 2377 3015 αὐτῶν
2420 2967 2498 3023 &3
2544 2968 2643 3018 iem

257 3052 361 3100 cod.
407 3052 451 3098 A
503 3053 699 3110 πρᾶττε
741 3046 797 3097 δὶ
831 3048 917 3097 καὶ
949 3048 1184 3106 ἀκόντων,
1215 3049 1408 3098 fortiter
1441 3053 1490 3098 et
1522 3050 1783 3114 eleganter,
1816 3050 1887 3099 ita
1922 3053 1975 3099 ut
2009 3054 2057 3099 et
2090 3050 2390 3100 coniecturae
2426 3049 2641 3113 Menagii

259 3132 624 3182 fundamentum
673 3130 984 3181 eubtrahatur
1037 3135 1086 3179 et
1137 3131 1291 3179 omnis
1341 3131 1622 3181 emendandi
1672 3132 1923 3180 necessitas
1971 3135 2231 3181 evanescat.
2278 3132 2453 3181 Eodem
2487 3132 2645 3195 capite

255 3214 384 3263 idem
435 3202 608 3261 accidit
659 3212 870 3271 Reiekio,
917 3213 1000 3276 qui
1050 3228 1139 3277 pro
1179 3213 1382 3277 'vulgato
1429 3211 1602 3276 ὀρέγειν
1653 3214 1810 3262 voluit
1860 3210 2022 3277 ὀρέγῃ,
2057 3221 2107 3261 at
2141 3215 2179 3261 A
2218 3210 2403 3275 ὦρίγου
2438 3212 2629 3263 exhibet

254 3295 386 3359 quod
421 3294 559 3343 unice
591 3298 756 3359 aptum
791 3296 878 3343 eet.
1089 3300 1094 3307 ‘

323 3378 380 3441 2)
427 3376 518 3424 Vir
561 3374 853 3424 clarissimus
896 3375 1104 3425 Schenkl
1147 3375 1200 3425 in
1235 3376 1506 3425 recensione
1539 3377 1612 3425 ed.
1648 3375 1919 3425 Stichianae
1953 3374 2101 3437 (Berl.
2138 3374 2269 3423 Phil.
2304 3376 2641 3426 Wochenechr.

255 3458 323 3507 26
374 3459 498 3520 Aug.
552 3457 700 3519 1205)
750 3456 1066 3520 suspicionem
1117 3457 1370 3507 ventilavit
1419 3458 1627 3507 codicem
1678 3458 1989 3521 archetypum
2036 3460 2233 3506 externa
2265 3458 2469 3520 quadam
2502 3472 2644 3507 une·

255 3537 535 3588 mutilatum
581 3537 752 3596 fuisse,
801 3538 922 3585 unde
965 3538 1146 3587 tectum
1190 3539 1281 3597 eit,
1331 3544 1383 3588 ut
1427 3543 1558 3588 certo
1606 3538 1879 3597 intervallo,
1926 3554 1990 3587 sc.
2036 3553 2258 3587 versuum
2304 3538 2498 3587 circiter
2542 3539 2641 3599 Lx,

255 3635 424 3684 greve·
474 3623 524 3668 et
571 3618 854 3668 insanabiles
904 3620 1204 3683 corruptelae
1255 3624 1533 3671 occurrant:
1591 3620 1910 3669 ‚vermutlich
1956 3619 2021 3667 ist
2053 3634 2113 3668 en
2149 3618 2301 3668 dieser
2338 3620 2643 3684 Entstellnng

254 3702 362 3751 eine
409 3700 700 3750 fiuezerliche
748 3700 1110 3765 Besohtdigung
1155 3701 1346 3760 schuld;
1397 3702 1521 3750 deun
1566 3701 1790 3751 fihnliche
1824 3700 2001 3759 starke,
2038 3700 2179 3749 meist
2214 3700 2489 3749 unheilbare
2525 3701 2641 3750 Ver-

253 3783 496 3833 derbnieee
529 3782 846 3832 wiederholen
879 3782 978 3831 sich
1006 3783 1058 3831 in
1089 3782 1454 3846 regelmfiezigen
1487 3783 1925 3832 zwiechenrfiumen
1955 3797 2048 3831 von
2078 3784 2221 3831 etwae
2250 3782 2367 3831 iiber
2397 3783 2461 3830 60
2478 3782 2642 3832 Zeilen

253 3865 370 3913 oder
405 3863 682 3913 Vielfachen
717 3864 872 3912 dieser
906 3863 1053 3922 zahl,
1089 3878 1198 3913 vom
1224 3864 1414 3928 Antaug
1447 3865 1522 3915 bie
1559 3866 1604 3911 8.
1626 3866 1690 3914 28
1717 3885 1766 3906 =
1794 3864 1858 3913 62
1894 3864 2081 3923 Zeilen;
2114 3864 2186 3912 bie
2216 3866 2261 3912 8.
2280 3863 2343 3913 28
2371 3885 2419 3905 =
2448 3864 2543 3915 122
2561 3866 2640 3923 Z.;

257 3945 329 3994 bie
375 3946 455 3995 11.
479 3944 539 3998 17
565 3966 614 3987 =
641 3947 706 3993 64
741 3946 819 4002 Ζ.;
866 3944 939 3993 bie
983 3946 1061 3993 14.
1083 3946 1144 3995 15
1171 3966 1220 3987 --
1246 3946 1309 3995 65
1346 3946 1421 4004 Ζ.;
1483 3944 1556 3994 bie
1605 3946 1686 3997 17.
1708 3946 1738 3993 fi
1763 3966 1812 3987 =
1840 3946 1903 3994 62
1937 3946 2017 4003 Z.;
2062 3944 2135 3993 bie
2169 3944 2249 3993 24.
2268 3946 2332 3994 22
2359 3966 2407 3986 ι-
2435 3946 2530 3993 188
2563 3946 2639 4004 Ζ.;

251 4026 325 4076 bis
362 4027 440 4075 80.
462 4028 492 4076 3
517 4048 566 4068 =
597 4026 690 4075 180
723 4027 774 4075 Z.
813 4024 995 4075 Weiter
1029 4026 1147 4075 habe
1179 4026 1258 4075 ich
1295 4027 1370 4076 die
1403 4028 1553 4076 Sache
1587 4026 1722 4075 nicht
1757 4026 2015 4089 verfolgt.”
2058 4026 2289 4076 Prudenti
2328 4026 2528 4075 coneilio
2562 4028 2641 4076 hic

253 4106 470 4157 substitit
503 4106 580 4155 vir
612 4106 930 4165 clarissimum
965 4122 1118 4170 neque
1151 4108 1277 4157 enim
1312 4108 1352 4156 ei
1388 4108 1554 4157 eodem
1588 4108 1728 4156 modo
1761 4107 1922 4171 pergis
1956 4107 2254 4171 perlustrane
2290 4106 2416 4155 loco·
2451 4106 2639 4165 82.18;

259 4190 340 4238 85.
364 4188 420 4246 7ς
460 4188 650 4247 37.21;
685 4189 766 4237 40.
788 4188 875 4246 11;
909 4189 994 4237 42.
1011 4189 1074 4237 28
1087 4209 1101 4247 ;
1134 4190 1327 4248 45.10;
1361 4192 1522 4249 48.4;
1562 4194 1640 4239 50.
1663 4188 1723 4239 17
1758 4204 1924 4252 graves
1953 4189 2065 4237 illae
2096 4188 2395 4253 corruptelae
2411 4192 2643 4253 apparent

251 4273 302 4318 et
333 4269 386 4318 in
419 4269 537 4333 ipsis
568 4268 696 4327 illis,
728 4284 846 4333 quos
877 4268 1062 4327 attulit,
1097 4269 1213 4318 locis
1245 4271 1338 4319 duo
1367 4271 1536 4320 ealtem
1567 4270 1833 4335 excipiendi
1864 4270 2089 4319 videntur
2117 4285 2179 4318 sc.
2212 4271 2289 4318 14.
2313 4271 2373 4319 15
2393 4274 2441 4319 et
2460 4270 2537 4318 24.
2560 4272 2639 4329 22,

258 4365 462 4414 quorum
509 4350 718 4415 priorem
765 4349 1009 4398 lenissima
1043 4351 1225 4399 medela
1261 4352 1440 4401 dudum
1473 4352 1661 4399 sanavit
1700 4351 1899 4399 Boetius
1934 4349 2326 4414 heplographiam
2362 4351 2642 4415 euepicatue,

257 4430 382 4479 alter
413 4431 610 4479 omnino
641 4431 828 4494 integer
861 4446 962 4479 ecee
995 4432 1198 4507 videtur.
