3246 5085
1293 355 1603 418 nonnus.
2514 340 2660 417 291-

353 532 409 597 A
430 531 529 613 (1)
602 530 1073 610 „Insimulare”
1144 536 1241 596 est
1308 533 1552 598 crimen
1611 534 1939 620 ingemi-03
2005 534 2097 599 sic
2157 531 2379 600 Cicero
2443 531 2654 612 „nihil

258 659 487 704 eorum
538 658 700 723 quae
747 635 923 705 Galli
969 635 1471 718 insimulabant,
1521 637 1832 725 negavit”
1882 635 2049 719 (Cat.
2099 637 2193 703 111
2247 638 2374 720 12).
2479 638 2530 703 Β
2555 639 2652 720 (l)

256 743 817 810 Insimulatio
879 749 979 810 est
1042 750 1108 809 et
1170 743 1316 810 falsi
1379 750 1444 811 et
1497 747 1629 811 veri
1679 746 1972 810 criminis
2017 748 2368 824 incusatio;
2417 747 2509 811 sic
2554 742 2656 812 Gi-

260 871 406 917 cero
456 849 625 932 (l.l.).

354 956 531 1023 Illud
568 959 929 1044 genuinum
968 961 1101 1035 est,
1138 956 1256 1022 hoc
1295 955 1611 1036 Editoris,
1656 959 1767 1044 qui
1806 961 1984 1023 amat
2015 957 2240 1036 verba,
2276 959 2653 1044 praesertim

263 1063 710 1144 substantiva,
772 1064 1058 1130 derivata
1118 1063 1199 1128 ab
1258 1084 1333 1129 eo
1384 1063 1553 1149 quod
1598 1065 1666 1130 in
1719 1068 1903 1130 textu
1950 1068 2079 1141 est,
2126 1065 2193 1128 in
2241 1085 2502 1129 censum
2550 1084 2658 1130 vo-

266 1191 430 1236 care.
571 1167 784 1257 Igitur
827 1171 897 1234 in
944 1169 1000 1234 A
1046 1173 1522 1249 commentum,
1569 1171 1637 1233 in
1685 1169 1739 1234 B
1785 1169 2119 1236 Editorem
2156 1169 2468 1236 habemus
2505 1188 2655 1235 cum

267 1276 568 1364 exemplo
614 1278 985 1343 commenti.

359 1383 523 1450 Ibid.
575 1382 658 1449 13
730 1382 783 1448 Ο
829 1382 1199 1461 audaciam,
1250 1384 1446 1449 etiam
1498 1404 1603 1448 me
1650 1382 1825 1450 ultro
1872 1387 2244 1450 accusatum
2291 1379 2586 1450 advenit!

362 1492 449 1557 A:
496 1489 899 1557 Exclamatio
946 1495 1076 1569 est-3
1128 1495 1193 1556 et
1235 1490 1551 1569 ostendit,
1594 1491 1747 1577 quid
1787 1491 2048 1557 absente
2086 1495 2269 1576 patre
2308 1489 2661 1555 defenderit

265 1597 465 1663 filius.
603 1595 687 1662 B:
736 1597 863 1662 Hic
908 1597 1038 1663 iam
1089 1596 1444 1662 ostenditur
1488 1617 1862 1683 persuasum
1913 1597 2306 1684 Demiphoni
2345 1617 2479 1663 esse
2519 1598 2659 1662 vim

267 1704 627 1770 adhibitam
689 1701 823 1768 filio
886 1724 1002 1769 suo
1066 1723 1329 1768 uxorem
1395 1703 1658 1781 ducere,
1721 1725 1850 1770 uno
1908 1725 2058 1769 cum
2121 1705 2294 1769 hunc
2352 1703 2659 1769 audacem

265 1809 585 1897 appellat,
650 1809 851 1877 altero
914 1809 1085 1896 quod
1148 1809 1304 1876 dicit
1369 1808 1678 1890 „etiam'’‚
1742 1831 1904 1897 quae
1951 1811 2313 1878 coniunctio
2356 1810 2437 1876 ad
2482 1810 2663 1875 Anti-

269 1918 551 2006 phonem
600 1918 1021 1994 convertitur,
1070 1921 1135 1982 et
1179 1918 1270 1981 sic
1321 1916 1804 1994 ‚,accusatum''.

365 2023 585 2089 Altera
630 2043 777 2110 pars
823 2021 1049 2088 scholii
1095 2022 1151 2087 A
1201 2027 1311 2100 „et
1356 2022 1677 2089 ostendit’'
1726 2029 1876 2089 cett.
1924 2026 2242 2109 pertinere
2281 2022 2542 2090 videtur
2579 2021 2662 2088 ad

272 2151 406 2198 vss.
472 2135 803 2216 sequentes
847 2135 912 2194 et
956 2133 1054 2194 est
1101 2149 1135 2193 e
1181 2149 1414 2216 genere
1462 2129 1777 2195 rhetorico
1826 2129 1998 2215 quod
2044 2151 2081 2195 a
2125 2115 2373 2195 Donato
2419 2128 2663 2194 abiudi-

275 2239 423 2304 cavi
480 2238 546 2300 in
612 2236 859 2301 Mnem.
908 2233 1198 2299 XXXIII
1243 2234 1375 2300 229
1402 2255 1535 2321 sqq.
1600 2236 1913 2320 cuiusque
1977 2234 2269 2321 exempla
2329 2236 2398 2299 in
2460 2234 2660 2299 Phor-

272 2345 490 2409 mione
550 2341 721 2407 dedi-
752 2362 815 2427 p.
865 2340 998 2405 244
1022 2362 1156 2427 sqq.
1295 2340 1527 2406 Schol.·
1566 2340 1641 2406 B.
1708 2344 1982 2428 pessime
2031 2347 2361 2408 exaratum
2411 2339 2662 2406 Donato

274 2450 413 2516 dari
474 2470 601 2515 non
656 2453 901 2534 potest,
972 2469 1124 2513 nam
1186 2453 1251 2513 et
1278 2440 1283 2446 ’
1310 2447 1696 2514 exclamatio
1761 2471 1840 2528 „o
1887 2449 2266 2516 audaciam’'
2325 2468 2660 2536 perperam

272 2558 557 2623 trahitur
592 2556 669 2622 ad
707 2559 1180 2623 accusationem
1222 2556 1646 2643 Antiphonis,
1695 2563 1760 2623 et
1806 2578 1879 2624 ea
1919 2579 2081 2644 quae
2115 2563 2302 2623 sunt:
2345 2556 2659 2635 „ducere”

268 2654 389 2751 pro
436 2668 555 2743 „ut
602 2663 901 2729 duceret''
936 2664 1002 2745 ¹),
1055 2663 1269 2740 „uno”
1322 2663 1634 2743 ,‚altero”,
1685 2667 2094 2744 „coniunctio
2139 2666 2539 2730 convertitur
2583 2662 2664 2728 ad

272 2770 397 2837 A.'’
462 2771 539 2836 ab
584 2767 764 2834 illius
810 2768 1137 2835 latinitate
1185 2770 1379 2835 nimis
1427 2770 1788 2835 abhorrent.
1837 2768 2053 2856 Igitur
2098 2758 2388 2835 Donatus
2435 2768 2511 2833 de
2560 2789 2663 2834 ex-

270 2877 656 2944 clamatione
692 2879 1026 2962 perspicua
1050 2878 1271 2941 tacuit.
1312 2877 1370 2940 A
1408 2876 1731 2940 rhetorem
1756 2875 1976 2955 habet,
2019 2875 2070 2940 B
2109 2874 2660 2961 Interpolatorem.

367 2983 527 3049 Ibid.
582 2980 666 3047 14
733 2981 1089 3054 Phorm..
1118 2980 1285 3047 Nam
1333 2984 1467 3047 iam
1514 2980 1908 3048 adulescenti
1953 2979 2119 3046 nihil
2164 2987 2262 3046 est
2311 2979 2480 3066 quod
2529 3000 2664 3045 suc-

275 3110 568 3157 censeam
616 3090 672 3154 si
715 3088 907 3154 illum
956 3091 1173 3154 minus
1218 3095 1405 3155 norat

372 3198 426 3261 A
452 3196 549 3277 (2)
594 3194 752 3260 Vide
799 3201 875 3261 ut
922 3198 1299 3261 veteratorie
1346 3195 1639 3261 ostendat
1675 3195 2129 3261 contradixisse
2167 3193 2660 3261 adulescentema

370 3302 547 3384 Bu)
592 3301 719 3367 Hic
765 3300 1091 3368 subtiliter
1137 3323 1209 3367 ac
1248 3300 1519 3367 latenter
1543 3300 1595 3383 ²)
1637 3306 1955 3389 purgatur
1990 3323 2029 3367 a
2065 3302 2454 3367 Phormione
2492 3301 2665 3387 apud

271 3415 545 3497 patrem.
586 3407 911 3493 Antipho:
962 3428 1111 3473 cum
1158 3406 1315 3473 dicit
1367 3410 1539 3486 „iam
1586 3429 1711 3474 non
1760 3413 1858 3473 est
1903 3406 2070 3494 quod
2119 3428 2522 3474 succenseam
2569 3410 2666 3473 iu-

272 3515 469 3583 veni”
519 3514 796 3581 ostendit
840 3513 1047 3579 adhuc
1097 3515 1529 3580 succensuisse
1567 3520 1635 3601 et
1670 3516 1934 3580 inimico
1971 3513 2170 3579 fuisse
2207 3516 2452 3592 animo,
2491 3535 2666 3579 cum-

274 3642 399 3709 que
442 3620 623 3687 addit
670 3623 769 3698 „si
810 3618 1003 3685 illum
1052 3623 1269 3685 minus
1318 3619 1567 3701 norat”,
1611 3621 1892 3687 ostendit
1935 3620 2390 3687 contradixisse
2437 3620 2560 3685 sibi
2599 3624 2666 3686 et

272 3730 587 3795 restitisse
648 3729 714 3792 in
778 3726 1037 3820 iudicio.
1177 3726 1275 3808 (2)
1334 3726 1422 3792 Et
1484 3729 1574 3792 sic
1636 3726 1830 3806 dicit,
1894 3729 2076 3814 quasi
2121 3724 2492 3793 adulescens
2537 3748 2664 3792 non

271 3855 624 3924 agnoscens
669 3832 959 3920 puellam
1004 3834 1261 3899 veniam
1308 3834 1653 3913 meruerit,
1705 3840 1888 3919 pater
1932 3838 2168 3920 negata
2205 3838 2474 3919 cognata
2514 3832 2666 3898 ferri

274 3964 401 4009 non
449 3943 672 4028 possit.

366 4046 647 4114 Delenda
682 4050 837 4113 sunt
875 4066 1036 4133 quae
1076 4045 1153 4113 de
1193 4048 1296 4113 his
1336 4047 1694 4133 disputavi,
1735 4067 1884 4112 cum
1929 4045 2094 4113 mihi
2135 4044 2214 4111 de
2244 4043 2369 4111 loci
2391 4044 2665 4113 lectione

346 4344 402 4408 1)
448 4340 589 4407 Quod
634 4339 750 4389 olim
782 4336 967 4389 correxi
1006 4338 1184 4388 Mnem.
1221 4334 1407 4387 XXXII
1444 4334 1560 4395 249,
1593 4335 1674 4385 sed
1709 4336 1919 4401 praestat
1954 4332 2014 4383 ab
2052 4332 2465 4401 Interpolatorum
2500 4334 2662 4386 latini·

269 4428 377 4477 tate
411 4439 581 4474 manus
612 4421 865 4473 abstinere.

342 4508 403 4574 2)
434 4506 670 4557 Similiter
706 4506 829 4555 Don.
864 4504 1113 4570 usurpavit
1154 4499 1421 4554 „latenter”
1452 4500 1506 4551 11
1545 4504 1589 4552 1.
1610 4502 1674 4551 18
1693 4501 1784 4565 (2),
1815 4500 1905 4551 Ad.
1941 4500 1982 4548 V
2020 4502 2068 4551 8.
2085 4500 2134 4549 8.
