3246 5085
1333 361 1646 438 nona-rus.
2552 341 2685 408 229

295 534 612 619 peratoris
661 532 780 598 hoc
826 551 962 597 8888
1007 551 1088 595 ne
1127 551 1194 596 se
1232 533 1300 596 in
1344 528 1708 616 periculum
1748 530 2037 615 proiciat.
2076 567 2161 576 —
2200 527 2306 594 Sic
2341 526 2686 594 Sallustius

296 638 497 720 (Hist.
561 639 670 720 fr.)
734 644 840 712 „et
898 640 966 702 111
1029 636 1293 723 proeliis
1354 643 1508 702 actu
1571 634 1992 722 promptus'’;
2056 634 2151 716 (2)
2197 639 2261 700 et
2306 635 2425 700 hoc
2470 639 2683 700 totum

292 766 420 810 non
457 747 641 831 quasi
675 746 741 807 in
783 741 1080 828 palliata,
1123 741 1233 808 sed
1273 763 1647 808 concessum
1683 743 1889 827 poetis
1928 741 2074 806 fuit.
2118 779 2203 789 —
2246 741 2539 826 Pyrrhus
2578 762 2683 806 au·

289 856 424 916 tem
465 848 904 935 peritissimus
936 855 1476 936 strategematum
1525 847 1653 913 fuit
1693 850 2097 933 primusque,
2137 847 2684 933 quemadmodum

289 979 364 1024 ea
409 956 747 1043 disciplina
792 977 906 1043 per
951 955 1230 1022 calculos
1275 958 1343 1021 in
1393 954 1612 1020 tabula
1661 955 2036 1031 traderetur,
2086 954 2385 1020 ostendit.

381 1063 666 1129 Distinxi
735 1062 1016 1128 Editoris
1083 1061 1665 1149 interpolationem.
1749 1059 2140 1146 Exemplum
2211 1059 2506 1126 Sallustii
2564 1063 2683 1125 im·

289 1178 642 1256 portunum
711 1175 844 1249 est3
919 1169 1083 1247 „hoc
1152 1169 1408 1234 totum’'
1475 1189 1613 1254 sqq.
1691 1166 1863 1233 male
1926 1166 2329 1254 reprehendit
2389 1166 2681 1252 lepidum

289 1297 528 1343 iocum.

377 1380 540 1448 Ibid.
594 1381 675 1446 15
747 1381 946 1460 Sane,
994 1381 1166 1468 quod
1213 1382 1336 1447 tibi
1381 1401 1550 1446 nunc
1597 1381 1701 1445 vir
1748 1379 2039 1445 videatur
2086 1379 2190 1444 hic
2236 1400 2405 1458 8888,
2447 1378 2681 1447 nebulo

289 1510 568 1578 magnus
611 1495 740 1554 est:
789 1509 868 1554 ne
915 1496 1166 1553 metuas

379 1597 476 1676 (1)
533 1593 846 1682 Figurata
907 1593 1150 1660 locutio
1198 1601 1264 1659 et
1309 1598 1639 1680 praeterea
1688 1592 2019 1674 ὑπερβαίτῳ
2066 1593 2478 1671 intermixta,
2526 1614 2675 1659 nam

285 1703 391 1768 hic
437 1701 588 1768 ordo
635 1707 765 1766 est:
820 1721 1010 1780 „sane
1055 1701 1162 1766 hic
1209 1698 1442 1765 nebulo
1493 1705 1724 1776 <est>:
1774 1721 1853 1764 ne
1899 1704 2172 1765 metuas.

377 1807 474 1890 (2)
535 1808 637 1872 An
696 1807 801 1872 hic
863 1807 1015 1873 ordo
1079 1808 1204 1872 erit
1263 1812 1328 1872 et
1376 1826 1631 1883 seusus,
1681 1811 1756 1871 ut
1798 1808 1884 1872 sit
1930 1805 2213 1870 dictum:
2262 1827 2341 1871 ne
2387 1811 2673 1872 metuas:

286 1935 440 1980 sane
484 1912 653 2000 quod
701 1913 822 1978 tibi
867 1915 973 1980 vir
1020 1912 1276 1979 videtur
1318 1933 1454 1978 esse
1500 1913 1642 1991 hic,
1691 1911 1926 1978 nebulo
1977 1932 2250 2000 magnus
2294 1909 2433 1978 est?

375 2019 474 2102 (3)
516 2019 604 2085 Et
650 2025 851 2099 recte,
900 2040 1053 2086 nam
1098 2018 1256 2084 dum
1305 2019 1440 2084 obit
1486 2025 1764 2084 terretur
1810 2017 2174 2085 adulescens
2212 2025 2276 2084 et
2313 2025 2521 2086 aetate
2558 2023 2677 2086 mi-

283 2123 436 2192 litis
471 2125 667 2212 [quod
713 2128 847 2191 iam
896 2129 999 2192 vir
1047 2130 1171 2209 est]
1219 2131 1284 2192 et
1325 2125 1776 2212 magnitudine
1812 2126 2009 2211 [quod
2049 2147 2325 2214 magnus
2362 2132 2672 2212 corpore],

281 2252 446 2318 quae
488 2240 764 2319 utraque
800 2235 868 2296 in
912 2231 1027 2298 illo
1068 2251 1228 2298 vana
1267 2251 1405 2298 8888
1452 2234 1758 2298 meretrix
1806 2238 1882 2297 111
1926 2238 2187 2318 experta
2232 2235 2365 2298 iam
2410 2233 2671 2299 indicat.

288 2335 631 2410 ..Nebulo”
682 2344 901 2404 autem
942 2336 1049 2404 vel
1093 2341 1301 2404 inanis
1349 2343 1415 2404 et
1461 2358 1664 2404 vanus
1714 2336 1819 2403 vel
1866 2336 2114 2418 mollis,
2156 2344 2231 2404 ut
2268 2337 2501 2405 nebula
2538 2345 2670 2419 881,

281 2443 538 2511 dicitur.

374 2552 471 2635 (4)
531 2552 619 2618 Et
679 2552 984 2632 εἰρωνικῶς
1047 2553 1168 2618 1188
1230 2551 1478 2617 dictum
1538 2557 1670 2617 est:
1732 2553 2041 2617 meretrix
2103 2554 2274 2617 enim
2324 2555 2669 2638 corripiens

279 2660 520 2725 frustra
579 2664 980 2725 metuentem
1039 2657 1444 2725 Chremetem
1498 2658 1734 2735 „sane”
1782 2660 1994 2744 inquit
2043 2661 2280 2737 „nimis
2326 2658 2665 2725 consilium

273 2773 527 2833 rectum
575 2772 672 2831 est
732 2765 809 2832 de
854 2764 1262 2831 occludendis
1307 2764 1611 2830 aedibus''
1660 2770 1783 2845 (vs.
1838 2765 1969 2846 14).

368 2872 466 2955 (5)
525 2872 612 2937 Et
672 2871 847 2937 deest
903 2892 1070 2949 „non
1132 2870 1296 2949 est’',
1354 2876 1430 2935 ut
1475 2872 1592 2935 sit:
1646 2892 1766 2935 non
1816 2875 1914 2936 est
1962 2871 2133 2957 quod
2184 2872 2303 2937 tibi
2348 2893 2517 2937 nunc
2564 2876 2668 2939 vir

271 2978 568 3045 videatur
635 2998 769 3044 esse
841 2978 979 3043 hic:
1050 2976 1284 3043 nebulo
1315 2969 1326 2979 ’
1353 2997 1629 3062 magnus
1693 2983 1810 3043 est.
1875 2976 1980 3043 Sic
2025 2983 2092 3043 et
2139 2976 2330 3043 alibi:
2382 2980 2437 3044 si
2484 2984 2550 3044 te
2594 2982 2661 3044 in

272 3085 486 3171 platea
542 3082 855 3150 offendero
918 3083 1182 3170 posthac
1247 3087 1685 3169 (umquam),
1751 3082 1919 3169 quod
1983 3083 2154 3149 dicas
2202 3083 2365 3149 mihi
2414 3083 2660 3163 „alium

272 3191 691 3277 quaerebam,
739 3191 865 3255 iter
913 3190 1031 3255 hac
1072 3188 1338 3267 habui’',
1391 3191 1616 3274 peristi
1662 3194 1787 3270 (vs.
1842 3188 2064 3270 1064),
2114 3196 2188 3254 ut
2235 3192 2355 3255 sit:
2404 3212 2531 3256 non
2567 3198 2664 3257 est

271 3296 446 3383 quod
491 3296 662 3362 dicas
715 3296 898 3361 mihi.

365 3401 440 3468 In
487 3402 582 3484 (3)
629 3401 792 3469 Don.
838 3400 1197 3467 illustravit
1245 3401 1589 3467 verborum
1638 3404 2024 3468 sententiam
2042 3450 2059 3481 ‚
2109 3402 2223 3468 ubi
2268 3405 2494 3469 notavi
2539 3404 2664 3471 duo

270 3508 661 3575 emblemata
721 3507 1002 3573 Editoris
1064 3507 1314 3574 aliusve
1377 3510 1696 3594 magistri.
1768 3507 2041 3595 Reliqua
2101 3508 2342 3576 scholia
2388 3515 2665 3577 tractant

273 3616 617 3683 verborum
665 3620 1059 3681 structuram
1080 3662 1096 3691 ‚
1145 3636 1268 3683 11811
1322 3619 1454 3679 tam
1503 3634 1713 3679 raram
1734 3662 1751 3693 ,
1800 3613 1909 3680 sed
1953 3616 2342 3680 intricatam.

365 3721 579 3787 Etiam
629 3722 726 3803 (4)
769 3719 1020 3787 Donato
1068 3720 1421 3786 cedendum
1470 3740 1605 3787 8888
1651 3742 1776 3786 888
1816 3720 2177 3809 negabitur,
2219 3724 2275 3787 si
2313 3720 2504 3789 modo
2543 3723 2663 3791 hoc

267 3828 593 3894 scholium
662 3849 788 3893 non
857 3828 1140 3892 trahitur
1200 3827 1280 3892 ad
1341 3832 1542 3893 totam
1602 3830 2025 3905 sententiam,
2088 3828 2199 3893 sed
2260 3828 2342 3895 ad
2401 3830 2659 3909 „sane”,

267 3936 510 4000 ironice
573 3936 895 4019 positum;
961 3934 1114 3997 hinc
1179 3935 1469 4019 sequitur
1532 3932 1729 3999 schol.
1794 3932 1890 4014 (l)
1953 3932 2118 3998 alius
2166 3954 2301 3999 esse
2346 3938 2660 4015 auctoris,

267 4043 418 4129 qui,
471 4040 706 4120 „sane”
754 4060 1086 4127 perperam
1135 4038 1517 4105 affirmative
1564 4041 1781 4105 iunxit
1826 4060 1974 4105 cum
2028 4039 2303 4118 „nebulo
2342 4041 2505 4121 est'',
2546 4064 2661 4110 nec

267 4151 488 4214 minus
555 4147 683 4228 (2),
764 4146 934 4233 quod
1001 4148 1259 4211 tametsi
1329 4148 1792 4212 correctionem
1862 4149 2159 4232 proponit
2229 4148 2660 4233 praecedentis

265 4253 531 4333 scholii,
598 4260 812 4319 tamen
883 4252 1148 4317 eandem
1222 4252 1483 4319 exhibet
1541 4253 1931 4318 iuncturam.
2003 4252 2225 4319 Restat
2288 4255 2405 4337 (5),
2490 4254 2659 4341 quod

265 4361 506 4427 Donati
566 4359 913 4426 locutionis
975 4362 1569 4445 interpretationem
1626 4362 1949 4425 continere
2009 4380 2230 4427 censeo
2250 4408 2268 4440 ‚
2330 4382 2658 4429 erroneam

265 4467 528 4555 quidem
579 4473 644 4533 et
690 4469 754 4532 in
803 4466 924 4533 hoe
971 4465 1266 4553 exemplo
1314 4474 1379 4533 et
1423 4469 1491 4531 111
1539 4488 1613 4533 88
1662 4466 1831 4553 quod
1879 4469 2039 4534 citat
2082 4488 2163 4534 ex
2208 4468 2333 4534 fine
2378 4468 2655 4549 fabulae,
