3246 5085
614 291 748 359 362
1404 309 1491 357 ms
1539 305 1859 356 sumrmls
1901 305 2222 354 nummo.

612 483 711 544 set
760 476 1118 563 Euripides.
1166 475 1293 542 Sed
1338 474 1415 542 de
1461 474 1830 541 Temenidis
1877 480 2128 540 constat
2169 495 2244 540 ex
2284 474 2692 542 Dioscoridae
2729 476 3022 543 carmine

610 586 679 650 in
726 583 924 650 Anth.
972 582 1113 648 Pal.
1170 583 1274 648 11.
1308 581 1457 648 195.
1508 581 1678 663 Quid
1724 581 1801 646 de
1847 577 2170 647 Temeno?

706 691 791 756 65
865 692 1163 755 Temenus.
1226 689 1575 756 Stobaeum
1621 691 1807 754 iuxta
1852 686 2231 753 ¹I'emenidas
2279 709 2468 776 saepe
2516 687 2876 756 Temenum
2923 712 3026 757 re—

480 831 487 836 ·
611 800 809 877 ferre,
871 798 939 863 id
1000 789 1268 888 quidem,
1326 796 1537 863 solum
1603 817 1742 862 rem
1807 816 1932 861 non
1981 795 2348 876 conficeret,
2403 796 2513 862 sed
2563 799 3022 864 testimonium

611 928 734 972 non
795 905 1006 971 multo
1068 906 1286 969 minus
1348 903 1610 968 firmum
1660 922 1854 988 quam
1901 904 1968 966 in
2014 904 2244 967 ceteris
2292 901 2528 968 fabulis
2572 903 2884 970 habemus
2933 925 3018 970 ex

612 1011 871 1079 scholiis
906 1014 973 1077 in
1018 1011 1481 1097 Hippocratem
1520 1010 1728 1090 (locus
1775 1015 1952 1075 extat
1992 1009 2160 1096 apud
2209 1009 2576 1076 Nauckium
2623 1013 2691 1075 in
2732 1011 2809 1076 fr.
2849 1011 3017 1077 Eur.

618 1118 776 1201 751)
840 1140 919 1186 ex
981 1139 1106 1204 quo
1152 1123 1416 1204 apparet
1461 1116 1738 1183 Bacchio
1785 1114 2177 1202 Herophileo
2226 1115 2584 1183 Temenum
2631 1139 2745 1203 pro
2792 1117 3019 1184 fabula

613 1225 961 1311 Euripidea
1004 1226 1343 1311 cognitum
1390 1223 1608 1289 fuisse.
2801 1297 2808 1304 ,

707 1331 794 1398 66
862 1331 1104 1416 Scyriae
1143 1336 1220 1413 (s.
1264 1329 1529 1418 Scyrii).
1568 1328 1852 1396 Fabulae
1890 1328 2122 1394 no'men
2163 1329 2344 1395 adest
2382 1331 2450 1394 in
2489 1328 2702 1416 lapide
2736 1330 3016 1396 Piraico.

612 1437 737 1506 Sed
799 1439 1093 1524 proprius
1155 1435 1448 1503 accedere
1494 1435 1573 1502 ad
1621 1435 1874 1502 tabulas
1920 1434 2501 1502 Alexandrinorum
2548 1457 2674 1502 non
2717 1438 2870 1502 sinit
2917 1438 3021 1502 in·

614 1548 759 1631 opia
806 1545 1341 1631 fragmentorum.
1389 1543 1521 1609 Nec
1571 1547 1788 1608 tamen
1834 1547 1933 1608 est
1969 1563 2085 1607 cur
2125 1541 2514 1609 dubitemus.
2559 1543 2792 1609 Sextus
2831 1545 3016 1609 enim

611 1653 981 1738 Empiricus
1049 1673 1125 1716 ex
1186 1648 1404 1716 fabula
1467 1649 1803 1716 manifeste
1865 1649 2214 1734 Euripides.
2277 1650 2724 1737 fragmentum
2783 1650 3018 1718 laudat

613 1759 802 1839 (182)
863 1757 1033 1844 quod
1093 1757 1172 1823 ad
1232 1756 1426 1822 aliam
1474 1755 1765 1823 fabulam
1811 1759 1924 1824 vix
1967 1763 2179 1843 potest
2225 1760 2575 1843 pertinere,
2623 1764 2690 1824 et
2737 1757 3015 1824 Ovidius

612 1866 985 1951 Statiusque
1053 1864 1307 1931 fabulae
1373 1867 1714 1930 materiem
1776 1870 2148 1929 sumserunt
2210 1863 2604 1930 tractandam
2671 1863 2868 1930 talem
2931 1872 3014 1930 ut

610 1976 769 2042 satis
852 1979 1101 2038 certum
1170 1971 1469 2038 videatur
1544 1974 1634 2042 in,
1695 1991 1955 2058 corpore
2027 1970 2502 2058 tragoediarum
2569 1969 3009 2037 Alexandrino

610 2080 869 2168 Scyrias
915 2079 1198 2145 affuisse.

710 2183 793 2253 67
872 2187 1101 2252 Danae.
1168 2186 1345 2252 Haec
1405 2168 1660 2272 quoque
1726 2183 1976 2262 fabula,
2038 2183 2192 2250 licet
2255 2191 2405 2250 ante
2467 2183 2772 2252 Senecam
2835 2185 3014 2271 apud

616 2300 905 2359 auctores
964 2314 1171 2379 neque
1234 2293 1601 2375 fragmenta
1625 2342 1642 2372 ,
1704 2312 1909 2377 neque
1973 2290 2207 2357 titulus
2256 2297 2580 2370 occurrat,
2627 2295 3012 2378 neutiquam

615 2397 914 2484 Euripidi
983 2401 1217 2483 poterit
1286 2399 1657 2464 abiudicari.
1737 2399 1934 2471 Mitto
2003 2397 2172 2482 quod
2240 2403 2700 2485 argumentum
2759 2398 3016 2464 Danaes

619 2510 870 2571 enarrat
928 2504 1271 2591 Hyginus,
1336 2504 1444 2572 sed
1495 2506 1654 2593 ‘quis
1717 2503 1933 2571 credat
1993 2504 2401 2571 decantatum
2461 2503 2627 2572 illud
2686 2501 2728 2571 ὦ
2773 2504 3010 2586 χρυσέ,

617 2609 891 2689 δεξίωμα
955 2612 1290 2677 κάλλιστον
1350 2611 1591 2691 βροτοῖς
1658 2610 1873 2697 (lapsu
1920 2614 2272 2678 memoriae
2315 2633 2352 2677 a
2395 2610 2631 2679 Seneca
2676 2612 2756 2679 ad
2801 2612 3014 2680 Belle-

616 2719 999 2804 rophontem
1057 2716 1362 2798 relatum)
1424 2725 1559 2783 tam
1618 2724 1984 2783 constanter
2048 2723 2381 2804 tamquam
2441 2718 2866 2805 Euripideum
2925 2742 3014 2787 ex

615 2824 830 2891 Danae
889 2821 1136 2890 laudari
1184 2826 1500 2911 potuisse,
1551 2826 1608 2889 si
1653 2823 1924 2889 dubium
1971 2823 2050 2890 de
2095 2825 2236 2889 eius
2275 2823 2528 2890 fabulae
2567 2828 2814 2913 origine
2851 2826 3020 2892 fuis-

616 2928 754 2997 set?
803 2928 1002 2997 Adest
1045 2935 1265 2996 autem
1310 2952 1541 2997 nomen
1588 2933 1656 2997 in
1705 2951 2025 2998 marmore
2074 2929 2319 2998 Albano
2366 2931 2778 3017 Piraicoque,
2823 2937 2890 2997 et
2933 2935 3013 2997 in

616 3036 1064 3123 Aristophanis
1125 3036 1804 3123 Thesmophoriazusis
1861 3059 1956 3102 vs.
2008 3036 2142 3103 414
2205 3034 2374 3119 (εἶτα.
2438 3036 2539 3103 διὰ
2599 3042 2812 3109 τοῦτον
2858 3046 3008 3112 ταῖς

614 3144 1068 3221 γυναικωνίτισι
1111 3142 1136 3230 Ι
1177 3143 1540 3223 σφραγῖδας
1582 3143 2033 3222 ἐπιβάλλουσιν
2083 3142 2191 3219 ἤδη
2240 3143 2342 3208 καὶ
2391 3145 2701 3227 μοχλούς)
2746 3143 3012 3211 Danaen

614 3238 1031 3336 Euripid'eam
1112 3252 1421 3335 spectari,
1492 3254 1791 3337 quamvis
1861 3257 2108 3318 tacente
2176 3250 2562 3331 scholiasta,
2635 3251 3012 3339 Hartungio

614 3354 1089 3421 concedendum
1133 3376 1267 3421 esse
1312 3362 1491 3443 puto.

707 3568 807 3635 En
876 3569 1071 3635 habes
1140 3568 1505 3656 catalogum
1567 3569 1808 3636 LXVII
1877 3570 2268 3637 fabularum.
2340 3570 2586 3657 Nempe
2655 3570 3008 3638 earundem

614 3696 773 3764 quas
816 3678 1134 3762 cogitavit
1178 3683 1398 3742 auctor
1444 3676 1628 3742 Vitae
1676 3676 1987 3743 Maioris?
2034 3678 2192 3759 Quis
2236 3678 2439 3756 dicat;
2489 3676 3008 3763 quandoquidem

614 3790 856 3850 restant
900 3782 1083 3849 tituli
1128 3805 1253 3851 non
1294 3784 1494 3848 trium
1530 3784 2014 3871 tragoediarum
2057 3782 2164 3849 sed
2203 3804 2347 3875 sex:
2387 3782 2706 3863 Cadmus,
2747 3783 3008 3863 Lamia,

612 3889 863 3978 Scylla,
913 3889 1191 3969 Tenues,
1242 3888 1805 3977 Rhadamanthys,
1854 3890 2212 3955 Pirithous·
2261 3890 2360 3955 Ex
2400 3891 2632 3976 quibus
2669 3892 2726 3956 si
2765 3889 3012 3982 eligere

614 3995 869 4074 debeas,
919 4015 1113 4081 quam
1161 3998 1383 4076 (misso
1429 3996 1692 4080 quidem
1739 3994 1854 4061 illo
1901 3998 2269 4062 testimonio
2320 3994 2504 4062 Vitae
2547 3997 2842 4080 Maioris)
2889 4000 3013 4063 mi-

610 4122 733 4166 nus
807 4122 1003 4188 quam
1072 4108 1312 4167 ceteras
1380 4100 1460 4167 ad
1532 4101 1920 4179 νοθευομένιις
1990 4101 2266 4190 relegari
2335 4109 2620 4189 oportere
2690 4104 3010 4184 videatur,

612 4211 783 4273 certe
842 4208 967 4271 erit
1030 4207 1381 4273 Pirithous.
1445 4206 1516 4272 Si
1577 4209 1755 4273 enim
1811 4209 2078 4275 eandem
2125 4230 2320 4296 quam
2367 4212 2433 4275 in
2482 4210 3012 4297 praecedentibus

613 4332 905 4377 normam
968 4312 1417 4391 adhibeamus,
1482 4316 1772 4399 primum
1837 4314 2188 4381 notandum
2239 4321 2338 4381 est
2381 4319 2452 4381 in
2501 4315 2710 4403 lapide
2755 4318 3010 4385 Piraico

612 4418 949 4485 manifeste
1013 4417 1283 4485 titulum
1343 4422 1712 4487 Pirithoum
1763 4420 2038 4491 adfuisse
2099 4421 2194 4505 (id
2255 4421 2425 4511 quod
2470 4423 2760 4491 concedit
2809 4423 3010 4491 Wila·
