3246 5085
613 298 746 364 344
1669 313 1920 364 numus,

697 481 772 548 In
836 483 1045 568 priore
1111 503 1300 548 versu
1361 480 1619 547 nullum
1682 482 2110 568 corruptionis
2184 483 2540 568 vestigium
2558 531 2576 561 ,
2645 481 3036 548 emendatio

606 590 817 675 igitur
860 590 927 653 in
975 591 1319 674 posteriore
1368 587 1747 674 quaerenda.

701 694 1096 761 Vocabulum
1138 696 1271 776 ,nisi
1317 702 1535 762 autem
1582 694 1755 780 apud
1802 697 2042 780 priscos
2090 697 2431 782 scriptores
2477 697 2730 782 saepius
2768 697 2862 760 ita
2901 695 3032 762 ad-

608 803 884 882 hibetur,
951 811 1027 868 ut
1086 825 1211 869 non
1255 803 1692 869 condicionem
1740 803 1976 889 prioris
2023 804 2342 868 enuntiati
2389 802 2732 890 adiungat,
2782 801 2896 868 sed
2943 801 3029 868 id

607 909 795 974 modo
843 912 1045 974 artius
1090 909 1371 975 definiat.
1420 909 1525 976 Sic
1570 907 1744 995 apud
1790 907 2168 974 Terentium
2215 915 2360 995 post
2403 907 2620 974 nescio.

696 1014 895 1081 Andr.
938 1015 1069 1082 663
1118 1035 1209 1101 sq.
2371 1015 2590 1080 Nescio

968 1121 1117 1186 Nisi
1160 1117 1245 1187 mi
1287 1124 1424 1186 deos
1453 1122 1670 1208 sui-380
1715 1120 1904 1186 iratos
1922 1169 1939 1200 ,
1989 1121 2096 1208 qui
2141 1122 2624 1187 auscultaverint.

594 1249 731 1315 -quo
778 1228 971 1294 modo
1018 1227 1525 1315 intellegendum
1574 1230 1698 1308 sit,
1748 1227 2029 1294 ostendit
2073 1227 2399 1315 glossema
2447 1230 2604 1292 sabis
2646 1228 2788 1294 cciv.

698 1335 962 1401 Phorm.
1012 1334 1145 1400 952
1171 1356 1264 1420 sq.
2380 1336 2635 1415 Nesci03

966 1441 1113 1505 Nisi
1155 1438 1252 1506 me‘
1287 1439 1514 1506 dixisse
1553 1440 1778 1505 nemini
1826 1447 1984 1505 certo
2033 1440 2180 1508 scio·

697 1547 782 1613 ib.
835 1545 967 1615 474
1002 1568 1095 1634 sq.

969 1653 1129 1718 Num
1188 1652 1339 1742 quid
1388 1653 1563 1740 pasti
1621 1653 1877 1718 subolet.
1873 1653 1903 1702 ·⁹
1966 1660 2013 1730 †
2063 1654 2184 1718 Nil
2230 1654 2426 1719 etiam.
2493 1659 2542 1732 †
2588 1653 2827 1739 Ecquid
2871 1653 3023 1736 spei

2061 1762 2360 1844 porroet?
2405 1767 2453 1839 †
2499 1759 2738 1867 Nescio.
2785 1767 2834 1836 †
2879 1761 3018 1826 Ah.

877 1872 926 1945 †
971 1866 1118 1930 Nisi
1164 1864 1451 1930 Phaedria
1494 1866 1666 1930 haud
1710 1865 1964 1930 cessavit
1996 1889 2117 1950 pro
2164 1874 2226 1931 te
2271 1867 2441 1932 eniti.

694 1971 1014 2038 Similiter
1056 1974 1124 2038 in
1170 1971 1392 2038 Sticho
1440 1971 1660 2039 Plauti
1707 1993 1802 2038 vs.
1854 1970 1987 2038 266
2015 1993 2150 2060 sqq.

965 2075 1244 2144 Demiror
1286 2079 1435 2166 quid
1476 2079 1660 2143 illaec
1705 2101 1794 2143 me
1841 2081 1925 2144 ad
1965 2101 2028 2143 se
2073 2080 2297 2146 arcessi
2339 2079 2606 2158 iusserit,

974 2187 1140 2268 Quae
1183 2187 1499 2272 nu‘mquam
1544 2187 1726 2250 iussit
1769 2208 1858 2250 me
1905 2187 1988 2249 ad
2029 2209 2092 2251 se
2136 2188 2360 2254 arcessi
2405 2193 2546 2251 ante
2586 2188 2740 2251 bunc
2776 2186 2958 2266 diem,

968 2292 1297 2379 Postquain
1342 2293 1439 2356 vir
1484 2292 1640 2357 abiit
1686 2293 1836 2360 eius.
1885 2292 2072 2357 miror
2120 2294 2272 2379 quid
2317 2293 2432 2357 siet
2449 2319 2470 2357 .-

969 2398 1116 2462 Nisi
1160 2397 1226 2463 zib
1258 2398 1561 2483 pericbum
1590 2401 1741 2484 fiat,
1789 2399 1978 2464 visam
2022 2400 2175 2486 quid
2216 2399 2384 2464 velit.

696 2503 1032 2571 Postremo
1094 2502 1233 2571 loco
1292 2505 1419 2571 nisi
1480 2506 1607 2573 fere
1669 2505 1843 2575 idem
1904 2505 2080 2574 valet
2141 2506 2312 2593 quod
2359 2512 2533 2584 certe,
2581 2507 2749 2572 sicut
2794 2504 3015 2572 editor

602 2610 1123 2700 Francogallicus
1169 2612 1485 2693 (Benoist)
1530 2616 1993 2701 interpretatur
2043 2612 2454 2692 „toutefois'’.

694 2717 992 2785 Similem
1030 2720 1166 2785 vim
1202 2724 1422 2785 nostro
1460 2719 1601 2785 loco
1643 2719 1934 2785 Enniano
1977 2721 2043 2784 in
2081 2741 2237 2786 voce
2276 2720 2401 2784 nisi
2440 2720 2646 2785 inesse
2680 2719 3010 2803 suspicor:

601 2848 763 2890 nemo
830 2826 1071 2910 impune
1140 2826 1297 2890 idem
1351 2826 1581 2912 saciet,
1656 2833 1814 2889 certe
1885 2832 1952 2889 tu
2018 2823 2312 2909 sanquine
2382 2832 2484 2889 tuo
2544 2846 2775 2908 poenae
2847 2823 3010 2891 lues.

602 2928 769 3000 Oum
830 2932 1217 3019 significatio
1278 2934 1647 2998 inusitatior
1709 2934 1886 2997 vocis
1947 2932 2072 2996 nisi
2134 2931 2406 2998 efficeret
2428 2980 2445 3010 ,
2509 2936 2586 2995 ut
2646 2930 2824 2997 locus
2869 2951 3008 2995 non

598 3038 1093 3126 intelligeretur,
1159 3037 1414 3105 facilius
1452 3036 1593 3104 ideo
1641 3037 1978 3125 depravari
2023 3040 2255 3124 potuit.
2305 3036 2529 3103 Restat
2577 3042 2870 3115 tantum,
2917 3044 3004 3103 ut

600 3164 739 3210 nam
784 3149 1185 3234 corrigamus
1228 3147 1300 3211 in
1345 3147 1485 3225 iam,
1534 3143 1755 3211 littera
1802 3164 1846 3211 v
1893 3147 2067 3214 vocis
2107 3163 2190 3211 ’Π
2227 3145 2328 3211 bis
2363 3146 2604 3232 scripta
2639 3144 2768 3210 fuit
2804 3164 3003 3210 causa

602 3274 716 3318 cur
760 3274 873 3339 pro
920 3271 1124 3318 ’ΝΙΔΜ
1168 3251 1498 3339 legeretur
1542 3270 1789 3317 ΠΝΔΜ.

692 3357 891 3424 Totus
936 3356 1115 3425 locus
1165 3360 1255 3424 sic
1302 3357 1717 3446 explicandus
1765 3357 2058 3424 videtur:

694 3464 881 3528 Nemo
931 3464 1212 3548 superbia
1258 3466 1553 3529 adductus
1600 3464 1951 3545 (animatus)
1997 3465 2106 3529 boc
2150 3463 2393 3548 impune
2424 3463 2671 3551 faciel.-
2721 3471 2878 3530 certe
2923 3472 2996 3529 tu

600 3594 759 3636 nune
805 3571 928 3635 iam
976 3579 1076 3636 tuo
1116 3571 1410 3653 sanquine
1442 3592 1672 3653 poenas
1721 3570 1912 3635 dabis.

690 3677 834 3743 Una
880 3699 979 3743 res
1027 3699 1187 3765 quae
1234 3677 1386 3742 huic
1432 3676 1866 3743 emendationi
1912 3679 2206 3743 resistere
2255 3676 2515 3743 videtur
2559 3699 2686 3743 non
2725 3677 2994 3745 tacenda

598 3790 715 3850 est.
786 3782 861 3848 In
907 3784 1202 3862 scholiis,
1250 3781 1539 3849 Danielis
1586 3804 1751 3870 quae
1797 3784 2114 3861 feruntur,
2165 3783 2244 3848 ad
2284 3782 2651 3869 Vergilium
2695 3785 2992 3870 scriptis,

601 3892 756 3959 haec
802 3896 953 3956 sunt
998 3895 1283 3956 servata:
1333 3889 1490 3955 ΝΛΜ
1536 3889 1617 3953 mi
1665 3890 1865 3954 calido
1911 3892 2024 3954 dac
2069 3890 2362 3974 sanquine
2387 3912 2637 3972 poenae.
2685 3889 2812 3956 Sed
2851 3912 2996 3957 con-

598 3999 875 4074 iectura,
939 4016 1100 4081 quae
1162 3996 1308 4061 inde
1373 3996 1818 4081 proficiscitur,
1882 4003 1957 4061 ut
2001 3994 2182 4061 locus
2229 4001 2565 4081 corruptus
2610 3996 2994 4062 maiusculis

595 4100 836 4166 litteris
897 4102 1092 4166 fuerit
1152 4106 1465 4188 scriptus,
1530 4102 1597 4167 id
1645 4092 1744 4168 es't
1791 4108 1868 4167 ut
1919 4104 2157 4168 vitium
2205 4104 2337 4167 iam
2387 4104 2648 4188 antiquo
2697 4108 2992 4189 tempore

601 4212 819 4272 ortum
865 4208 979 4286 sit,
1027 4207 1145 4274 hac
1192 4209 1453 4296 quidem
1500 4192 1568 4274 re
1612 4229 1740 4276 non
1779 4208 1990 4276 multo
2028 4208 2517 4296 improbabilior
2553 4208 2648 4275 fit.
