3246 5085
637 325 772 394 206
1679 341 1993 391 nona-rus.

726 510 825 590 (1)
869 509 1016 575 Ideo
1067 510 1493 596 „quisquam”
1544 511 1695 595 quia
1742 528 2203 594 quaequam
2252 507 2459 573 dicere
2507 507 2860 574 absurdum
2904 515 3029 574 eet.

636 617 744 683 Sic
790 615 913 694 IP,
952 616 1111 683 Don.
1151 619 1436 683 cantius:
1489 615 1588 696 (3)
1636 614 2059 701 „quisquam”
2101 614 2331 680 multis
2369 614 2683 701 exemplis
2718 617 3032 702 probatur

635 727 833 789 etiam
881 725 1187 789 feminino
1233 743 1468 810 genere
1514 728 1765 788 veteres
1811 719 2185 807 protulisse,
2234 722 2325 785 ita
2360 729 2429 785 ut
2468 723 2729 786 numer-125
2766 731 2825 786 et
2857 745 3035 804 qene-

635 832 802 896 ribue
845 832 992 894 haec
1027 830 1387 914 pronomina
1434 829 1686 913 infinita
1723 829 1847 892 sint
1884 827 2013 907 (W.
2040 833 2144 908 c).
2286 827 2461 894 Haec
2498 835 2824 914 postrema
2866 828 3033 894 alius

636 939 949 1029 mag-ister⁸
983 936 1270 1002 subdidit
1309 957 1384 1000 ex
1425 934 1546 1000 Ad.
1595 935 1680 1000 IV
1724 935 1785 999 4.
1813 933 1923 1012 26,
1989 935 2103 999 ubi
2158 933 2355 1000 Don.:
2408 934 2505 1014 (2)
2552 935 2817 1021 Proprie
2857 939 3031 1001 enim

634 1051 884 1110 veteres
947 1050 1011 1109 et
1069 1047 1258 1129 quis
1318 1049 1383 1108 et
1445 1041 1773 1126 aliquis
1830 1047 1895 1106 et
1940 1043 2384 1127 quisquam
2434 1063 2555 1107 non
2604 1042 3033 1108 observabant

635 1171 760 1236 quo
800 1170 1035 1236 genere
1075 1155 1190 1214 aut
1228 1170 1356 1235 quo
1380 1169 1651 1214 numero
1674 1147 2080 1213 declinarent.
2123 1145 2221 1214 cf.
2250 1150 2445 1213 etiam
2474 1147 2560 1212 IV
2586 1149 2651 1213 4.
2680 1147 2787 1213 11.
2880 1148 2951 1214 S.
2976 1169 3031 1212 c.

725 1254 886 1321 Ibid.
951 1253 1039 1321 84
1114 1256 1452 1321 Praeterea
1515 1255 1723 1320 forma
1785 1259 1852 1319 et
1911 1263 2083 1320 aetas
2144 1257 2283 1339 ipsa
2342 1260 2474 1332 est,
2540 1254 2723 1320 facile
2788 1260 2867 1320 ut
2912 1276 3031 1341 pro

634 1361 930 1428 eunucho
977 1362 1226 1448 probes.
2514 1393 2527 1404 ·

721 1469 820 1550 (1)
871 1467 1056 1555 „Ipsa
1103 1469 1244 1535 est’'
1293 1468 1471 1534 deest
1521 1470 1629 1546 „in
1676 1467 1806 1532 te’'.
1938 1467 2036 1546 (2)
2083 1466 2461 1533 Formam
2508 1467 2755 1534 scilicet
2800 1474 2869 1534 et
2910 1489 3031 1533 ae-
3226 1371 3229 1574 Ι

633 1581 926 1642 tatem:
969 1576 1246 1642 formam
1289 1578 1439 1662 quia
1477 1574 1764 1660 pulcher,
1806 1579 2083 1639 aetatem
2107 1576 2259 1660 quia
2281 1574 2588 1661 ephebus.
2704 1573 2801 1656 (3)
2828 1575 3028 1652 „Pro-

632 1680 782 1746 bas”
847 1702 1016 1747 nunc
1079 1682 1362 1767 fingas
1427 1686 1542 1746 aut
1596 1678 2139 1766 persuadeas,
2188 1687 2265 1744 ut
2309 1681 2377 1744 in
2424 1680 2884 1746 consuetudine
2930 1680 3027 1745 di·

634 1789 846 1853 cimus
927 1788 1161 1866 „homo
1225 1785 1575 1874 sacrilegus
1639 1807 1753 1872 pro
1814 1788 2149 1852 innocente
2208 1808 2276 1852 se
2344 1787 2711 1872 probavit'’,
2788 1823 2877 1838 —
2954 1795 3027 1852 et

633 1891 856 1960 Cicero
873 1891 954 1973 (¹3)
1003 1895 1166 1972 „hoc
1212 1901 1285 1959 tu
1329 1894 1434 1960 his
1482 1892 1851 1980 probabis'’;
1899 1895 2117 1979 itaque
2156 1893 2333 1960 deest
2374 1895 2547 1973 ,‚te'’,
2587 1895 2755 1980 quod
2794 1895 3029 1960 subau-

633 2001 916 2080 diamus,
987 2008 1066 2066 ut
1135 2003 1258 2066 sit:
1328 2023 1446 2086 pro
1507 2000 1802 2066 eunucho
1864 2005 1928 2065 te
1990 2000 2239 2086 probes.
2400 1999 2497 2082 (4)
2562 2000 2883 2084 „Probes”
2944 2009 3027 2066 ut

637 2110 1023 2194 „migrantis
1094 2107 1356 2174 cernas’'
1427 2106 1602 2188 (vide
1662 2126 1855 2192 supra
1916 2127 1978 2192 p.
2036 2105 2164 2186 13).
2348 2107 2445 2188 (5)
2504 2110 2641 2174 Aut
2706 2109 3021 2194 „probes”

631 2215 1030 2301 persuadeas.
1213 2213 1311 2294 (6)
1372 2214 1458 2279 Et
1519 2213 1721 2278 simul
1770 2214 2031 2278 honeste
2075 2235 2200 2278 non
2246 2213 2447 2293 dixit,
2498 2214 2667 2300 quod
2713 2221 2848 2280 erat
2893 2236 3027 2280 rec-

631 2327 810 2399 tum,
865 2326 982 2399 „ut
1028 2321 1399 2386 eunuchum
1445 2319 1739 2406 probes'',
1786 2317 1897 2384 sed
1947 2340 2103 2405 „pro
2146 2319 2507 2399 eunucho”,
2554 2341 2633 2386 ne
2670 2326 2839 2388 esset
2874 2342 3021 2388 con-

635 2426 1053 2493 tumeliosum
1102 2429 1168 2492 in
1216 2425 1586 2494 Chaeream.

723 2533 902 2600 Iusta
946 2536 1385 2620 interpretatio
1433 2533 1679 2622 legitur
1723 2535 1790 2599 in
1840 2532 1955 2613 (3),
2006 2532 2087 2599 cf.
2136 2531 2390 2599 Fabia
2436 2533 2516 2600 ad
2556 2533 2621 2601 h.
2645 2531 2715 2613 l.,
2756 2537 3018 2601 tametsi

628 2640 1003 2727 exemplum
1041 2639 1366 2708 Ciceronis
1399 2643 1756 2706 insiticium
1790 2638 2068 2717 videtur,
2109 2661 2428 2726 nusquam
2460 2638 2665 2707 adhuc
2688 2648 3013 2728 repertum

629 2758 692 2813 et
737 2749 818 2814 ab
862 2750 1003 2835 ipsa
1048 2750 1576 2833 interpretatione
1623 2746 1935 2812 alienum.
1988 2746 2127 2812 Hoc
2172 2749 2380 2833 igitur
2426 2746 2676 2814 Donato
2724 2748 3017 2835 adsigno.

629 2854 851 2920 Altera
895 2856 1341 2940 interpretatio
1384 2852 1633 2940 legitur
1678 2856 1749 2918 in
1795 2853 1925 2933 (2):
1980 2860 2098 2931 „ut
2144 2853 2419 2919 formam
2454 2860 2519 2919 et
2558 2862 2838 2921 aetatem
2878 2876 3021 2941 pro-

630 2960 806 3039 bes’',
867 2962 1060 3026 tertia
1119 2963 1186 3025 in
1249 2960 1379 3042 (6):
1449 2964 1567 3038 „ut
1623 2960 1993 3026 eunuchum
2044 2961 2337 3046 probes''.
2388 2960 2673 3047 Utraque
2720 2979 3022 3048 perversa

629 3075 726 3133 est
772 3074 839 3133 et
886 3066 1130 3133 redolet
1169 3065 1288 3144 IP,
1327 3066 1447 3132 illa
1486 3073 1745 3154 propter
1784 3066 2295 3132 additamentum
2336 3087 2449 3153 per
2489 3068 2725 3153 „qnia”
2755 3067 3015 3154 „qnia’',

628 3172 782 3238 haec
840 3178 1095 3258 propter
1137 3174 1424 3257 ineptam
1471 3172 1826 3238 honestatis
1872 3172 2294 3238 differentiam
2340 3176 2509 3239 inter
2556 3174 3015 3253 „eunuchum”

628 3285 695 3345 et
759 3299 916 3365 „pro
981 3277 1338 3345 eunucho’'.
1423 3279 1520 3359 (1)
1567 3285 1634 3344 et
1680 3277 1778 3359 (5)
1824 3278 2382 3346 adnotatiunculae
2428 3280 2823 3367 marginales
2867 3289 3018 3347 sunt

627 3384 905 3453 aliorum
952 3385 1449 3471 magistrorum,
1499 3390 1737 3451 tractae
1783 3407 1818 3452 e
1862 3384 2024 3452 Don.
2075 3387 2194 3468 (3).
2287 3385 2385 3467 (4)
2432 3407 2625 3474 supra
2663 3410 2728 3474 p.
2773 3387 2857 3453 13
2894 3388 3015 3454 Do-

627 3498 780 3558 nato
823 3490 1138 3557 dedimus.

718 3598 943 3685 Itaque
1001 3600 1070 3663 in
1116 3605 1482 3664 commento
1529 3604 1711 3665 erant
1757 3597 1854 3680 (3)
1900 3606 1967 3665 et
2012 3598 2128 3681 (4).
2197 3598 2317 3664 His
2364 3598 2592 3666 Editor
2636 3600 2871 3667 adiecit
2916 3600 3012 3681 (2)

625 3714 692 3773 et
737 3705 859 3787 (6),
907 3705 1078 3791 quod
1126 3703 1424 3770 adiunxit
1469 3725 1584 3791 per
1631 3712 1689 3769 et
1730 3705 1947 3784 simul,
1992 3726 2031 3771 a
2068 3703 2501 3791 compilatore
2542 3705 2827 3781 disiecta,
2866 3708 3013 3792 qnia

623 3816 891 3881 fortasse
953 3814 1154 3879 altera
1212 3832 1360 3899 pars
1417 3811 1655 3877 melius
1702 3811 2009 3899 quadrare
2055 3812 2395 3878 videbatur
2439 3819 2581 3899 poet
2626 3834 2825 3899 quam
2868 3820 3011 3880 ante

629 3922 742 4001 (3).
789 3920 968 3986 Idem
1016 3918 1266 3986 addidit
1311 3918 1410 3999 (1)
1457 3924 1522 3985 et
1569 3918 1668 4000 (5)
1716 3917 1956 3985 alicubi
2003 3925 2271 4005 reperta.

716 4024 948 4092 Sabb.
996 4031 1250 4111 praeter
1293 4024 1392 4106 (1)
1430 4032 1497 4091 et
1537 4025 1633 4107 (2)
1682 4028 1897 4091 omnia
1935 4027 2209 4091 cursivis
2246 4022 2481 4091 litteris
2520 4028 2868 4111 expressit,
2907 4028 3010 4093 cni

621 4155 744 4199 non
785 4134 1115 4210 assentior,
1161 4153 1276 4197 nec
1315 4133 1558 4217 magis,
1600 4134 1665 4196 in
1708 4152 1783 4197 eo
1821 4132 1993 4218 quod
2030 4152 2183 4198 mox
2222 4130 2311 4197 88
2336 4131 2432 4214 (1)
2469 4130 2717 4200 Donato
2742 4136 3011 4219 eripuit,

622 4241 702 4307 cf.
749 4238 846 4305 111
897 4239 956 4305 1.
985 4237 1096 4304 42.

711 4345 873 4412 Ibid.
922 4344 1010 4411 89
1071 4343 1230 4411 Vide
1280 4366 1356 4411 ne
1404 4346 1683 4411 nimium
1732 4344 2013 4411 calidum
2062 4346 2183 4412 hoc
2232 4348 2319 4412 eit
2364 4344 2555 4413 modo

710 4452 874 4520 Don.
922 4453 1019 4533 (2)
1066 4450 1434 4531 „calidum”
1485 4450 1939 4538 periculosum.
2004 4451 2099 4519 Of.
2148 4452 2401 4519 Fabia
2448 4459 2513 4518 et
2558 4454 2755 4521 schol.
2808 4454 3005 4521 Bern:
