3246 5085
724 334 816 398 20
1760 353 2071 403 nonnus.

721 513 1174 598 explicationes
1209 535 1322 600 per
1363 515 1470 592 „id
1507 516 1649 580 est’'
1690 522 1755 580 et
1794 518 1956 594 „hoc
1993 517 2133 582 est’'
2174 516 2254 583 ad
2290 519 2679 602 magistrum
2704 517 3003 583 recidunt
3030 516 3159 598 ²).

719 617 823 682 Sic
871 618 950 684 D.
1001 618 1079 683 ad
1124 619 1387 684 Phorm.
1439 618 1488 684 V
1537 619 1599 685 9.
1628 619 1714 685 32
1764 620 2183 707 „defungier”
2224 621 2521 706 defungi,
2563 621 2867 689 desinere.
2918 622 3168 687 Nihil

723 723 1022 810 amplius.

809 941 996 1008 Hec.
1045 943 1076 1008 I
1122 942 1184 1006 2.
1212 942 1299 1007 22
1322 941 1419 1024 (3)
1470 942 1688 1023 „Quae
1734 946 2019 1009 narravit
2063 945 2304 1010 mihi'’:
2360 943 2604 1028 „quae”
2653 942 2937 1029 qualia
2986 947 3157 1009 soi—

714 1045 866 1112 licet
911 1056 977 1112 et
1023 1057 1350 1133 quanta.
1521 1048 1618 1130 (4)
1670 1048 1929 1129 „Quae”
1978 1050 2337 1116 acuendum
2382 1055 2499 1127 est,
2548 1057 2623 1114 ut
2670 1052 2757 1114 sit
2804 1048 3141 1135 qualia

715 1159 781 1217 et
824 1159 1166 1237 quanta;
1217 1160 1280 1218 et
1327 1155 1446 1218 hoc
1496 1154 1917 1232 ὑπερβολικόν.
2222 1143 2239 1158 ”

804 1258 879 1323 W
900 1280 1100 1324 essn.
1148 1262 1218 1323 in
1264 1258 1664 1344 Appendice:
1717 1260 2177 1337 „manifestum
2215 1259 2491 1344 duplicis
2527 1261 2876 1325 commenti
2901 1263 3135 1325 vesti-

707 1365 965 1450 gium”.
1029 1365 1256 1429 Potius
1313 1367 1384 1429 in
1447 1364 1545 1446 (4)
1593 1365 1905 1432 habemus
1950 1367 2168 1450 ipsum
2213 1364 2448 1431 Donati
2496 1371 2967 1442 commentum,
3020 1367 3115 1429 in

708 1467 806 1549 (3)
853 1473 1245 1554 excerptum.
1385 1468 1697 1555 Pleraque
1742 1469 1984 1536 scholia
2028 1490 2141 1554 per
2184 1470 2416 1533 scilicet
2460 1475 2753 1554 suspecta
2800 1475 2972 1534 sunt.

799 1687 1120 1754 Phorm.
1167 1685 1199 1752 I
1250 1688 1307 1753 1.
1341 1687 1422 1752 12
1477 1689 1674 1754 Porro
1722 1695 1941 1754 autem
1990 1687 2155 1754 Geta
2200 1688 2466 1754 ferietur

799 1792 894 1871 (4)
961 1791 1061 1856 Ad
1129 1779 1569 1877 paupertatem
1640 1792 1897 1859 rettulit
1968 1793 2340 1871 „ferietur’',
2424 1811 2575 1858 nam
2640 1797 2709 1856 et
2770 1789 3107 1856 damnum

712 1895 960 1982 plaga
1004 1907 1070 1961 et
1113 1918 1212 1961 res
1256 1917 1398 1961 san
1413 1901 1610 1984 guis
1659 1897 1914 1963 dicitnr.
2080 1897 2164 1962 13
2190 1897 2287 1976 (2)
2331 1918 2410 1961 ex
2454 1895 2907 1962 consuetudine
2958 1895 3109 1972 „fe-

705 2001 976 2078 rietur”,
1040 2023 1191 2067 nam
1237 2009 1303 2066 et
1351 2002 1689 2090 plagam
1734 2003 2043 2067 damnum
2089 2009 2153 2069 et
2200 2007 2540 2088 sumptum
2585 2003 3105 2087 sanguinem

707 2113 1083 2172 nostrum
1130 2107 1427 2173 dicimus·

795 2210 1100 2278 Iunctura
1142 2210 1415 2278 causalis
1460 2233 1574 2297 per
1617 2235 1757 2276 nam
1801 2214 1868 2276 in
1913 2211 2111 2277 altero
2158 2211 2398 2278 scholio
2442 2214 2613 2277 iusta
2651 2216 2715 2277 et
2753 2213 3104 2296 perspicua

707 2324 838 2394 est,
900 2319 1012 2381 ubi
1066 2316 1306 2383 locutio
1372 2318 1635 2394 „feriri”
1700 2317 2060 2402 explicatur
2118 2339 2153 2382 e
2214 2316 2670 2382 consuetudine
2734 2317 3101 2401 usurpandi

707 2419 1033 2505 plagam
1104 2428 1169 2485 et
1236 2425 1738 2509 sanguinem
1810 2443 1922 2507 pro
1985 2421 2215 2486 damno
2276 2429 2341 2487 et
2402 2424 2690 2508 pecunia.
2753 2419 2828 2485 In
2888 2420 3101 2485 altero

630 2539 634 2544 '
707 2526 971 2591 obscura
1039 2532 1104 2591 et
1170 2525 1514 2612 impedita,
1576 2530 1727 2613 quia
1792 2525 1913 2604 „ad
1973 2525 2458 2612 paupertatem’'
2524 2546 2855 2613 perperam
2920 2524 3101 2591 dixit

707 2651 821 2715 pro
888 2632 1009 2707 „ad
1067 2634 1381 2697 iacturam
1442 2631 1815 2718 pecuniae'’.
1863 2632 2077 2718 Igitur
2122 2635 2243 2698 hoc
2285 2632 2465 2698 illius
2505 2634 2782 2698 imitatio
2830 2638 2928 2696 est
2976 2632 3095 2697 vel

702 2743 1094 2821 excerptum.

795 2840 858 2905 II
907 2841 966 2906 3.
1000 2842 1163 2907 16A
1189 2842 1286 2923 (2)
1337 2842 1626 2928 „Opera”
1674 2844 1780 2908 hic
1826 2845 2140 2927 septimus
2185 2862 2367 2907 casus
2412 2848 2528 2907 est.
2578 2841 2752 2922 B(2)
2800 2842 3090 2926 „opera”

703 2948 1017 3031 septimus
1061 2968 1244 3011 casus
1290 2954 1388 3013 est
1434 2953 1498 3013 et
1547 2948 1771 3025 „vita”
1819 2950 2276 3013 nominativus.

793 3050 936 3114 Hoc
995 3050 1366 3135 exemplum
1420 3054 1687 3136 probare
1751 3053 2004 3117 videtur
2062 3051 2477 3117 Rabbovii
2542 3057 2606 3117 et
2654 3049 3089 3117 Wessneri

701 3157 1163 3233 coniecturam,
1226 3156 1423 3220 fuisse
1482 3156 1642 3220 duos
1687 3160 2035 3221 commenti
2080 3164 2476 3243 excerptores
2526 3156 2758 3241 quibus
2807 3160 3090 3240 utraque

699 3260 892 3323 series
957 3261 1011 3323 A
1072 3266 1136 3324 et
1196 3259 1248 3322 B
1295 3260 1619 3326 debeatur.
1670 3260 1794 3325 Sed
1839 3262 1994 3345 quid
2040 3269 2181 3325 tum
2226 3261 2641 3326 statuendum
2689 3261 2767 3325 de
2812 3258 3086 3325 scholiis

698 3363 1022 3429 similibus
1065 3368 1134 3428 in
1180 3366 1459 3431 eadem
1506 3368 1727 3431 serie
1773 3367 1980 3430 hisce:
2724 3422 2731 3427 .

787 3468 948 3534 Ibid.
1019 3466 1101 3533 73
1127 3471 1303 3551 Α(1)
1363 3472 1517 3536 haec
1575 3473 1883 3535 minantis
1930 3478 2079 3534 sunt
2119 3471 2342 3546 verba,
2394 3475 2458 3535 et
2503 3470 2559 3533 A
2586 3470 2682 3550 (2)
2727 3470 2887 3534 bene
2934 3470 3089 3532 imi-

695 3577 871 3635 tatus
910 3578 1008 3636 est
1045 3574 1313 3639 modum
1345 3578 1819 3640 comminantis.
1956 3576 2240 3659 Apparet
2278 3596 2357 3639 ex
2396 3575 2515 3639 hoc
2551 3573 2709 3650 1000,
2752 3579 2817 3638 et
2854 3579 3082 3657 postea

694 3696 774 3739 ex
821 3674 966 3741 aliis
1011 3682 1262 3763 saepius
1304 3680 1669 3764 apparebit,
1717 3686 2058 3763 utramque
2104 3682 2332 3743 seriem
2378 3698 2491 3763 pro
2538 3700 2605 3743 se
2641 3677 2928 3744 laborare
2966 3680 3079 3741 iis—

695 3780 840 3845 dem
879 3784 1060 3846 vitiis
1096 3790 1209 3847 aut
1248 3785 1745 3869 proprietatibus
1783 3804 1944 3869 quae
1982 3786 2319 3867 inquinant
2358 3788 2572 3849 totum
2606 3790 3073 3848 commentum.

783 3882 1082 3951 Ceterum
1119 3890 1458 3973 utrobique
1497 3889 1811 3954 habemus
1841 3890 2200 3974 genuinum
2224 3886 2301 3952 D.
2328 3885 2443 3967 (16
2476 3887 2523 3950 B
2546 3886 2641 3966 (2)
2666 3892 2731 3951 et
2759 3885 2841 3951 73
2870 3887 3075 3967 A(2))

692 3995 756 4054 et
804 4001 1177 4077 excerptum
1224 3993 1338 4073 (16
1363 3995 1420 4058 A
1444 3994 1544 4073 (2)
1591 4000 1655 4057 et
1700 3990 1784 4059 73
1809 3994 1866 4057 A
1896 3993 1991 4072 (1)
2011 4000 2054 4074 ).

781 4095 992 4181 Igitur
1028 4100 1094 4161 in
1133 4099 1234 4162 his
1273 4120 1522 4183 quoqne
1566 4098 1823 4163 nullum
1860 4099 2191 4162 invenitur
2228 4098 2551 4181 specimen
2590 4094 2865 4181 duplicis
2900 4115 3075 4160 com-

765 4336 816 4397 1)
867 4337 999 4386 Sitne
1049 4338 1131 4386 ille
1183 4338 1412 4401 magister
1455 4339 1481 4387 1
1501 4338 1540 4386 P
1586 4354 1650 4387 an
1686 4338 1827 4396 aliun,
1860 4337 2071 4387 nondum
2105 4337 2327 4387 diiudico.
2364 4337 2417 4386 si
2450 4341 2523 4386 eat
2556 4338 2584 4387 1
2602 4338 2657 4397 P,
2692 4336 2819 4400 qnod
2844 4336 3081 4400 suspicor,

689 4417 836 4467 schol,
872 4419 942 4481 (ὅ)
973 4434 1063 4483 pro
1095 4421 1391 4469 correctione
1424 4420 1664 4485 adposuit.
