3246 5085
1253 312 1559 367 ransom.
2471 300 2504 361 l
2520 294 2599 363 1¹7

209 483 527 566 πρδσωπον
589 487 832 551 factum
889 487 975 549 sit
1008 507 1292 567 persona.
1343 484 1549 562 Mihi,
1601 486 1657 548 si
1704 485 1771 547 in
1818 504 1885 547 re
1932 482 2126 548 dubia
2171 484 2601 548 coniecturam

139 590 146 595 ’
209 612 505 677 promere
565 590 752 674 licet,
801 602 1061 673 persona
1108 611 1232 655 vox
1294 611 1456 675 pura
1518 594 1677 676 puta
1738 588 1966 654 Latina
2027 588 2285 655 videtur
2344 592 2411 653 iu
2459 600 2601 652 -o‘na

208 700 464 776 exieus,
529 700 699 762 sicut
761 704 1060 761 macr-ona
1117 702 1398 777 (mater),
1467 718 1732 760 ann-ona
1794 700 2069 775 (annus),
2135 695 2426 759 Pomona
2470 701 2602 781 (po-

207 809 444 884 mum),
493 803 778 867 Bell-ona
824 801 1124 883 (bellum)
1157 800 1226 883 ¹).
1273 802 1448 887 Ergo
1495 793 1793 866 vocabuli
1839 800 2020 865 radix
2068 807 2167 865 est
2202 802 2396 883 *pem-e,
2438 821 2599 885 quae

207 916 406 994 caput
467 908 575 975 vel
637 908 880 994 aliquid
942 909 1172 993 capitis
1234 907 1446 972 simile
1510 905 1872 993 significare
1936 906 2210 971 videtur.
2282 906 2464 987 Quod
2522 914 2599 971 ut

207 1014 678 1093 demonstrem,
728 1016 1015 1099 primum
1062 1015 1258 1079 huius
1306 1013 1534 1078 radicis
1582 1019 1856 1078 stemma
1903 1033 2252 1098 proponam
2293 1032 2365 1077 ac
2402 1011 2599 1077 simul

207 1119 336 1185 alia
381 1120 646 1198 addam,
697 1120 1082 1206 quibuscum
1127 1120 1249 1185 hoc
1296 1122 1652 1206 comparari
1700 1120 1900 1204 possit
1926 1116 2011 1199 2);

207 1273 325 1342 IG.
374 1278 522 1362 *prs
884 1254 1046 1361 *de
1408 1255 1572 1362 *iq-n
1935 1253 2098 1361 *frgd

415 1380 645 1460 πράσον
931 1382 1169 1463 δρακεῖν
1445 1383 1657 1462 κράνος
1982 1382 2193 1461 κραδίη
2243 1381 2519 1465 (καρδία)

367 1489 671 1573 *porsum
921 1488 1165 1567 δέδορκα
1441 1509 1670 1555 cornus
1976 1487 2231 1567 cor-(dis)

370 1594 670 1677 *persum
923 1594 1210 1675 δέρκομαι
1441 1614 1692 1659 cerasus
1974 1593 2157 1660 credo
2173 1591 2199 1657 ’ἰ

299 1743 438 1808 Iam
484 1729 911 1810 Prellwitzius
955 1747 1024 1810 in
1069 1744 1276 1811 lexico
1323 1767 1373 1811 s.
1400 1766 1462 1811 v.
1514 1745 1746 1821 πράσον
1795 1744 2095 1827 („look'')
2139 1745 2595 1811 animadvertit

206 1852 394 1915 iuxta
439 1850 601 1915 hanc
649 1851 918 1915 formam
971 1853 1200 1932 πράσον
1249 1851 1407 1917 olim
1454 1853 1777 1917 exstitisse
1822 1852 2116 1930 *πάρσοῃ
2157 1850 2325 1917 unde
2361 1873 2591 1917 nomen

208 1957 450 2020 montis
511 1955 850 2034 Πκρροξσιον
916 1964 1134 2021 ortum
1196 1960 1311 2034 sit,
1376 1957 1910 2042 quamobcausam
1959 1959 2318 2023 communis
2363 1958 2593 2022 radicis

207 2063 346 2126 vim
392 2060 588 2126 fuisse
632 2064 996 2147 suspicatur
1034 2061 1656 2149 „buschelffirmiger
1685 2061 1929 2148 Kopf”.
1980 2062 2154 2143 Quae
2192 2066 2470 2149 suspicio
2509 2067 2591 2129 iis

205 2166 522 2246 firmatur,
572 2187 734 2253 quae
784 2167 861 2232 de
907 2167 1216 2235 vocabulo
1264 2174 1534 2254 cognato
1579 2166 1811 2234 Latino
1846 2190 2099 2251 porrum
2144 2168 2438 2250 (,‚look”)
2483 2191 2593 2235 no-

204 2274 444 2339 vimus.
511 2273 763 2337 Por-rum
823 2277 998 2340 enim
1058 2280 1284 2339 natum
1331 2281 1429 2340 est
1475 2296 1551 2339 ex
1597 2276 1872 2356 *porcum
1918 2275 2141 2340 eodem
2188 2275 2413 2353 modo,
2463 2297 2589 2360 quo

204 2400 400 2443 verres
459 2400 539 2445 ex
599 2381 832 2444 *verses
861 2378 931 2462 ³),
988 2386 1052 2446 et
1099 2383 1355 2467 proprie
1404 2379 1723 2467 significat
1772 2380 2071 2467 ,‚caput'’.
2124 2381 2263 2447 Hoc
2311 2380 2588 2448 dilicude

205 2490 470 2572 apparet
511 2506 590 2551 ex
639 2506 827 2553 versu
874 2486 1114 2553 Moreti
1159 2484 1274 2554 74:

610 2593 715 2658 hic
764 2596 924 2659 siser
969 2601 1032 2660 et
1078 2615 1284 2658 nomen
1332 2594 1524 2676 capiti
1569 2593 1845 2657 debentia
1877 2616 2072 2676 porra
2097 2593 2151 2673 4)

201 2719 318 2763 nec
380 2701 598 2763 minus
660 2720 736 2764 ex
795 2699 1003 2764 morbi
1062 2701 1320 2764 nomine
1371 2699 1644 2782 porrqu,
1711 2699 1882 2784 quod
1944 2699 2221 2764 scabiem
2267 2700 2332 2764 in
2380 2703 2587 2785 capite

203 2804 518 2892 designat.
561 2804 737 2870 Num
765 2805 990 2888 pao-§ds
1027 2826 1309 2891 quoque,
1351 2805 1740 2870 vocabulum
1777 2804 2269 2884 Sanscriticum,
2296 2807 2586 2873 eiusdem

202 2913 472 2996 originis
519 2914 638 2990 sit,
687 2912 947 2977 videant
994 2911 1142 2991 alii,
1193 2934 1316 2978 non
1366 2933 1557 2997 penes
1605 2933 1710 2976 me
1755 2910 2071 2976 iudicium
2110 2920 2206 2977 est
2232 2910 2303 2993 ⁵).
2352 2912 2587 2978 Forma

202 3023 422 3082 autem
467 3018 744 3100 *porcum
789 3021 1112 3103 antiquior
1155 3024 1254 3083 est
1296 3038 1487 3102 quam
1534 3018 1824 3100 *per-eum,
1872 3037 2021 3081 nam
2065 3037 2143 3082 ex
2182 3016 2587 3104 Indogerma-

201 3127 342 3189 nico
402 3146 435 3208 ς
493 3127 560 3188 in
619 3123 845 3210 lingua
907 3124 1136 3190 Latina
1197 3127 1351 3189 oriri
1413 3123 1573 3188 solet
1634 3145 1701 3187 or
1727 3123 1799 3204 ⁰).
1879 3123 2111 3188 Postea
2171 3125 2447 3206 *porcum
2515 3128 2583 3190 in

203 3231 478 3314 *percum
515 3231 709 3311 abiit,
750 3233 916 3296 sicut
953 3253 1180 3310 vorsus,
1220 3237 1446 3308 vortex,
1487 3251 1659 3293 νον-νο
1698 3231 1766 3293 in
1799 3251 2022 3309 versus,
2066 3237 2284 3310 vertex,
2316 3254 2485 3296 vero-o
2513 3232 2584 3314 ἵ).

295 3335 366 3401 Si
427 3341 702 3401 stemma
762 3357 952 3422 supra
1014 3341 1182 3402 recte
1244 3357 1282 3400 a
1344 3358 1450 3402 me
1515 3341 1890 3401 contextum
1953 3341 2084 3414 est,
2130 3359 2386 3418 persona
2423 3336 2587 3403 nibil

209 3439 381 3507 aliud
451 3442 772 3528 significat
837 3445 964 3510 nisi
1029 3449 1223 3530 caput
1294 3442 1402 3508 vel
1469 3441 1535 3506 id
1605 3441 1775 3527 quod
1838 3443 2067 3528 capitis
2125 3445 2327 3508 instar
2388 3449 2486 3510 est
2515 3443 2584 3526 7).

272 3702 328 3766 1)
362 3702 435 3752 Cf.
473 3701 690 3762 Kt'ibncr,
725 3703 784 3750 G.
817 3701 862 3751 d.
897 3701 952 3750 L.
988 3703 1037 3749 S.
1073 3701 1099 3750 1
1133 3716 1182 3765 p.
1220 3700 1334 3760 658,
1369 3699 1429 3749 n⁰
1466 3700 1554 3759 16;
1589 3699 1737 3759 stols,
1776 3699 1844 3751 H.
1882 3701 1940 3748 G.
1979 3700 2025 3749 d.
2064 3699 2117 3750 Ia.
2152 3699 2201 3749 S.
2236 3701 2293 3750 1·
2338 3717 2384 3766 p.
2418 3703 2535 3752 488.

270 3784 326 3849 2)
371 3783 446 3833 cf.
494 3783 726 3843 Sommnr,
775 3783 842 3832 H.
879 3783 924 3832 d.
962 3783 1017 3832 L.
1051 3782 1103 3833 Ia.
1144 3798 1190 3832 u.
1227 3781 1282 3832 P.
1314 3799 1361 3848 p.
1398 3783 1481 3841 48,
1515 3783 1592 3842 50,
1630 3782 1719 3842 Οὓς
1756 3781 1979 3846 Lindon,
2014 3781 2097 3832 the
2130 3783 2186 3832 L.
2221 3782 2275 3833 L.
2310 3781 2381 3830 1v
2417 3784 2471 3846 §5
2504 3784 2585 3841 52,

208 3867 296 3924 98;
334 3865 458 3914 VIII
492 3865 615 3929 527.

270 3949 326 4012 3)
363 3948 436 3997 Cf.
472 3947 678 4011 Lindny
712 3946 782 3996 1.1.
817 3962 863 4012 p.
901 3947 1026 4005 808;
1065 3945 1287 4005 Vanicek,
1323 3947 1401 3996 Et.
1439 3945 1516 3996 W.
1547 3947 1593 3996 d.
1630 3946 1685 3996 L.
1718 3947 1767 3995 S.
1803 3962 1850 4011 p.
1890 3947 2000 3995 165.
2038 3951 2043 3958 '

267 4032 326 4092 4)
361 4029 558 4094 Saepius
597 4029 744 4078 etiam
777 4043 975 4094 porrum
1009 4029 1274 4094 capitatum
1308 4028 1500 4086 dicitur,
1537 4028 1820 4093 praesertim
1854 4043 1964 4078 cum
2000 4043 2029 4077 a
2062 4043 2206 4094 porro
2240 4028 2393 4079 sectili
2420 4029 2589 4079 distin-

206 4112 371 4176 guitur
405 4112 489 4176 (cf.
526 4112 670 4161 etiam
705 4109 938 4172 σκορόδου
971 4109 1166 4172 κεφαλή
1203 4113 1285 4160 Ar.
1325 4111 1464 4176 vesp.
1501 4110 1641 4175 679).

269 4197 318 4254 ὅ)
353 4192 425 4244 Cf.
465 4192 759 4252 Uhlenbeck,
795 4191 882 4242 ΔΙ.
917 4191 1023 4242 Wb.
1061 4209 1109 4257 1).
1146 4193 1241 4241 159
1277 4208 1311 4242 s.
1348 4209 1392 4242 v.
1434 4193 1628 4258 ‚persas
1664 4191 2091 4241 Geireidchfilse?”
2434 4223 2445 4234 -

269 4276 326 4341 6)
364 4275 436 4324 Cf.
473 4277 707 4332 Sommer,
738 4274 805 4323 Ll.
845 4277 967 4336 534.
1505 4275 1560 4338 7)
1599 4274 1723 4324 ibid.
1760 4274 1889 4336 §595
1918 4275 1980 4324 cf.
2007 4279 2143 4323 terra
2178 4273 2313 4324 iuxta
2345 4279 2517 4326 torreo.

267 4357 322 4422 7)
359 4357 576 4407 Similem
612 4356 710 4406 vim
744 4357 890 4407 babet
917 4357 1073 4406 exitus
1107 4373 1216 4406 -ona
1252 4357 1303 4407 in
1336 4361 1574 4407 matrona.
1608 4358 1750 4422 Quod
1786 4357 1960 4407 attinet
1986 4358 2046 4407 ad
2074 4373 2278 4417 annona,
2307 4357 2357 4408 id
2387 4359 2587 4408 fortasse

209 4439 322 4489 olim
373 4441 478 4490 crat
526 4438 946 4504 indigitamentum
993 4439 1183 4488 Cereris
1229 4439 1312 4503 (cf.
1359 4440 1612 4500 witnowa,
1668 4439 1727 4487 R.
1776 4455 1825 4488 u.
1880 4441 1935 4490 K.
1976 4439 2023 4488 d.
2068 4440 2127 4489 R.
2162 4456 2210 4505 p.
2245 4439 2383 4502 247),
2414 4441 2584 4490 deinde
