3246 5085
607 281 650 346 8
1647 304 1959 352 noturus.

963 481 1072 546 De
1119 481 1481 548 schol-iis
1527 483 1719 568 plus
1765 485 2145 550 minusve
2190 445 2650 548 similibus.

701 669 1089 754 Loquuntur
1133 668 1336 757 vulgo
1387 673 1513 734 viri
1561 671 1733 736 docti
1778 671 1855 736 de
1898 673 2254 736 innumeris
2291 672 2638 737 commenti
2674 672 3011 755 repetitio-

605 776 794 840 nibus
845 778 972 852 ita,
1037 778 1219 860 quasi
1271 777 1391 842 hoc
1438 798 1643 842 unum
1691 777 1991 861 idemque
2040 779 2189 842 vitii
2232 798 2439 862 genus
2487 778 2574 840 sit
2617 797 2729 861 per
2776 781 3001 841 totum

608 902 769 967 opus
816 881 1334 966 frequentissime
1381 884 1681 960 obvium,
1731 904 1881 948 cum
1928 891 2177 960 tamen,
2228 885 2281 946 si
2326 903 2465 947 rem
2512 889 2801 947 accurate
2850 903 3004 947 con—

605 989 875 1064 sideras,
926 994 991 1052 et
1029 991 1436 1073 repetitiones
1476 992 1733 1074 proprie
1774 991 1895 1055 1100
1940 993 2198 1055 1101111110
2244 989 2564 1054 vocandae
2610 991 2765 1054 satis
2810 1009 3003 1052 rarae

604 1095 764 1170 sint,
829 1099 894 1158 et
953 1092 1239 1178 reliquae
1301 1094 1760 1160 similitudines
1820 1116 2037 1160 rerum
2096 1115 2167 1160 ac
2228 1094 2573 1160 verborum
2633 1100 2863 1158 natura
2924 1100 3001 1158 et

604 1220 871 1265 numero
919 1201 1086 1264 inter
1131 1221 1198 1265 se
1244 1221 1653 1286 summopere
1700 1201 2077 1285 discrepent.

696 1305 911 1391 Igitur
955 1305 1416 1392 distinguenda
1455 1312 1607 1371 sunt

699 1411 756 1476 1.
823 1411 1257 1498 Repetitiones
1321 1414 1542 1478 stricto
1603 1434 1793 1477 sensu
1854 1413 1945 1477 sic
2007 1410 2336 1488 dicendae,
2402 1412 2523 1476 1100
2570 1417 2697 1487 est,
2750 1409 2999 1476 scholia

604 1538 862 1602 prorsus
910 1523 1023 1582 aut
1067 1517 1197 1582 fere
1243 1516 1504 1583 similia.
1553 1517 1813 1584 Horum
1858 1538 2166 1582 numerus
2213 1515 2400 1582 valde
2448 1522 2543 1582 est
2592 1518 2889 1601 exiguus.

696 1621 757 1687 2.
831 1621 1234 1687 Scholiorum
1296 1623 1583 1702 (Donati)
1653 1623 2023 1710 longiorum
2091 1629 2385 1707 excerpta
2446 1620 2551 1688 vel
2620 1620 2999 1706 compendia

605 1727 845 1804 brevia,
911 1728 1101 1793 modo
1163 1731 1317 1794 satis
1380 1731 1542 1795 bona
1602 1730 1793 1806 modo
1854 1731 2088 1815 peiora.
2138 1728 2394 1793 Horum
2440 1748 2747 1794 numerus
2794 1725 2993 1812 paulo

604 1835 811 1897 maior
859 1838 974 1898 est.

698 1937 758 2004 3.
824 1936 1078 2003 Scholia
1139 1937 1526 2023 interpolata
1585 1939 1841 2004 easdem
1900 1960 2001 2004 res
2050 1941 2390 2004 tractantia
2436 1943 2627 2023 atque
2673 1938 2985 2016 Donatus,

603 2043 711 2108 sed
773 2045 1017 2108 ratione
1066 2048 1130 2108 et
1177 2046 1459 2109 oratione
1506 2045 1791 2121 diversa,
1839 2052 2125 2128 attamen
2170 2048 2296 2121 ita,
2344 2051 2421 2109 ut
2464 2043 2987 2130 interpolatorem

601 2148 747 2214 Aeli
807 2148 1244 2214 adnotationes
1306 2153 1656 2235 respexisse
1713 2151 2047 2235 adpareat,
2109 2171 2266 2234 quas
2327 2149 2516 2215 modo
2579 2152 2712 2214 suis
2776 2150 2989 2214 verbis

601 2255 844 2333 reddit,
894 2255 1084 2320 modo
1130 2258 1474 2341 impugnat
1517 2262 1631 2320 aut
1690 2259 1963 2343 corrigit
2024 2263 2241 2341 aperte
2303 2254 2409 2320 vel
2470 2258 2663 2320 tacite
2718 2265 2781 2319 et
2842 2276 2989 2320 non-

601 2381 954 2446 numquam
1006 2364 1132 2438 sic,
1183 2369 1256 2425 ut
1301 2361 1537 2427 Donati
1581 2363 1777 2428 verba
1821 2361 2007 2448 plura
2053 2365 2435 2446 paucior-ave
2480 2366 2747 2445 repetat.

693 2466 835 2531 Hoc
896 2486 1141 2552 genus,
1199 2465 1366 2552 quod
1429 2487 1466 2532 a
1526 2450 2019 2554 repetitionibus
2083 2467 2275 2554 probe
2338 2467 2874 2553 distinguendum
2923 2472 2988 2532 et

599 2571 1382 2659 interpolationum
1429 2573 1741 2640 vocabulo
1789 2573 2253 2659 designandum
2304 2579 2432 2653 est,
2488 2573 2683 2659 longe
2731 2580 2829 2638 est
2872 2574 2989 2639 fre-

599 2681 1119 2764 quentissimum.
1539 2751 1547 2759 ,

690 2786 753 2850 4.
825 2787 882 2850 A
946 2787 1270 2870 superiore
1331 2783 1446 2849 illo
1493 2805 1726 2871 genere
1770 2784 2339 2871 interpolationum
2386 2784 2841 2850 secernendum
2888 2789 2989 2849 est

599 2890 809 2968 aliud,
879 2891 988 2955 ubi
1049 2893 1233 2955 iuxta
1297 2890 1521 2955 breves
1582 2890 1969 2956 Donatianas
2034 2891 2409 2967 verborum,
2472 2892 2677 2955 rarius
2726 2910 2940 2955 rerum
2963 2937 2979 2968 ‚

598 2996 1085 3081 explicationes,
1132 2994 1444 3080 leguntur
1485 2994 1830 3061 eorundem
1881 2995 2225 3061 verborum
2273 2993 2378 3060 vel
2422 3016 2637 3059 rerum
2677 2998 2981 3080 interpre-

595 3105 865 3167 tationes
913 3102 1406 3188 magistrorum,
1456 3103 1567 3185 qui
1614 3121 1765 3165 cum
1809 3100 1923 3166 illo
1967 3107 2032 3167 et
2073 3104 2243 3167 inter
2286 3122 2353 3166 00
2398 3104 2577 3167 varie
2623 3107 2884 3167 certant.

689 3206 827 3273 Hoc
871 3228 1078 3293 genus
1123 3227 1247 3271 non
1295 3208 1490 3270 nimis
1538 3206 1833 3292 frequens
1883 3212 2000 3272 est.

685 3312 793 3379 Sic
867 3318 1252 3378 evanescunt
1302 3332 1588 3397 *prorsus
1655 3314 2256 3389 „numerosissimae
2320 3312 2792 3398 repetitiones”,
2864 3334 2977 3377 nec

595 3421 815 3483 minus
877 3418 1004 3483 duo
1063 3416 1214 3495 illa,
1277 3437 1439 3503 quae
1509 3420 1631 3482 viri
1694 3417 1865 3484 docti
1927 3419 2052 3483 sibi
2114 3417 2434 3483 finxerunt
2481 3421 2829 3484 commenti
2876 3440 2977 3483 ex-

594 3530 838 3610 cerpta,
887 3523 1204 3608 dignitate
1251 3528 1315 3587 et
1358 3525 1605 3609 origine
1654 3526 1809 3588 satis
1855 3526 2032 3609 paria
2076 3532 2141 3589 et
2186 3524 2439 3589 easdem
2490 3524 2617 3590 fere
2663 3524 2976 3590 adnotati-

593 3650 778 3708 ones,
839 3636 914 3694 ut
971 3631 1187 3704 aiunt,
1252 3649 1439 3714 saepe
1499 3632 1909 3694 continentia.
1971 3629 2341 3695 Invenimus
2402 3636 2621 3695 contra
2684 3637 2758 3695 ut
2804 3630 2972 3695 dixi:

592 3736 623 3800 I
681 3735 1115 3820 Repetitiones
1174 3756 1323 3800 vere
1384 3737 1475 3800 sic
1531 3734 1937 3821 appellandas
2000 3739 2154 3801 satis
2222 3756 2472 3820 paucas.
2552 3734 2615 3800 II
2660 3734 2976 3821 Excerpta

591 3841 810 3907 brevia
855 3862 934 3906 ex
980 3840 1217 3905 Donati
1261 3839 1519 3905 scholiis
1563 3838 1982 3927 longioribus.
2045 3839 2141 3905 III
2179 3840 2702 3926 Interpolationes
2739 3840 2977 3928 longio-

591 3966 691 4011 res
754 3944 1138 4031 plerumque
1193 3952 1258 4010 et
1306 3948 1639 4032 graviores
1698 3945 2073 4010 Donatianis
2116 3946 2748 4031 interpretationibus
2794 3948 2975 4011 iuxta

589 4054 849 4136 positas.
914 4050 1000 4115 IV
1046 4051 1573 4137 Interpolationes
1617 4051 1892 4117 leviores
1940 4060 2005 4117 et
2050 4053 2391 4118 breviores.

678 4156 822 4221 Non
859 4156 1073 4221 addidi
1113 4160 1417 4242 quintum
1453 4178 1660 4242 genus
1701 4156 2275 4241 interpolationum
2302 4164 2367 4223 et
2391 4157 2972 4224 additamentorum

585 4260 887 4339 illorum,
953 4283 1229 4347 quorum
1292 4269 1551 4327 centum
1614 4261 1895 4346 amplius
1956 4266 2086 4327 iam
2149 4266 2401 4327 notavit
2450 4262 2971 4341 Wessnerus,

585 4389 736 4432 cum
782 4369 937 4433 haec
985 4372 1338 4434 maximam
1387 4374 1637 4453 partem
1684 4370 2044 4454 pertineant
2088 4368 2169 4434 ad
2212 4390 2418 4456 genus
2468 4368 2561 4435 111
2610 4370 2713 4436 vel
2758 4368 2863 4435 IV.
