3246 5085
609 330 742 402 438
1648 355 1962 404 nonnus.

698 519 1060 607 Explicatio
1107 527 1171 587 et
1219 522 1520 587 refutatio
1565 523 1758 586 iusta.
1808 520 2173 607 Respicitne
2222 520 2500 587 Probum
2555 517 2885 607 Asprum?

699 627 859 692 Ibid.
887 625 996 694 ,17
1061 627 1212 693 Sine
1259 627 1430 693 mala
1475 627 1649 693 fama
1695 628 1911 713 palam

701 732 799 814 (3)
845 734 1049 799 Multi
1095 733 1528 821 superioribus
1572 736 1860 821 iungunt
1903 732 2139 819 palam.

701 839 730 904 I
777 840 839 904 4.
868 841 910 904 4
965 840 1062 922 (2)
1123 839 1430 927 Nigidius
1493 839 1775 918 „celari”
1843 843 2094 926 quaerit
2154 844 2378 904 utrum
2441 837 2704 925 plenum
2767 842 2855 904 sit
2918 860 2997 904 an

607 967 918 1034 pressum.
1059 946 1261 1012 Locos
1319 946 1701 1033 Nigidianos
1766 968 1914 1012 cum
1962 946 2265 1013 Wessn.
2314 945 2393 1011 ad
2441 946 2631 1031 Aspri
2676 966 3006 1011 commen-

606 1058 753 1118 tum
799 1051 1185 1119 rettulerim.

698 1158 857 1225 Ibid.
909 1157 994 1223 13
1024 1230 1030 1237 ,
1066 1159 1369 1225 Protinus
1429 1160 1498 1224 in
1562 1158 1742 1245 pede.
1815 1158 1913 1240 (3)
1962 1156 2383 1237 „Protinam”
2432 1159 2591 1237 fuit,
2640 1162 2707 1224 et
2750 1160 2842 1223 sio
2886 1152 3005 1223 Ni·

606 1265 826 1354 gidius
871 1264 1096 1352 legit„
1683 1288 1692 1295 ·

697 1372 857 1437 Ibid.
899 1371 938 1437 9
986 1368 1355 1458 Loquarne?
1393 1370 1739 1437 Incendam
1758 1392 1775 1451 ς
1819 1369 2102 1438 taceam?
2138 1372 2481 1458 instigem,·
2533 1390 2808 1457 purgem
2850 1367 3005 1435 me?

606 1478 876 1545 laterem
919 1478 1137 1547 lavem
1715 1548 1725 1561 ,

698 1583 796 1667 (5)
860 1584 1004 1651 Duo
1068 1590 1220 1650 sunt
1281 1606 1444 1671 quae
1509 1583 1649 1650 fieri
1710 1586 1776 1649 in
1841 1583 2149 1670 placando
2214 1582 2455 1649 solent:
2505 1586 2618 1650 aut
2659 1582 2840 1668 loqui
2882 1590 3009 1649 aut

607 1697 846 1769 tacere3
911 1691 1022 1757 sed
1084 1691 1239 1777 quid
1298 1692 1419 1756 sibi
1483 1690 1633 1756 vult
1681 1711 2002 1777 „purgem
2048 1688 2263 1767 me?’'‚
2313 1712 2462 1755 oum
2510 1688 2683 1755 idem
2729 1691 2815 1755 sit
2866 1688 3009 1767 „lo-

609 1818 846 1883 quarne
865 1795 932 1861 ?”
999 1797 1098 1862 An
1163 1799 1314 1882 quia
1374 1802 1586 1884 potest
1652 1799 1954 1884 purgatio
2019 1801 2083 1862 et
2129 1818 2241 1883 per
2285 1795 2681 1862 defensorem
2729 1802 2843 1861 aut
2886 1817 3007 1880 pa-

607 1912 867 1969 tronum
913 1901 1174 1969 induci?
1312 1903 1408 1982 (6)
1458 1904 1597 1969 Hoc
1644 1903 1905 1988 quidam
1954 1908 2220 1989 putant,
2268 1902 2377 1967 sed
2424 1901 2655 1968 melius
2704 1908 2801 1967 est
2838 1901 3005 1967 haec

607 2016 672 2076 et
718 2009 1128 2095 perturbatae
1174 2015 1239 2074 et
1285 2008 1540 2075 servilis
1586 2011 2049 2095 imperitaeque
2098 2030 2400 2095 personae
2446 2008 2641 2075 verba
2683 2011 2818 2073 sine
2856 2014 3003 2073 arte

607 2136 744 2182 esse
791 2117 846 2180 si
896 2117 1035 2181 vim
1080 2114 1564 2201 significationis
1609 2116 1820 2182 habet.

697 2220 772 2286 In
833 2219 932 2301 (6)
981 2219 1189 2287 denuo
1248 2221 1549 2286 audimus
1610 2220 1943 2286 Editorem
1962 2268 1978 2299 ,
2041 2222 2153 2307 qui
2214 2223 2651 2306 quaestionem
2713 2219 3005 2307 logicam

609 2335 674 2394 et
733 2330 1267 2413 grammat-icam,
1328 2329 1604 2412 positam
1652 2347 1688 2391 a
1732 2325 1983 2392 Donato
2030 2331 2096 2392 in
2148 2327 2265 2409 (5),
2294 2322 2516 2392 'simili
2562 2325 2761 2393 solvit
2806 2348 3007 2413 argu·

607 2435 1038 2511 mentatione,
1102 2454 1228 2519 qua
1289 2454 1444 2499 usus
1503 2440 1600 2499 est
1662 2454 1855 2519 supra
1918 2434 1997 2499 ad
2059 2433 2178 2499 Ad.
2227 2433 2291 2499 II
2340 2434 2401 2499 3.
2431 2432 2470 2498 6
2499 2434 2617 2516 (2),
2664 2436 2867 2519 petita
2912 2455 3003 2499 ex

604 2539 926 2625 loquentis
986 2541 1346 2606 rusticitate
1407 2545 1521 2605 aut
1573 2538 1795 2606 servili
1849 2541 2196 2626 imperitia.
2250 2538 2613 2622 „Quidam”
2661 2540 2867 2627 igitur
2908 2565 3005 2591 =

607 2646 930 2726 Donatus,
977 2653 1054 2711 ut
1100 2666 1324 2732 supra,
1372 2644 1538 2712 Eun.
1589 2645 1677 2712 IV
1726 2644 1786 2712 7.
1817 2646 1877 2726 6,
1931 2645 2151 2726 „alii''.
2583 2667 2601 2674 ·

698 2754 1032 2818 Postrema
1092 2752 1286 2818 verba
1333 2751 1510 2819 Wes
1529 2775 1637 2818 sn.
1700 2775 1733 2819 e
1791 2755 2172 2818 coniecturis
2220 2751 2529 2840 Stephani
2576 2757 2642 2818 et
2686 2750 3005 2818 Schoellii

516 2848 520 2853 ’
605 2861 698 2925 sie
743 2858 976 2925 edidit:
1031 2880 1188 2936 „nee
1231 2861 1336 2924 sui
1381 2861 1515 2924 vim
1565 2857 1964 2946 significatus
2012 2857 2308 2924 haber-0⁹⁹.

645 3037 648 3040 ,
697 2965 760 3031 II
815 2966 870 3032 1.
900 2965 939 3030 3
1009 2965 1152 3031 Non
1201 2966 1456 3051 pudere.
1507 2965 1634 3031 Hie
1678 2965 1982 3052 Nigidius
2032 2968 2366 3032 annotavit
2410 2966 2827 3032 neminem
2875 2966 3001 3029 vi-

607 3071 784 3138 deri
833 3072 1144 3158 pudere
1193 3077 1382 3137 ante
1431 3070 1867 3138 delictum.

694 3178 856 3243 Ibid.
913 3176 996 3242 65
1068 3175 1306 3243 Verum
1366 3180 1444 3243 si‘
1482 3185 1754 3265 cognata
1816 3184 1915 3244 est
1974 3179 2305 3258 maxime,-
2361 3199 2488 3244 non
2549 3178 2674 3244 fuit
2735 3197 2999 3243 neeesse

603 3285 835 3350 habere

693 3390 792 3472 (2)
842 3389 1043 3482 <Τῷ>
1095 3390 1422 3471 ἱδιωτισμῷ
1469 3390 1714 3457 addidit
1763 3388 2153 3470 ‚,maxime'’,
2204 3410 2356 3456 nam
2402 3375 2539 3458 sire
2584 3397 2851 3476 cognata
2890 3397 3003 3454 est

602 3499 740 3563 sive
801 3518 925 3562 non
975 3500 1105 3575 est,
1155 3519 1282 3563 uon
1326 3493 1552 3582 recipit
1593 3490 1669 3561 ’τὸ
1718 3501 1964 3574 μᾶλλον
2013 3497 2116 3560 καὶ
2167 3493 2365 3575 ἧττον,
2420 3532 2499 3545 -
2550 3497 2671 3562 hoc
2717 3500 2814 3561 est
2860 3516 2997 3560 non

603 3603 840 3670 dicitur
901 3606 1226 3682 „maxime
1283 3602 1596 3689 cognata”
1661 3609 1726 3668 et
1790 3605 2103 3681 „minime
2164 3603 2504 3690 cognata”,
2570 3640 2653 3652 -
2716 3601 2826 3667 sed
2874 3608 2999 3666 aut

602 3719 699 3778 est
768 3717 881 3776 aut
944 3731 1072 3776 non
1132 3716 1250 3776 est.
1317 3710 1448 3774 Alii
1510 3712 1599 3775 sio
1664 3708 1992 3775 ordinant:
2057 3731 2186 3774 non
2233 3709 2361 3774 fuit.
2405 3729 2655 3774 neeesse
2703 3710 2997 3773 maxime

602 3819 865 3898 habere,
917 3817 1062 3884 alii:
1112 3817 1221 3883 sed
1266 3817 1334 3881 id
1380 3816 1549 3902 quod
1595 3815 1699 3881 lex
1749 3817 1927 3882 iubet
1978 3818 2259 3881 maxime
2308 3815 2523 3882 dotem
2570 3815 2823 3881 daretis.

692 3925 985 3990 Editores
1061 3924 1248 3991 hodie
1319 3944 1468 3988 oum
1531 3922 1781 3988 Donato
1843 3925 2315 4009 interpungunt
2376 3927 2526 4008 post
2589 3921 3001 4000 ‚,maxime”.

602 4029 820 4108 „Alii”
871 4069 956 4080 —
1009 4026 1205 4107 ‚,alii’'’
1257 4027 1472 4116 plures
1520 4030 1727 4095 fontes
1776 4029 2233 4095 demonstrant.

692 4135 754 4199 II
803 4134 863 4200 3.
897 4134 976 4199 11
1009 4134 1182 4217 Β(2)
1227 4133 1386 4201 Vide
1433 4156 1626 4221 supra
1673 4133 1881 4214 „Sunt
1924 4137 2035 4220 qui
2075 4136 2344 4220 putent'’
2388 4136 2669 4221 Asprum
2707 4133 3001 4201 indicare

600 4246 883 4326 possunt.

692 4346 850 4412 Ibid.
914 4344 1001 4412 25
1039 4345 1092 4410 Β
1132 4346 1228 4428 (2)
1291 4346 1505 4425 „Male
1567 4345 1791 4432 loqui''
1860 4394 1919 4413 ..
1950 4397 1964 4413 .
2030 4350 2278 4433 quaerit
2342 4348 2591 4414 Probus
2639 4349 2783 4434 quis
2831 4353 2991 4415 ante

598 4452 972 4518 Terentium
1019 4451 1270 4518 dixerit.
