3246 5085
1214 380 1222 388 -
1273 353 1582 404 1161111116.
2480 341 2613 408 207

219 522 697 609 improvidum,
747 522 1184 588 temerarium.
1316 520 1456 586 IP:
1507 520 1603 602 (3)
1644 521 1753 587 66(1
1800 521 2037 587 melius
2088 521 2483 600 „callidum”
2531 522 2616 590 le-

222 632 430 716 gitur.
2357 628 2419 696 S.
2470 653 2523 697 6.

313 735 478 802 Ibid.
530 734 618 800 90
683 736 770 800 At
817 735 990 800 enim
1037 736 1236 800 istaec
1280 735 1350 798 in
1398 754 1502 799 me
1548 733 1821 799 cudetur
1867 735 2013 801 faba

312 841 478 908 Don.
529 841 716 927 plane
763 847 827 906 et
876 840 1062 926 plene
1110 841 1228 905 hoc
1276 841 1689 925 proverbium
1738 844 1829 906 sic
1868 840 2212 928 explicuit:
2260 844 2356 925 (1)
2407 855 2621 925 Παροι-

219 949 378 1027 μίαι,
425 949 496 1014 id
544 956 676 1015 est:
725 951 792 1012 in
841 968 947 1013 me
989 948 1109 1012 hoc
1150 945 1398 1012 malum
1437 946 1713 1024 recidet,
1752 949 1821 1012 in
1862 969 1967 1014 me
2008 949 2163 1016 haec
2189 949 2621 1017 vindicabitur

221 1055 448 1142 culpa,
515 1060 590 1120 ut
635 1053 890 1120 laborat
935 1052 1182 1130 solum,
1231 1055 1296 1118 in
1345 1074 1471 1138 quo
1519 1052 1798 1133 cuditur,
1847 1054 1915 1119 id
1962 1062 2058 1120 est
2103 1057 2394 1123 batuitur
2436 1059 2619 1137 faba,

220 1182 374 1227 cum
435 1159 688 1260 siliquis
755 1161 1017 1224 exuitur
1078 1166 1269 1224 tunsa
1331 1158 1645 1237 fustibus,
1697 1164 1772 1224 ut
1814 1163 1884 1234 iu
1928 1164 2091 1227 areis
2137 1183 2315 1229 more
2363 1167 2626 1231 rustico·
2754 1195 2761 1200 ·

221 1289 372 1332 rum
426 1265 520 1330 fit.

318 1372 490 1439 Cum
552 1372 706 1437 haec
751 1373 1200 1458 interpretatio
1249 1371 1640 1436 dubitationi
1685 1370 1901 1438 locum
1948 1396 2072 1440 non
2120 1375 2477 1463 relinquat,
2525 1377 2625 1443 In·

215 1479 598 1565 terpolatori
646 1476 962 1543 reddenda
1008 1485 1105 1543 est
1160 1477 1475 1543 mirabilis
1528 1475 1679 1557 illa,
1745 1499 1907 1564 quae
1971 1484 2295 1567 sequitur:
2367 1484 2462 1565 (2)
2509 1483 2626 1550 Vel

219 1585 392 1671 quod
433 1584 697 1671 quidam
738 1583 907 1649 male
946 1591 1190 1649 coctam
1231 1584 1447 1649 fabam
1486 1591 1552 1649 et
1595 1606 1757 1670 quae
1796 1609 1919 1652 non
1960 1588 2287 1654 maduerit
2324 1590 2433 1656 sed
2468 1591 2627 1656 dura

220 1694 684 1779 permanserit,
750 1711 942 1777 supra
988 1697 1184 1777 eaput
1222 1693 1412 1777 coqui
1457 1691 1793 1768 (cudunt)
1838 1693 2021 1760 velut
2060 1697 2185 1781 ipsi
2223 1693 2403 1764 fabae
2442 1701 2623 1778 irati,

225 1799 386 1864 dum
451 1800 592 1863 eius
655 1818 935 1883 granum
997 1819 1149 1863 saxo
1212 1799 1703 1863 comminuunt:
1754 1804 1895 1864 tum
1945 1804 2323 1868 universum
2373 1802 2625 1870 malum

222 1911 292 1970 61
339 1906 550 1970 61111116
600 1902 782 1971 dolor
827 1903 906 1970 ad
949 1925 1228 1989 coquum
1274 1907 1590 1990 pervenit.
1645 1943 1723 1954 -
1778 1904 2006 1971 Simile
2047 1915 2113 1973 et
2150 1907 2305 1974 alibi
2330 1911 2623 1991 (Phorm.

217 2011 284 2077 11
334 2010 398 2076 2.
427 2009 496 2092 4)
542 2032 579 2075 6
627 2009 964 2096 pulmento
1012 2011 1428 2096 proverbium
1477 2015 1575 2076 est
1625 2017 1811 2090 „tute
1856 2013 1975 2078 1166
2021 2015 2300 2094 intristi,
2346 2017 2463 2082 tibi
2501 2018 2627 2083 hoc

221 2123 324 2183 est
376 2115 816 2192 exedendum,
865 2116 1264 2202 accingere”.

317 2225 657 2290 Postrema
701 2242 880 2309 pars:
933 2223 1203 2300 „Simile
1242 2230 1308 2289 61
1345 2222 1542 2289 611111”
1587 2245 1720 2310 sqq.
1765 2228 2043 2311 pertinet
2083 2215 2291 2294 denuo
2332 2228 2412 2294 ad
2452 2230 2621 2294 scho-

220 2329 394 2396 lium
457 2329 617 2395 Don.
681 2331 812 2412 (l);
875 2331 1114 2395 erravit
1161 2327 1507 2395 Sabbadini
1552 2350 1702 2395 cum
1750 2331 1907 2397 haec
1953 2354 2208 2419 quoque
2257 2356 2372 2420 pro
2434 2338 2627 2402 inter·

221 2436 460 2525 polatis
517 2436 813 2510 haberet,
879 2455 996 2500 1166
1039 2436 1256 2500 minus
1306 2433 1707 2514 Wessnerus,
1758 2459 1908 2502 cum
1957 2441 2187 2526 verba:
2240 2440 2469 2518 „velut
2518 2489 2533 2506 .
2564 2490 2577 2507 .
2609 2490 2624 2509 .

220 2541 724 2611 comminuunt''
772 2564 889 2627 pro
937 2541 1324 2608 emblemate
1371 2546 1690 2629 scriptura
1735 2551 2021 2625 notaret,
2072 2550 2398 2633 pertinent
2446 2552 2620 2615 enim

223 2652 306 2718 ad
355 2650 820 2736 praecedentia.

317 2756 482 2823 Ibid.
533 2755 614 2822 91
688 2754 1046 2841 Flagitium
1095 2756 1386 2821 facimus.
1441 2756 1536 2820 An
1582 2756 1650 2821 id
1700 2756 2029 2843 flagitium
2076 2765 2173 2825 est

315 2864 413 2944 (1)
480 2860 927 2949 „Flagitium”
993 2882 1169 2927 more
1233 2860 1502 2927 militari
1564 2862 1803 2927 dicitur
1862 2886 1961 2930 res
2010 2865 2413 2953 flagitatione
2439 2916 2454 2945 ,
2502 2868 2621 2934 hoc

221 2976 324 3037 est
385 2971 816 3055 increpatione
877 2968 1096 3055 digna.
1236 2968 1332 3051 (2)
1380 2967 1548 3033 Ν6111
1594 2966 1911 3055 flagitatio
1959 2993 1995 3036 a
2040 2974 2312 3057 strepitu
2362 2973 2617 3054 dicitur,

221 3076 396 3143 unde
460 3074 722 3141 flamma
769 3080 834 3139 et
878 3072 1138 3160 flagella
1185 3080 1249 3139 et
1295 3072 1659 3160 flagellare,
1708 3075 1771 3139 id
1822 3081 1919 3142 est
1962 3098 2338 3162 personare,
2387 3078 2621 3145 intelli·

217 3187 445 3270 gimus
492 3181 652 3246 dici:
700 3200 848 3245 nam
901 3180 1056 3246 11666
1103 3182 1318 3245 61111116
1362 3182 1498 3245 61116
1544 3180 1758 3245 sonitu
1807 3186 2181 3270 crepituque
2220 3205 2343 3251 non
2384 3192 2556 3251 sunt.

219 3288 322 3371 (3)
387 3288 530 3365 „An
591 3286 658 3351 id
719 3286 1046 3372 flagitium
1110 3286 1250 3352 est’'
1300 3308 1378 3351 an
1426 3285 1654 3365 liceat,
1698 3308 1777 3351 an
1827 3288 2079 3368 deceat,
2128 3298 2193 3356 et
2237 3294 2419 3378 prius
2466 3295 2619 3378 quia
2674 3314 2681 3321 ·

215 3396 396 3460 11661.
581 3391 676 3474 (4)
736 3391 1073 3457 Terentius
1133 3391 1352 3458 laudat
1412 3400 1873 3479 argumentum
1938 3396 2135 3462 huius
2195 3397 2484 3477 fabulae,
2546 3401 2617 3463 in

219 3522 350 3587 quo
397 3499 767 3585 exemplum
816 3501 1156 3585 promitur,
1206 3498 1374 3584 quod
1421 3502 1625 3585 prosit
1672 3503 2079 3586 parentibus,
2126 3504 2295 3569 obsit
2332 3507 2619 3570 meretri-

219 3609 342 3674 bus
362 3627 381 3687 3
426 3614 492 3672 et
538 3604 736 3671 simul
787 3604 1352 3671 deliberationibus
1399 3611 1711 3686 tractans,
1758 3616 1935 3685 <an>
1976 3612 2061 3675 sit
2108 3610 2490 3677 faciendum.

315 3713 490 3778 Mihi
549 3717 627 3777 ut
686 3710 1071 3777 Sabbadinio
1133 3716 1425 3796 suspecta
1486 3718 1583 3776 est
1632 3712 1945 3779 derivatio
1992 3715 2107 3797 (2),
2148 3737 2423 3801 quacum
2475 3737 2616 3782 6611-

219 3820 388 3885 feras
451 3816 664 3885 Gloss.
695 3816 800 3909 „VI
849 3816 980 3882 466
1049 3817 1483 3903 „fraglantes”
1548 3840 1663 3904 per
1725 3841 1755 3883 r
1801 3819 2232 3906 splendentes,
2283 3823 2611 3905 ardentes,

220 3928 406 3992 venit
467 3945 504 3991 a
566 3924 831 3990 fremitu
893 3926 1088 4011 ignis.
1250 3922 1510 3991 Scholia
1557 3924 1654 4007 (3)
1700 3925 1796 4008 (4)
1844 3929 1938 4008 (5)
1988 3930 2085 3992 uti
2134 3928 2221 3995 92
2266 3937 2332 3995 61
2380 3930 2465 3996 96
2514 3931 2655 4013 (1)·

217 4038 374 4098 611111
436 4054 470 4097 6
529 4050 764 4118 genere
825 4031 1138 4096 rhetorico
1200 4030 1370 4116 quod
1431 4052 1558 4096 non
1619 4031 1792 4097 cadit
1834 4036 1901 4098 in
1949 4032 2309 4114 Donatum,
2360 4036 2435 4101 de
2484 4057 2611 4121 quo

217 4138 372 4206 vide
411 4138 657 4203 Mnem.
690 4136 978 4201 XXXIII
1016 4135 1144 4202 126
1170 4158 1305 4221 sqq.
1348 4136 1480 4201 229
1507 4158 1640 4223 sqq.
1690 4138 1832 4203 Non
1870 4139 2153 4205 Editoris
2192 4141 2301 4206 sed
2340 4142 2615 4208 rhetoris

216 4244 494 4311 6116111116
553 4243 712 4309 11666
773 4262 908 4309 6666
954 4246 1199 4328 opinor,
1247 4242 1430 4309 illata
1476 4243 1770 4310 alicunde
1817 4266 1851 4311 6
1904 4247 2303 4333 marginibus
2352 4270 2389 4314 a
2430 4246 2613 4315 Gom-

211 4349 524 4437 pilatore;
598 4356 905 4435 apparent
967 4348 1309 4433 aliquando
1371 4348 1558 4434 plura
1619 4349 1847 4443 simul,
1914 4352 2023 4417 sed
2086 4351 2468 4440 plerumque
2538 4359 2616 4420 ut

213 4459 350 4524 rari
395 4462 617 4521 nantes
663 4459 730 4521 in
776 4457 1042 4542 gurgite
1091 4460 1296 4523 vasto.
