3246 5085
589 284 723 350 234
1629 305 1944 355 nonnus.

680 471 842 537 Ibid.
894 471 935 536 2
1015 471 1211 554 Quasi
1258 472 1472 540 dedita
1519 494 1709 560 opera
1755 472 1928 539 domi
1976 479 2192 553 erant,
2240 479 2316 540 ut
2362 475 2545 544 nullo
2590 479 2778 546 modo

995 578 1174 646 Intro
1223 583 1317 646 ire
1363 601 1648 668 possem,
1698 582 1853 665 quin
1901 602 2007 647 me
2053 581 2349 649 viderent

679 685 777 765 (1)
821 685 966 751 Non
1014 691 1150 752 tam
1196 689 1474 766 mirum,
1523 689 1579 752 si
1627 686 1801 752 domi
1852 693 2067 764 erant,
2108 687 2219 753 sed
2259 687 2425 754 illud
2464 693 2677 778 magis
2716 694 2987 770 mirum,

591 790 761 875 quod
825 794 895 856 in
955 811 1030 857 ea
1077 792 1309 857 domus
1355 798 1571 878 parte,
1620 813 1747 878 qua
1793 795 1862 857 in
1911 793 2097 859 aedes
2142 796 2605 862 introeundum
2654 806 2791 863 erat
2835 798 2991 864 adu·

588 895 959 962 lescentulo.
1145 898 1241 980 (2)
1293 898 1601 985 Superius
1650 919 1841 965 causa
1885 903 2251 966 continetur
2298 922 2413 967 cur
2459 925 2583 969 non
2634 908 2991 972 mutaverit

591 1009 839 1068 vestem
859 1051 875 1080 ,
921 1005 1188 1070 inferius
1239 1012 1458 1072 autem
1505 1027 1619 1072 cur
1666 1005 1791 1073 huc
1838 1006 2119 1072 redierit.

683 1109 851 1191 Quid
897 1119 993 1176 est
1046 1113 1420 1197 „superius”
1471 1117 1536 1177 et
1589 1113 1939 1190 „inferius”
1988 1115 2056 1177 in
2103 1111 2241 1195 (2)?
2286 1113 2431 1180 Non
2476 1115 2822 1205 intellego,
2860 1119 2992 1184 nisi

591 1217 856 1282 fortasse
914 1218 1280 1283 indicentur
1338 1218 1464 1285 duo
1509 1218 1631 1284 illa
1675 1221 1742 1284 in
1791 1218 2032 1286 scholio
2078 1221 2174 1300 (l)
2224 1220 2444 1298 „domi
2490 1225 2713 1288 erant''
2762 1231 2829 1290 et
2874 1228 2991 1304 „in

594 1346 667 1392 ea
713 1325 945 1392 domus
990 1327 1234 1411 parte”,
1285 1325 1394 1392 sed
1442 1329 1669 1412 utique
1720 1326 2048 1392 adnotatio
2094 1326 2413 1393 mirabilis
2458 1335 2575 1394 est.

684 1431 846 1497 Ibid.
897 1437 939 1497 4
1009 1432 1216 1499 Notus
1261 1433 1425 1498 mihi
1463 1433 1736 1518 quidam
1782 1433 2041 1498 obviam
2089 1436 2270 1499 venit

685 1538 846 1604 Don.
887 1547 1057 1605 recte
1093 1539 1224 1620 (2):
1267 1538 1392 1620 Qui
1435 1560 1541 1605 me
1581 1542 1785 1627 possit
1824 1560 2188 1626 agnoscere.
2325 1539 2428 1605 IP
2470 1541 2673 1607 stulte
2712 1539 2991 1608 addidit:

593 1645 700 1712 vel
747 1649 888 1731 qui
935 1667 1056 1712 me
1102 1649 1475 1724 noverit,
1527 1646 1596 1711 id
1644 1653 1741 1712 est
1788 1649 2054 1712 amicus.

684 1753 846 1819 Ibid.
900 1753 984 1819 10
1054 1752 1221 1834 Quid
1270 1774 1414 1818 mea
1459 1751 1725 1819 autem?
1793 1752 1961 1834 Quid
2008 1753 2199 1819 faciet
2245 1751 2453 1819 mihi?

685 1860 783 1941 (1)
846 1857 1117 1947 Colligit
1179 1882 1245 1926 se
1306 1881 1530 1925 rursus
1591 1859 1671 1926 ad
1733 1860 2209 1946 impudentiam
2276 1858 2578 1927 Chaerea.
2766 1860 2986 1926 Inanis

594 1969 878 2032 imitatio
919 1973 1016 2032 est
1055 1966 1226 2053 quod
1264 1970 1585 2054 sequitur:
1627 1966 1726 2048 (2)
1762 1966 1848 2032 Et
1888 1967 2035 2033 vide
2073 1969 2129 2032 si
2166 1988 2293 2032 non
2334 1966 2555 2033 eadem
2596 1972 2695 2033 est
2726 1966 2993 2033 audacia

595 2077 664 2139 in
712 2071 994 2140 Chaerea
1037 2094 1199 2159 quae
1247 2077 1314 2138 in
1361 2073 1765 2159 suscipiendo
1813 2074 2088 2140 facinore
2136 2071 2303 2139 fuit?

691 2180 852 2246 Ibid.
906 2180 984 2245 11
1058 2180 1193 2247 Th.
1243 2181 1586 2247 Adeamus.
1640 2218 1723 2229 —
1770 2180 1946 2246 Bone
1991 2183 2093 2245 vir
2135 2179 2339 2260 Dore,
2387 2178 2565 2246 salve

691 2287 961 2353 Lemma
1013 2287 1240 2353 scholii
1286 2288 1382 2369 (2)
1429 2294 1528 2352 est
1576 2286 2011 2366 ‚‚Adeamus’',
2057 2289 2276 2373 itaque
2320 2287 2440 2353 hoc
2488 2289 2556 2353 in
2606 2285 2992 2354 Commento

599 2395 727 2459 fuit
785 2400 935 2459 ante
996 2398 1019 2474 (
1028 2393 1092 2476 1)
1153 2397 1337 2460 ouius
1382 2393 1622 2460 lemma
1668 2400 1764 2459 est
1815 2393 2031 2473 „Bone
2076 2396 2179 2460 vir
2224 2391 2458 2461 Dore”.
2552 2393 2991 2480 Transpositio

601 2501 869 2569 debetur
914 2503 1110 2567 errori
1159 2499 1635 2589 compilatoris,

693 2607 857 2673 Ibid.
913 2607 996 2672 14
1070 2605 1204 2675 Ch.
1254 2608 1324 2673 Si
1371 2607 1566 2674 aliam
1615 2607 1933 2674 admisero
1980 2628 2329 2694 umquam,
2380 2607 2651 2674 occidito

695 2714 793 2796 (2)
859 2716 945 2781 Et
1005 2737 1131 2781 non
1194 2713 1530 2793 „caedito”
1598 2713 1709 2779 sed
1773 2713 2151 2791 „occidito”.
2337 2712 2549 2779 Immo
2609 2714 2729 2780 hoc
2772 2717 2989 2801 ipsum

603 2820 930 2909 intellegit
969 2819 1268 2889 Chaerea.
1410 2818 1622 2886 Schol.
1665 2818 1761 2901 (3)
1800 2821 2395 2906 corruptissimum:
2422 2818 2543 2886 Illa
2566 2822 2751 2906 quasi
2772 2820 2993 2886 cheres

603 2927 853 2995 dixerat
901 2928 1134 2994 adhinc
1179 2929 1400 2991 irrisor
1445 2929 1629 3012 quasi
1676 2926 2036 3013 fugitivus,
2088 2962 2171 2975 —
2220 2926 2489 2992 fortasse
2535 2928 2629 2991 ita
2676 2927 2993 3013 corrigen-

604 3035 796 3100 dum:
859 3034 1153 3113 (Thais)
1200 3032 1316 3098 illa
1363 3035 1544 3120 quasi
1592 3035 1975 3120 (ingenuo)
2027 3030 2346 3099 Chaereae
2392 3032 2641 3098 dixerat
2684 3032 2847 3113 (scil.
2896 3054 2991 3097 vs.

609 3141 752 3221 13):
799 3140 1075 3219 „Credin
1100 3149 1163 3206 te
1185 3143 1452 3226 impune
1474 3140 1853 3206 habiturum
1870 3136 1972 3220 ?'';
2016 3147 2097 3205 at
2135 3140 2269 3205 hic
2308 3142 2529 3206 irrisor
2554 3140 2985 3226 (respondet)

603 3253 681 3312 ut
727 3248 1069 3333 fugitivus.

699 3352 861 3418 Ibid.
912 3352 998 3419 25
1067 3354 1214 3419 Non
1258 3359 1322 3420 te
1368 3354 1679 3440 dignum,
1728 3352 2040 3431 Chaerea,
2088 3353 2299 3419 fecisti

696 3459 796 3524 IP
855 3459 954 3541 (3)
1016 3458 1394 3547 „Dignum”
1445 3481 1560 3546 pro
1611 3459 1915 3547 „digne’',
1962 3466 2076 3525 aut
2122 3459 2299 3526 deest
2350 3460 2701 3539 „facinus”,
2748 3466 2825 3526 ut
2870 3463 2993 3539 sit,

609 3587 734 3632 non
795 3572 859 3633 te
921 3566 1193 3652 dignum
1255 3568 1500 3632 facinus
1549 3566 1777 3633 fecisti.
1961 3566 2326 3651 Perperam.
2400 3565 2497 3634 Cf.
2547 3567 2811 3632 Phorm.
2860 3566 2997 3633 430

612 3674 788 3751 „tuis
835 3672 1108 3759 dignum
1154 3673 1340 3737 factis
1389 3673 1680 3738 feceris''.
1728 3671 1910 3737 Nihil
1955 3672 2153 3738 deest.

700 3780 842 3847 Ibid
891 3780 978 3846 36
1049 3779 1254 3862 Quid,
1301 3783 1355 3845 si
1402 3781 1522 3846 hoc
1569 3783 1893 3867 quispiam
1938 3780 2146 3845 voluit
2194 3778 2393 3845 deus?

697 3886 860 3953 Don.
909 3886 1003 3966 (1)
1046 3886 1359 3972 Pleraque
1396 3889 1748 3972 repentinis
1787 3886 2287 3973 impulsionibus
2324 3896 2475 3952 nata
2511 3888 2825 3972 mirisque
2860 3909 3005 3975 pro-

607 3994 907 4059 ventibus
947 3994 1062 4058 deo
1111 3992 1386 4059 adscribi
1434 3992 1673 4070 solent,
1724 4000 1795 4059 ut
1833 3992 2162 4081 Vergilius
2199 3993 2384 4071 (Aen.
2425 3990 2487 4056 11
2526 3991 2680 4072 632,
2715 3992 3001 4075 111715)

609 4107 674 4166 et
711 4098 1062 4165 Sallustius
1100 4100 1204 4179 (fr.
1245 4100 1470 4179 Hist.).
1609 4099 1728 4165 Ed.
1771 4100 1867 4182 (2)
1892 4099 2049 4166 Vult
2073 4120 2357 4166 amorem
2383 4098 2677 4189 intellegi
2701 4100 2895 4167 deum
2928 4102 3003 4182 ¹).

607 4204 871 4271 Falsum
891 4226 909 4284 3
957 4205 1362 4293 intellegitur
1408 4205 1667 4293 aliquod
1716 4228 1955 4273 numen
1977 4255 1995 4286 ‚
2044 4206 2123 4272 cf.
2174 4204 2449 4273 Fabia.

677 4456 728 4522 1)
764 4456 840 4505 Cf.
868 4454 1093 4505 Eiusdem
1121 4452 1270 4505 schol.
1301 4452 1365 4503 ad
1394 4454 1523 4503 And
1543 4469 1582 4504 r.
1619 4454 1657 4501 V
1690 4456 1736 4504 8.
1756 4454 1821 4505 25
1852 4453 1979 4519 Quia
1997 4466 2131 4503 amor
2148 4453 2265 4504 deus
2282 4456 2357 4505 est
2402 4454 2589 4503 hinem.
2606 4452 2791 4505 xxxn
2810 4470 2857 4520 p.
2878 4454 2999 4505 225.
