3246 5085
576 287 707 354 216
875 279 886 288 ’
1557 305 1927 359 :fs-nonnus.

668 472 766 537 Ex
801 472 1118 538 eiusdem
1181 473 1496 540 formulae
1561 474 2043 540 definitionibus
2108 474 2381 540 diversis
2444 475 2540 556 (2)
2600 480 2667 541 et
2710 475 2805 557 (4)
2850 474 2985 542 hoc

579 579 857 657 Donato,
899 579 1064 644 illud
1105 580 1242 645 eius
1283 580 1541 646 aemulo
1581 581 2053 668 adsignandum
2093 602 2231 647 esse
2270 603 2460 647 nemo
2483 580 2667 648 facile
2688 582 2979 669 negabit.

671 687 728 751 A
795 685 994 752 schol.
1060 685 1155 768 (3)
1217 695 1438 753 autem
1503 687 1713 754 differt
1776 687 2012 754 Donati
2074 688 2366 753 doctrina
2426 688 2504 753 ad
2549 686 2643 754 1.1.
2698 688 2983 754 Andriae

579 792 856 878 prolata:
923 792 1091 859 Bene
1141 814 1256 870 „ea
1303 793 1382 859 ab
1431 793 1589 859 illo’'
1650 794 1817 860 dixit
1880 795 2241 873 „iniuria’':
2308 797 2734 861 certissimam
2798 797 2979 861 enim

578 903 828 966 notavit
896 922 1264 986 personam,
1337 922 1497 988 quae
1567 902 1795 968 debeat
1866 923 1981 988 pro
2050 904 2311 968 iniuriis
2381 922 2617 988 poenas
2686 902 2977 980 sohel-03

577 1007 806 1093 quodsi
875 1008 1138 1073 dixisset
1209 1011 1488 1086 „iniuria
1555 1011 1740 1075 eius”
1812 1009 2282 1095 amphiboliam
2344 1009 2634 1086 fecisset,
2706 1016 2973 1074 utrum:

579 1135 772 1199 quam
821 1135 1042 1198 passus
1087 1121 1184 1180 est
1230 1115 1309 1180 ab
1359 1114 1523 1194 alio,
1575 1136 1691 1180 au:
1742 1136 1936 1201 quam
1983 1118 2121 1201 ipse
2168 1115 2311 1181 aliis
2356 1114 2604 1180 intulit.

670 1219 938 1285 Restant
1001 1218 1250 1285 Donato
1311 1222 1406 1302 (1)
1451 1227 1517 1286 et
1565 1220 1681 1303 (4).
1746 1221 1869 1286 His
1918 1221 2143 1287 Editor
2191 1222 2579 1307 interposuit
2628 1220 2722 1302 (2)
2770 1224 2835 1286 et
2877 1218 2982 1301 (3)

579 1329 916 1394 coniuncta
977 1347 1090 1412 per
1151 1327 1330 1404 sed,
1390 1329 1541 1411 quia
1603 1327 1959 1394 secundum
2012 1327 2109 1409 (2)
2160 1326 2453 1414 vulgaris
2500 1333 2827 1394 structura
2876 1332 2985 1392 est

587 1435 856 1512 „mereri
920 1432 1194 1499 alicuius
1248 1435 1597 1520 gratiam’',
1662 1435 1800 1500 sed
1847 1434 1913 1500 h.
1939 1432 1984 1498 1.
2034 1433 2286 1500 dicatur
2332 1455 2491 1500 mer.
2542 1454 2641 1521 gr.
2690 1435 2782 1500 ab
2832 1431 2987 1499 ali-

582 1561 755 1625 quo.
941 1538 1272 1606 Particula
1339 1543 1643 1620 „autem”
1694 1544 1763 1606 in
1810 1541 1907 1624 (4)
1955 1542 2073 1608 hoc
2120 1540 2441 1607 scholium
2488 1544 2559 1607 in
2610 1547 2983 1607 commento

578 1651 876 1713 iunxerat
923 1668 1072 1712 cum
1119 1648 1235 1728 (l).

668 1755 831 1820 Ibid.
885 1753 967 1818 12
1035 1752 1086 1818 Ο
1135 1754 1337 1820 festus
1387 1754 1522 1821 dies
1570 1752 1891 1821 hominis!
1935 1754 2157 1834 Salve,
2207 1757 2413 1820 amice
2460 1751 2588 1819 mi!

673 1862 768 1943 (2)
831 1861 1068 1926 Utrum
1133 1862 1247 1946 qui
1292 1882 1484 1927 causa
1532 1867 1631 1926 est
1677 1862 1825 1927 festi
1872 1883 1943 1926 ac
1988 1860 2145 1928 laeti
2192 1861 2317 1926 diei
2365 1882 2446 1927 an
2494 1863 2607 1947 qui
2652 1862 2790 1947 ipse
2836 1865 2981 1925 tau-

581 1976 688 2034 tus
746 1970 832 2032 sit
892 1972 1172 2051 quantus
1234 1975 1328 2033 est
1391 1968 1594 2034 festus
1645 1965 1822 2034 dies?
1960 1967 2056 2049 (3)
2102 1969 2230 2033 Pro
2282 1968 2516 2046 „homo
2564 1967 2711 2032 festi
2758 1965 2974 2045 diei”;

578 2079 668 2140 sic
731 2074 967 2139 dicitur
1027 2077 1220 2139 etiam
1288 2074 1536 2153 „scelus
1600 2074 1923 2140 hominis’'
1976 2077 2091 2153 (sic
2140 2073 2447 2140 Wessn.
2498 2094 2612 2159 pro
2666 2072 2976 2152 ,‚homo”,

579 2183 691 2266 qui
754 2186 968 2246 tamen
1033 2201 1370 2266 perperam
1409 2182 1565 2247 haec
1612 2182 1811 2247 verba
1858 2180 2075 2248 inclin.
2124 2181 2256 2247 litt.
2306 2180 2549 2262 edidit).
2598 2179 2841 2245 Ennius
2890 2201 2981 2257 „0

579 2292 782 2375 pietas
832 2284 1108 2352 animil”

669 2394 958 2462 Donatus
1004 2393 1348 2478 prudenter
1394 2392 1787 2460 locutionem
1835 2394 2147 2480 exemplis
2193 2393 2551 2461 illustravit
2596 2415 2721 2458 non
2766 2393 2983 2458 hario-

576 2502 816 2568 latione
863 2499 1380 2588 semasiologica,
1431 2506 1506 2566 ut
1555 2500 1655 2566 IP
1682 2501 1777 2584 (2)
1808 2499 1903 2584 ¹)).

666 2606 829 2671 Ibid.
885 2606 966 2671 14
1030 2609 1212 2672 Ant.
1260 2608 1465 2673 Narra
1510 2610 1718 2687 istuc,
1766 2628 2037 2694 quaeso,
2087 2607 2243 2694 quid
2288 2609 2395 2673 sit.

1030 2711 1160 2779 Ch.
1254 2712 1465 2779 Immo
1515 2713 1728 2780 hercle
1771 2715 2031 2781 obsecro
2082 2720 2145 2779 te
2196 2720 2269 2779 ut
2318 2712 2540 2780 audias

666 2819 762 2900 (l)
811 2820 1060 2885 Bonum
1108 2820 1596 2904 compendium,
1639 2842 1717 2887 ne
1760 2819 1969 2885 multa
2008 2820 2247 2886 diceret
2284 2819 2363 2885 ad
2401 2817 2981 2885 commendandam

577 2934 652 2992 ut
711 2925 872 2992 solet
933 2928 1366 2992 narrationem
1429 2927 1739 2993 futuram.
1878 2926 2019 2993 Hoc
2083 2932 2215 2992 est:
2280 2924 2563 2993 Chaerea
2609 2925 2977 2991 auditorem

574 3038 831 3117 repente
877 3034 1046 3117 rapit
1093 3033 1161 3096 in
1208 3032 1452 3097 medias
1499 3053 1600 3097 res
1643 3035 1777 3097 sine
1816 3031 2009 3109 solita
2046 3034 2427 3098 narrationis
2464 3033 2973 3118 praeparatione.

574 3138 683 3204 Sic
729 3137 887 3205 Don.
983 3138 1084 3203 IP
1131 3138 1305 3203 idem
1355 3137 1574 3205 aliter:
1642 3139 1738 3220 (2)
1801 3139 1971 3205 Bene
2020 3138 2295 3205 contulit
2342 3140 2571 3217 verba,
2620 3144 2697 3203 ut
2740 3160 2819 3203 ex
2864 3138 2977 3204 his

574 3251 876 3330 appareat
939 3244 1094 3330 quid
1159 3244 1386 3325 (Rabb.
1439 3244 1727 3311 Wessn.:
1779 3266 1973 3331 quam
2020 3245 2114 3326 id)
2161 3264 2350 3331 agere
2398 3243 2595 3311 velit:
2642 3243 2755 3309 ille
2802 3243 2977 3310 dixit

578 3350 898 3437 „quaeso”
947 3351 1052 3415 hic
1099 3350 1466 3427 „obsecro”.
1609 3350 1710 3415 IP
1758 3357 2107 3437 utrumque
2152 3353 2221 3416 in
2266 3351 2615 3417 editionem
2664 3352 2919 3436 recepit.

667 3456 827 3523 Ibid.
898 3457 979 3521 15
1021 3458 1115 3537 (1)
1183 3456 1342 3523 Don.
1411 3460 1851 3544 quaestionem
1882 3456 1936 3539 ²)
1996 3464 2227 3524 tractat
2291 3479 2410 3536 „an
2478 3456 2828 3523 verisimile
2881 3458 2975 3523 sit

577 3564 932 3648 Antiphoni
995 3568 1212 3628 notam
1275 3584 1412 3629 esse
1472 3563 1831 3630 Thaidem''
1895 3571 1961 3630 et
2021 3572 2208 3650 putat
2267 3564 2464 3629 huius
2526 3564 2763 3630 famam
2811 3584 2975 3629 eum

578 3673 738 3735 scire
787 3692 820 3735 e
869 3670 1206 3735 Phaedria.
1344 3669 1772 3757 Interpolator
1819 3678 2071 3737 contra:
2123 3672 2218 3753 (2)
2264 3670 2628 3737 Verisimile
2672 3676 2769 3737 est
2812 3671 2975 3737 haec

575 3780 734 3843 scire
783 3777 1254 3862 Antiphonem,
1323 3780 1432 3863 qui
1482 3778 1637 3844 adeo
1684 3782 1769 3843 sit
1816 3778 2153 3845 familiaris
2202 3776 2541 3845 Chaereae.
2681 3775 2772 3843 At
2821 3798 2975 3845 vero

577 3882 857 3951 Chaerea
901 3882 965 3948 II
1013 3882 1074 3949 3.
1105 3882 1192 3948 68
1215 3904 1308 3970 sq.
1357 3886 1494 3969 ipse
1543 3885 1784 3951 fatetur
1831 3906 2015 3951 suam
2065 3884 2328 3951 Thaidis
2371 3886 2827 3972 ignorantiam.

647 4205 700 4270 1)
754 4204 1039 4254 Bentlei
1060 4220 1130 4254 ne
1181 4204 1468 4269 reprehensa
1519 4204 1698 4254 Donati
1747 4203 2149 4272 interpretatione
2194 4203 2426 4255 correxit:
2484 4206 2557 4255 Ὀ
2604 4204 2754 4255 festus
2786 4204 2906 4265 dies,
2940 4220 2990 4255 ο-

509 4330 516 4337 .
577 4303 712 4339 mens
745 4287 939 4346 amicus,
975 4286 1103 4336 salve
1117 4285 1166 4335 1”

646 4371 698 4433 2)
745 4370 976 4420 Wenn.
1023 4370 1074 4419 iu
1110 4370 1243 4420 Aem.
1282 4372 1436 4435 Aspre
1471 4388 1518 4437 p.
1556 4372 1622 4421 22
1657 4370 1927 4437 sunpicatnr
1962 4372 2203 4422 Donatum
2240 4370 2511 4421 huiuamodi
2544 4370 2845 4435 quaestiones
2881 4376 2981 4423 ret·

575 4454 744 4505 tuliase
778 4470 804 4504 e
836 4452 1011 4504 Probo.
