3246 5085
1273 329 1586 384 nonnus.
2481 321 2613 389 303

318 500 529 568 Schol.
578 500 675 582 (4)
736 499 960 586 Iungit
1024 499 1288 584 „Neque
1350 499 1536 565 tum''
1587 519 1725 586 sqq.
1788 506 1852 566 et
1913 501 2128 568 locum
2183 505 2276 570 sic
2323 511 2611 574 enarrat:

222 608 425 676 Dolet
485 606 801 674 Phaedria
860 607 980 672 hoc
1044 604 1291 671 malum
1338 605 1463 670 sibi
1510 628 1638 672 non
1685 612 1827 671 tum
1875 608 2199 676 obiectum
2245 633 2380 678 esse
2398 660 2414 691 ‚
2465 635 2615 678 cum

218 715 517 800 Antipho
578 710 749 790 alia,
802 711 922 777 hoc
985 717 1083 777 est
1141 710 1417 792 leviore,
1475 712 1910 780 sollicitudine
1959 724 2375 802 occuparetur
2420 740 2618 804 quam

214 825 294 888 in
360 843 484 908 qua
540 841 711 885 nunc
773 825 1087 885 versatur.
1206 817 1311 884 Sic
1374 819 1581 904 igitur
1640 821 1890 897 „esset”
1937 853 2017 878 =
2065 845 2241 889 esse
2288 832 2353 890 et
2400 825 2615 904 „alia”

218 929 479 994 dictum
522 948 638 1013 pro
684 925 1037 992 leviore.
1129 925 1523 1010 Excerptum
1570 926 1766 991 huius
1812 927 2043 994 scholii
2091 928 2335 1016 legitur
2381 933 2450 995 in
2489 932 2614 1014 (2):

224 1032 444 1116 „alia”
495 1036 739 1099 minore
784 1031 1000 1117 aliqua
1018 1080 1036 1110 ,
1085 1036 1235 1097 cett.

320 1140 610 1226 Denique
659 1137 855 1204 schol.
905 1139 1361 1204 brevissimum
1409 1137 1506 1218 (3)
1556 1137 1770 1205 locum
1819 1141 1910 1206 sic
1957 1142 2276 1227 explicare
2327 1143 2621 1210 videtur:

219 1245 421 1313 Dolet
462 1245 779 1311 Phaedria
806 1245 938 1310 ¹hoc
978 1242 1227 1310 malum
1267 1244 1393 1309 sibi
1434 1249 1577 1308 tum
1608 1245 1930 1310 obiectum
1957 1268 2126 1326 esse,
2161 1269 2310 1316 cum
2335 1250 2620 1336 Antipho

218 1375 355 1420 non
416 1350 542 1418 alia
605 1354 805 1418 etiam
853 1356 1103 1437 praeter
1150 1351 1311 1415 hanc
1358 1371 1553 1437 quam
1601 1350 1680 1416 de
1725 1351 2042 1419 Phaedria
2084 1360 2270 1440 gerat
2315 1354 2626 1420 sollicitu-

220 1459 377 1526 dine
425 1463 589 1524 esset
638 1465 1005 1545 occupatus.
1099 1457 1244 1523 Hoc
1292 1477 1441 1523 sane
1486 1459 1682 1523 nimis
1729 1458 2098 1526 absurdum.

320 1564 467 1632 Non
531 1569 786 1631 tantum
843 1571 1087 1630 veteres
1132 1565 1516 1650 interpretes
1562 1563 1639 1629 de
1685 1562 1811 1630 loci
1858 1568 2171 1633 sententia
2217 1565 2622 1646 laborarunt,

224 1671 341 1738 sed
386 1673 769 1738 recentiores
818 1672 1015 1736 etiam
1061 1669 1248 1736 valde
1295 1669 1700 1736 dissentiunt.
1743 1670 2185 1738 Bentleius
2224 1674 2626 1760 interpunxit

228 1784 381 1867 post
444 1776 751 1864 „Neque”
801 1783 865 1843 et
911 1797 1171 1843 sensum
1218 1779 1308 1841 sic
1352 1774 1549 1842 libere
1591 1776 1898 1842 reddidit:
1951 1777 2376 1865 „Indignatur
2421 1778 2625 1844 Phae-

226 1885 375 1952 dria
422 1933 437 1950 .
467 1935 481 1951 .
512 1932 528 1950 .
577 1905 645 1950 se
694 1890 838 1949 tum
884 1885 973 1948 irr
998 1881 1428 1949 sollicitudine
1476 1903 1612 1949 esse
1630 1931 1647 1962 ,
1696 1904 1845 1949 cum
1893 1883 2179 1970 Antipho
2217 1885 2625 1954 beatissimus

228 1992 363 2056 sit''
395 1988 468 2072 1).
540 1990 1002 2076 Wagnerus
1061 2011 1175 2076 pro
1242 1988 1548 2074 „Neque”
1615 1992 1890 2056 correxit
1955 1992 2276 2076 „Atque”,
2347 2012 2625 2078 eumque

228 2102 493 2163 secutus
538 2100 635 2162 est
682 2095 1125 2174 Dziatzko,
1175 2099 1279 2162 cui
1328 2103 1543 2162 tamen
1589 2096 1694 2162 vel
1741 2099 1832 2162 sic
1871 2095 1996 2162 loci
2035 2098 2240 2164 forma
2282 2119 2406 2166 non
2447 2101 2628 2164 satis·

228 2204 407 2269 facit.
469 2201 811 2269 Sloman
872 2205 1103 2268 vertit:
1158 2202 1343 2281 „And
1389 2208 1455 2268 to
1503 2203 1694 2268 think
1742 2203 1815 2269 of
1849 2225 1966 2290 my
2017 2204 2211 2291 being
2257 2205 2626 2274 confronted

230 2310 397 2375 with
458 2309 589 2374 thie
646 2307 899 2374 trouble
936 2311 1078 2395 just
1122 2308 1311 2374 when
1358 2309 1644 2394 Antipho
1689 2308 1816 2375 had
1864 2310 2020 2375 been
2069 2312 2414 2398 engroesed
2461 2313 2624 2378 with

228 2437 273 2482 a
333 2414 581 2480 similar
644 2412 1165 2501 (,‚neque‚alia”)
1212 2416 1543 2503 anxiety'',
1593 2417 1896 2502 idemque
1943 2418 2138 2483 refert
2180 2418 2342 2486 hanc
2390 2421 2630 2498 versio-

226 2545 381 2590 nem
452 2524 579 2590 viri
650 2522 814 2589 doct.
878 2520 943 2587 S.
992 2519 1064 2601 C.
1124 2521 1363 2588 Jebb:
1431 2522 1619 2603 „And
1686 2529 1748 2589 to
1812 2523 2002 2590 think
2065 2524 2206 2591 that
2268 2526 2399 2599 this
2446 2524 2618 2593 blow

224 2629 462 2697 should
520 2637 633 2696 not
691 2631 857 2697 have
934 2628 1205 2695 befallen
1252 2650 1356 2695 me
1408 2630 1609 2697 when.
1673 2632 1731 2696 A
1778 2630 1905 2697 had
1949 2652 2124 2697 same
2167 2630 2314 2701 love
2364 2632 2616 2699 trouble

230 2761 317 2805 on
364 2737 533 2804 hand
586 2738 756 2804 too”.

326 2844 421 2910 De
482 2850 619 2910 tam
680 2845 875 2909 variis
934 2843 1571 2929 interpretationibus
1635 2864 1833 2928 paene
1881 2846 2154 2909 dixerim
2200 2866 2350 2911 cum
2398 2845 2623 2912 Livio:

234 2950 457 3031 „Haec
520 2956 876 3035 utcumque
935 2948 1381 3015 animadversa
1442 2953 1557 3014 aut
1618 2951 1989 3015 existimata
2051 2957 2274 3027 erunt,
2335 2950 2508 3015 haud
2555 2954 2625 3015 in

230 3079 471 3146 magno
533 3056 828 3143 equidem
893 3077 1128 3143 ponam
1192 3056 1623 3121 discrimine'’.
1709 3055 2051 3122 Proximae
2112 3078 2264 3123 vero
2325 3057 2628 3123 videntur

230 3165 666 3232 enarrationes
725 3165 794 3228 in
856 3162 1098 3229 scholio
1154 3162 1252 3245 (4)
1314 3170 1381 3228 et
1440 3161 1776 3229 Bentlei
1839 3184 1910 3229 ac
1971 3162 2446 3245 Slomanni,
2514 3164 2624 3230 sed

228 3272 467 3337 harum
532 3290 786 3355 quoque
851 3267 1029 3334 nulla
1088 3291 1213 3335 non
1276 3268 1504 3347 habet,
1569 3269 1741 3355 quod
1788 3268 2158 3356 displiceat,
2210 3270 2317 3338 vel
2363 3276 2625 3357 propter

231 3378 620 3444 sententiam
671 3374 776 3443 vel
822 3380 1083 3462 propter
1128 3374 1257 3441 loci
1302 3380 1695 3443 structuram
1741 3378 1957 3443 minus
2000 3376 2415 3463 probabilem.

304 3649 359 3714 1)
412 3646 542 3696 Nota
587 3643 870 3694 Bentlei
920 3642 1064 3707 digna
1098 3646 1173 3693 eet
1208 3658 1329 3708 quae
1362 3642 1684 3695 deacribaturz
1727 3645 1975 3693 ‚Donatus
2007 3644 2074 3693 eie
2108 3643 2328 3710 explicat.
2364 3642 2495 3703 Alia,
2533 3641 2626 3693 levi

226 3730 470 3797 quapiam,
504 3744 597 3778 non
630 3728 723 3777 hac
752 3728 813 3777 de
844 3726 1044 3791 nuptiis,
1067 3741 1191 3791 quae
1221 3730 1294 3775 est
1321 3726 1605 3790 qraevissina
1640 3725 1724 3790 (cf.
1763 3725 1910 3777 ecbol.
1946 3728 2075 3789 (4));
2113 3726 2204 3776 hoc
2232 3726 2410 3777 voluitz
2447 3724 2623 3775 Dolere

228 3811 538 3870 Phaedriam,
585 3811 703 3860 adeo
747 3811 1027 3874 occupatam
1074 3824 1172 3858 eeee
1204 3807 1301 3859 alia
1334 3824 1449 3859 eura
1486 3807 1830 3874 Antiphonem,
1868 3812 1922 3857 ut
1957 3809 2014 3857 de
2047 3824 2134 3857 auo
2168 3809 2257 3858 hoc
2293 3808 2499 3873 negotio,
2535 3823 2623 3857 nee

226 3894 441 3961 epatium
494 3892 537 3942 ei
589 3889 829 3957 cogitandi
879 3906 965 3941 nec
998 3890 1219 3941 voluntas
1254 3890 1337 3941 ait.
1391 3892 1549 3956 Atque
1584 3890 1698 3939 baec
1733 3889 2070 3955 interpretatio
2102 3890 2200 3939 fere
2235 3890 2376 3939 hodie
2410 3888 2620 3950 obtinet3

227 3977 335 4045 nisi·
371 3974 497 4039 quod
544 3973 777 4037 Guyetna,
823 3972 901 4022 eui
945 3971 1031 4021 illa
1067 3986 1161 4021 non
1194 3971 1442 4031 satisfacit,
1478 3971 1732 4037 antiquum
1766 3986 1906 4021 anum
1940 3971 2174 4030 obtinens,
2210 3975 2306 4021 tree
2343 3972 2430 4021 hoa
2458 3986 2622 4021 verane

230 4064 287 4110 nt
326 4057 559 4107 insiticioe
593 4057 805 4106 damuat.
852 4053 1063 4105 Omnino
1096 4052 1227 4103 aliud
1262 4058 1348 4114 eat,
1383 4055 1511 4119 quod
1544 4052 1700 4103 voluit
1733 4054 1898 4103 Poeta.
1937 4053 2222 4117 Indignatur
2256 4053 2509 4113 Phaedria,
2545 4054 2620 4103 vel

225 4159 285 4192 ex
338 4140 659 4191 aemulatione
706 4142 754 4187 et
801 4136 984 4187 invidia
1024 4136 1156 4187 inter
1201 4152 1338 4201 parea
1371 4140 1421 4187 et
1456 4140 1696 4201 cognatos,
1732 4136 1808 4185 vel
1847 4135 1973 4201 quod
2005 4136 2058 4185 in
2093 4136 2286 4187 miseria
2319 4138 2432 4187 socii
2468 4152 2518 4186 ee
2553 4138 2625 4188 in·

224 4225 381 4275 vicem
418 4222 569 4287 magis
601 4228 771 4271 curant
804 4222 853 4269 et
885 4219 1129 4280 adiuvant,
1163 4234 1213 4268 ee
1244 4222 1351 4273 tum
1383 4219 1433 4269 in
1462 4216 1786 4269 sollieitudine
1815 4234 1929 4279 eaee,
1957 4234 2066 4269 cum
2086 4218 2300 4284 Antipho
2317 4218 2620 4271 beatissimus

222 4307 307 4357 ait.
363 4306 472 4354 Hoc
507 4304 635 4354 idem
668 4302 815 4352 eenait
842 4316 988 4367 supra
1019 4300 1046 4351 1
1080 4302 1209 4350 3.11
1242 4300 1567 4367 Antiphonem
1598 4316 1757 4351 amore
1789 4301 2047 4361 abundare,
2081 4301 2232 4351 nimia
2267 4302 2511 4353 felicitatis
2546 4320 2623 4352 co-

221 4388 307 4455 pia
341 4385 555 4451 gravari:
592 4388 642 4435 et
676 4400 802 4435 nunc
837 4383 886 4432 id
920 4382 1077 4449 ipsum
1108 4382 1186 4431 hic
1214 4383 1427 4443 sensisse,
1457 4398 1577 4448 quae
1606 4386 1889 4449 sequuntur,
1917 4384 2190 4433 ostendunt.
2225 4384 2266 4434 0
2281 4385 2620 4449 fortunatissime

224 4468 445 4535 Antipho
456 4470 493 4519 Ι.
