3246 5085
1300 369 1612 432 nomws.
2519 359 2654 433 275

264 545 502 612 faciam
561 566 757 632 quam
818 547 957 633 ipse
1017 545 1096 613 de
1156 567 1243 613 se.
1381 546 1479 630 (3)
1542 545 1629 614 Et
1690 548 1870 634 prius
1933 569 2056 634 ego
2115 545 2365 614 dicendi
2426 548 2659 616 faciam

269 672 468 739 quam
511 651 625 718 ille
670 651 969 739 peccandi
1015 652 1230 719 finem.

361 758 628 824 Futtilis
686 762 935 846 rogatio
981 761 1048 824 in
1095 759 1195 839 (1)
1240 757 1490 828 Donato
1538 758 1745 826 danda
1789 782 1914 826 non
1969 760 2247 826 videtur.
2288 760 2666 828 Wessner

266 868 581 931 correxit:
629 885 709 930 an
751 861 997 954 (vere)
1047 866 1369 950 peccandi.
1443 865 1894 952 Interpretatio
1933 869 2003 930 in
2041 865 2138 946 (2)
2178 865 2337 932 falsa
2376 874 2473 933 est
2512 888 2663 932 cnm

275 971 399 1050 „de
444 970 553 1036 se’'
608 993 733 1037 non
779 974 1093 1057 pertineat
1138 972 1219 1037 ad
1270 971 1504 1050 „finem
1547 972 1764 1051 facit’',
1803 972 1914 1038 sed
1952 971 2030 1037 ad
2077 972 2298 1058 „ipse”
2323 1007 2403 1033 =
2426 995 2504 1040 ex
2551 993 2668 1038 sua

272 1079 482 1162 ipsius
542 1076 881 1144 voluntate
941 1076 1342 1159 (Slomauz
1412 1079 1535 1156 „he
1600 1099 1681 1143 on
1741 1078 1844 1144 his
1908 1077 2138 1158 side'').
2211 1077 2504 1164 Denique
2566 1078 2664 1159 (3)

273 1187 460 1270 quasi
506 1184 1029 1272 supplementum
1080 1190 1177 1251 est
1223 1185 1694 1271 praecedentis,
1744 1205 2022 1270 quocum
2062 1185 2329 1251 fortasse
2367 1187 2668 1251 iunctum

271 1290 437 1369 fuit,
480 1298 553 1357 ut
590 1299 943 1377 utrumque
982 1291 1233 1357 Editori
1276 1291 1555 1358 dandum
1597 1293 1702 1356 sit.
1752 1290 1987 1357 Donati
2025 1291 2224 1357 schol.
2252 1289 2340 1356 22
2364 1292 2493 1372 (1):
2539 1292 2669 1371 „Et

276 1399 526 1477 „mihi”
570 1403 635 1464 et
682 1399 799 1475 „de
829 1398 937 1464 se''
981 1401 1233 1485 proprie
1272 1400 1559 1484 positum
1599 1403 1699 1463 est
1713 1418 1730 1477 3
1773 1403 1839 1463 et
1874 1403 2202 1484 praeterea
2227 1398 2666 1477 ἀμφιβολ1α”,

273 1505 555 1571 ostendit
614 1527 767 1571 eum
830 1507 1101 1570 sensisse
1154 1503 1273 1582 „de
1320 1504 1429 1594 sef'
1479 1506 1865 1590 ambiguum
1915 1525 2071 1570 esse.
2134 1503 2502 1582 Sloman,
2554 1508 2668 1590 qui

272 1613 344 1677 in
391 1610 488 1676 ed.
539 1611 799 1677 Oxford.
857 1608 1031 1676 1899
1078 1610 1286 1677 multa
1324 1617 1509 1677 acute
1548 1610 1936 1688 observavit,
1981 1609 2047 1675 h.
2073 1608 2119 1676 1.
2159 1610 2384 1676 habet:
2430 1610 2568 1688 „De
2602 1633 2668 1675 ee

270 1719 329 1782 is
398 1717 677 1782 inserted
740 1720 807 1783 to
869 1738 1112 1782 answer
1175 1723 1241 1782 to
1302 1719 1376 1782 de
1435 1716 1546 1780 illo
1605 1716 2046 1802 emphasising
2093 1716 2204 1782 the
2249 1716 2666 1802 unprovoked

272 1824 601 1890 character
647 1824 720 1889 of
751 1825 859 1889 the
897 1823 1134 1890 attack.
1177 1823 1312 1889 The
1353 1844 1533 1889 sense
1574 1823 1724 1889 here
1766 1825 1962 1910 given
2005 1827 2072 1887 to
2112 1823 2186 1886 de
2224 1824 2280 1887 is
2319 1821 2664 1892 unusual.”

365 1929 529 1994 Ibid.
578 1929 665 1994 26
731 1929 829 2009 (1)
892 1930 1145 2008 Φόρμιον
1210 1929 1568 2016 tegiculum
1617 1930 1842 1995 dicunt
1891 1925 2139 2006 Graeci,
2189 1950 2227 1994 a
2271 1950 2396 2014 quo
2440 1929 2668 1996 inster—

277 2039 459 2101 nitur
516 2038 999 2121 pavimentum,
1063 2036 1230 2101 unde
1294 2036 1563 2115 Φορμίων
1612 2040 1904 2121 correpta
1948 2037 2160 2121 prima
2203 2034 2453 2121 syllaba
2499 2037 2667 2122 apud

280 2140 749 2228 Apollodorum
796 2149 923 2221 est,
982 2164 1109 2207 non
1160 2163 1313 2228 ergo
1363 2163 1400 2206 a
1447 2141 1842 2220 formula,
1892 2146 1968 2205 ut
2014 2140 2276 2226 quidam
2323 2147 2554 2227 putant
2603 2149 2670 2209 et

276 2249 426 2313 inde
473 2251 828 2333 parasituS,
878 2247 1231 2314 vilissimae
1278 2247 1664 2314 condicionis
1712 2249 1939 2325 homo,
1987 2268 2220 2313 nomen
2268 2252 2529 2334 accepit.
2721 2237 2731 2248 ’

367 2354 467 2436 (2)
534 2353 605 2419 Si
668 2375 705 2420 a
767 2353 1133 2420 formula
1196 2359 1364 2420 esset
1425 2376 1658 2420 nomen
1719 2352 2116 2432 comoediae,
2172 2352 2667 2440 produceremus

274 2463 552 2549 primam
600 2459 916 2550 syllabam
944 2509 961 2540 ,
1012 2463 1067 2526 si
1115 2483 1151 2526 a
1196 2462 1728 2547 phormione,
1777 2463 2094 2547 corripere
2143 2460 2468 2529 debemus.

371 2566 471 2635 Of.
535 2568 567 2633 I
614 2567 677 2633 2.
707 2565 793 2635 72
857 2568 953 2648 (2)
1017 2569 1409 2647 „Phormio”
1472 2590 1598 2634 non
1662 2589 1699 2634 a
1760 2567 2128 2635 formula
2191 2570 2299 2635 sed
2347 2590 2384 2635 a
2430 2570 2668 2656 phor-

274 2676 548 2740 mione
610 2674 821 2739 dictus
868 2680 1155 2760 sparteo,
1222 2695 1416 2760 quem
1462 2696 1575 2740 nos
1621 2695 1953 2741 eronem
2003 2674 2278 2740 dicimus
2328 2668 2668 2743 triv'ialiter

274 2788 341 2848 et
386 2802 501 2866 pro
546 2780 1022 2847 consuetudine.

370 2885 705 2951 Praeterea
776 2886 981 2952 Praef.
1029 2886 1062 2951 1
1112 2885 1181 2952 1:
1250 2886 1722 2966 „Quamobrem
1765 2884 1945 2950 nulla
1990 2882 2314 2952 dubitatio
2361 2894 2458 2953 est
2504 2889 2667 2956 hanc

270 2993 484 3061 solam
532 3014 703 3071 esse,
764 2996 871 3059 cui
917 3014 1147 3057 nomen
1198 3000 1386 3078 poeta
1430 2994 1819 3070 mutaverit,
1869 2997 1934 3057 et
1983 3012 2194 3057 errare
2244 3014 2389 3071 eos,
2441 2997 2553 3080 qui
2599 2998 2668 3061 in

280 3101 399 3165 hac
446 3100 1035 3165 Phormionem
1082 3101 1434 3185 parasitum
1482 3102 1716 3183 putant
1762 3117 1800 3162 a
1847 3096 2216 3164 formula
2259 3098 2432 3177 litis,
2473 3122 2667 3187 quam

277 3205 662 3283 intenderit,
726 3207 1170 3283 nominatum,
1232 3226 1381 3269 cum
1446 3200 1692 3270 Graeca
1752 3202 1980 3290 lingua
2027 3204 2215 3269 fiscus
2262 3214 2556 3292 sparteus
2601 3214 2668 3275 et

276 3319 561 3379 stramen
625 3315 959 3377 nauticum
1024 3314 1113 3377 sic
1176 3311 1459 3377 dicatur:
1526 3331 1563 3376 a
1627 3312 1814 3375 cuius
1874 3312 1968 3375 rei
2015 3310 2120 3377 vel
2167 3315 2516 3398 capacitate
2562 3314 2670 3381 vel

275 3418 531 3486 vilitate
578 3420 775 3483 etiam
824 3418 903 3483 ab
953 3415 1337 3503 Apollodoro
1384 3418 1707 3503 parasitus
1756 3417 2182 3483 Phormionis'
2207 3422 2465 3487 nomine
2511 3443 2670 3487 nun-

276 3530 576 3612 cupatur.

371 3630 539 3699 Cum
593 3628 1029 3696 Praefationes
1084 3630 1275 3697 hodie
1331 3628 1653 3717 plerisque
1707 3652 1772 3696 v.
1800 3629 1860 3695 d.
1910 3651 1948 3696 a
1989 3630 2238 3697 Donato
2277 3637 2666 3720 compositae

276 3760 413 3805 esse
454 3738 795 3804 videantur
830 3735 1011 3816 (Leo
1050 3738 1226 3803 Mus.
1267 3736 1469 3802 Rhen.
1512 3735 1859 3802 XXXVIII
1902 3758 1964 3821 p.
2010 3736 2162 3804 326.
2213 3737 2666 3807 Sabbadini

276 3844 463 3911 stud.
513 3842 658 3909 Ital.
706 3842 773 3907 II
824 3841 930 3907 13.
981 3842 1284 3908 Wessn.
1333 3845 1401 3907 in
1450 3864 1595 3929 app.
1647 3842 1727 3907 ad
1766 3841 1924 3921 h.l.,
1969 3843 2102 3923 aL),
2143 3865 2530 3930 consequens
2567 3854 2666 3913 est

276 3958 389 4027 ut,
454 3948 759 4036 quicquid
820 3952 888 4013 in
950 3949 1211 4015 scholiis
1274 3972 1311 4015 a
1370 3950 1785 4036 praefationis
1845 3951 2208 4015 testimonio
2254 3951 2584 4033 abhorret,
2629 3976 2666 4021 a

276 4059 563 4143 genuino
612 4052 993 4121 Commento
1039 4062 1403 4121 secernatur
1418 4077 1435 4135 ;
1486 4057 1774 4141 primum
1816 4054 1902 4119 26
1929 4054 2046 4135 (2),
2089 4057 2330 4120 etenim
2374 4055 2666 4126 Donatus

277 4162 748 4228 derivationem
810 4181 848 4225 a
908 4160 1278 4227 formula
1320 4162 1579 4237 reiecit,
1630 4162 1780 4245 quia
1825 4160 2206 4245 phormio
2256 4158 2536 4229 Graecae
2581 4169 2668 4232 sit

274 4270 579 4355 originis,
645 4271 712 4332 at
772 4267 969 4332 huius
1032 4266 1261 4332 scholii
1324 4272 1570 4344 auctor,
1618 4268 1771 4351 quia
1819 4269 2144 4353 quantitas
2193 4289 2317 4333 non
2365 4275 2667 4339 convenit

274 4396 427 4442 cum
475 4394 629 4439 voce
675 4372 895 4438 latina.
1336 4366 1343 4375 ’

368 4480 495 4548 Sed
540 4482 736 4545 etiam
784 4478 871 4546 26
896 4480 995 4563 (1)
1042 4484 1107 4545 et
1157 4478 1241 4547 ¹72
1266 4480 1365 4562 (2)
1413 4479 1664 4546 Donato
1709 4479 1848 4545 dari
1893 4486 2239 4566 nequeunt.
2282 4480 2474 4561 Illud,
2515 4488 2667 4571 quia
