3246 5085
665 322 750 386 40
1702 339 2013 388 ponnus.

771 506 1028 572 Scholia
1090 508 1369 592 quinque
1428 509 1641 591 prima
1685 479 2163 591 repraesentant
2209 505 2443 571 Donati
2486 505 2895 591 aliorumque
2940 505 3112 570 du-

663 613 1006 678 bitationes
1075 611 1152 677 de
1221 611 1573 677 differentia
1638 614 1807 676 inter
1878 609 2175 696 „speres”
2244 616 2309 676 et
2378 611 2810 697 „exspectes''‚
2881 609 3106 698 quod

663 738 870 804 genus
915 716 1301 782 scholiorum
1352 723 1568 802 postea
1608 720 1951 802 separatim
1990 717 2291 783 tractabo.
2341 717 2590 782 Donato
2627 739 2752 782 non
2789 723 3105 781 tantum

665 844 813 888 cum
874 822 1105 888 sabb.
1169 823 1435 910 adsigno
1483 823 1581 904 (5)
1648 844 1768 902 „an
1831 845 1935 888 me
1998 822 2256 908 speres''
2301 829 2475 899 cett„
2524 823 2633 888 sed
2679 826 2876 888 etiam
2930 823 3097 903 (1),

663 933 758 994 ita
817 935 892 994 ut
951 932 1014 994 in
1080 928 1175 1008 (5)
1237 929 1611 1014 respondeat
1668 931 2025 1016 rogationi,
2090 949 2285 1015 quam
2345 933 2483 1014 ipse
2547 931 2762 1014 posuit
2810 931 2877 992 in
2930 928 3097 1009 (1).

667 1034 789 1099 His
856 1037 1241 1119 interposuit
1309 1034 1535 1099 Editor
1600 1055 1786 1100 suam
1854 1037 2290 1100 coniecturam
2358 1034 2455 1113 (2)
2488 1033 2555 1112 ¹),
2628 1036 2730 1098 cui
2802 1033 3092 1098 scholio

665 1146 884 1226 postea
944 1136 1340 1224 Compilator
1401 1140 1644 1205 addidit
1697 1140 1949 1206 similes
2012 1143 2473 1226 magistrorum
2536 1141 2932 1205 coniectura-s
2992 1142 3095 1202 in

665 1245 879 1331 aliquo
940 1248 1231 1330 margine
1293 1251 1573 1330 repertas
1634 1245 1729 1324 (3)
1777 1253 1841 1310 et
1888 1245 2003 1326 (4).
2144 1245 2433 1311 Alteram
2488 1243 3093 1330 interpolationem

666 1349 1114 1435 philosopham
1174 1349 1426 1415 lineolis
1490 1350 1755 1415 distinxi
1813 1353 1881 1416 in
1944 1348 2042 1431 (7)
2078 1355 2171 1416 .et
2230 1350 2348 1430 (8),
2400 1370 2527 1434 qua
2569 1349 2671 1414 IP
2718 1349 3095 1432 discerpsit.

666 1458 1046 1522 continuum
1106 1455 1340 1537 Donati
1407 1455 1761 1522 scholium:
1830 1461 2007 1534 „toto
2070 1458 2319 1521 animo:
2384 1456 2553 1541 quod
2614 1453 2793 1541 ipse''
2862 1459 3041 1520 cett.
3066 1501 3089 1530 ,

666 1582 986 1647 quamque
1047 1560 1385 1626 artificiose
1445 1582 1558 1648 per
1617 1585 1777 1640 nam,
1839 1568 1899 1625 et
1940 1561 2123 1624 amul
2166 1563 2510 1626 connexuit
2556 1581 2706 1626 cum
2751 1561 2943 1624 initio
3000 1563 3091 1623 et

667 1666 790 1732 fine
836 1667 1215 1732 Donatiano.

759 1772 992 1837 Sabb.
1035 1792 1368 1857 perperam
1404 1771 1654 1836 Donato
1695 1771 1972 1837 detraxit
2012 1772 2109 1852 (1)
2149 1777 2215 1837 et
2253 1771 2351 1852 (8)
2390 1773 2578 1856 eique
2600 1773 2912 1837 concessit
2938 1768 3083 1849 (7).

761 1877 920 1942 Ibid.
976 1877 1104 1942 120
1165 1877 1386 1962 Neque
1431 1898 1537 1942 me
1583 1877 1836 1942 finxisse
1884 1877 2031 1942 falsi
2076 1880 2421 1962 quicquam

758 1981 956 2049 Don.:
1005 1984 1122 2069 (1).
1187 1985 1321 2047 Aut
1367 1982 1600 2047 dixisse
1640 1981 1860 2047 debuit
1906 1982 2067 2060 dici,
2118 1990 2232 2048 aut
2277 1981 2560 2049 abundat
2610 1981 2862 2060 „falsi'’.

667 2088 809 2154 Hoc
857 2089 956 2153 IP
1002 2091 1428 2175 incogitanter
1473 2090 1566 2153 ita
1610 2089 1917 2153 correxit:
1969 2087 2067 2173 (2)
2114 2095 2229 2154 aut
2271 2089 2449 2166 ideo,
2500 2091 2651 2174 quia
2696 2093 2763 2152 et
2807 2107 3073 2152 vanum

666 2195 912 2279 aliquid
960 2194 1118 2281 fingi
1163 2196 1411 2279 potuit,
1462 2199 1536 2258 ut
1582 2215 1777 2280 supra
1824 2195 1922 2273 „si
1972 2214 2205 2260 vanum
2249 2201 2363 2260 aut
2397 2194 2633 2260 falsum
2674 2199 2789 2260 aut
2826 2192 3075 2257 fictum

669 2299 806 2366 est''
859 2303 981 2384 (vs.
1033 2299 1171 2383 24).
2794 2298 2862 2365 S.
2908 2319 2965 2364 c.

760 2511 823 2578 II
875 2513 931 2577 1.
961 2511 1000 2577 3
1062 2512 1164 2578 Ah
1182 2560 1198 2591 ,
1248 2514 1560 2599 rogitare,
1609 2515 1794 2598 quasi
1840 2513 2097 2579 difficile
2142 2511 2263 2579 siti

761 2619 858 2699 (1)
906 2620 1100 2684 Deest
1149 2618 1329 2697 „vis”
1379 2617 1486 2683 vel
1537 2619 1863 2705 „pergis'',
1911 2626 1986 2684 ut
2032 2622 2149 2684 sit:
2201 2623 2483 2704 rogitare
2532 2620 2772 2705 pergis.'

759 2723 855 2804 (2)
901 2722 1016 2789 Vel
1065 2722 1240 2801 ,‚se'',
1288 2725 1344 2788 si
1388 2726 1607 2808 ipsum
1655 2726 1947 2810 respicit,
1996 2724 2101 2789 vel
2148 2723 2427 2803 „hunc'',
2494 2727 2550 2789 si
2594 2745 2854 2790 aversus
2901 2724 3072 2791 haec

669 2829 856 2908 dicit,
905 2833 982 2895 ut
1027 2832 1147 2895 sit:
1198 2831 1521 2915 „rog-itare
1570 2828 1679 2895 te’'
1727 2836 1841 2909 aut
1889 2833 2215 2915 „rog-itare
2260 2827 2510 2895 hunc''!

759 2934 856 3015 (3)
917 2935 1001 3000 Et
1071 2936 1480 3000 distinctione
1545 2938 1921 3022 interposita
1984 2933 2387 3000 inferendum
2451 2934 2749 3001 vultuose
2830 2937 3067 3020 „quasi

670 3038 922 3105 difficile
959 3038 1086 3103 sit''
1129 3038 1467 3114 (scilicet)
1508 3040 1575 3104 id
1615 3040 1779 3125 quod
1818 3038 2095 3106 mandat.
2140 3040 2237 3105 Ita
2272 3044 2392 3123 [et]
2431 3042 2741 3125 ineptiam
2781 3042 3059 3105 nimiam

669 3147 834 3209 circa
885 3145 1037 3209 haec
1085 3142 1344 3210 solliciti
1389 3147 1691 3209 amatoris
1737 3148 2072 3230 expressit.
2124 3182 2206 3194 —
2255 3153 2320 3211 et
2366 3145 2647 3212 ostendit
2695 3144 2863 3210 nihil
2911 3166 3056 3212 esse

669 3248 952 3327 facilius,
1001 3269 1194 3334 quam
1241 3248 1547 3313 deducere
1593 3248 1674 3313 ad
1721 3252 2121 3315 meretricem
2167 3272 2466 3329 munera,
2516 3272 2664 3315 cum
2712 3255 2931 3315 contra
2975 3248 3063 3316 il·
3131 3278 3145 3291 ·

667 3354 781 3420 lud
827 3358 914 3419 sit
959 3354 1412 3419 difficillimum
1431 3402 1450 3431 ,
1497 3356 1779 3439 poscenti
1824 3354 2067 3439 aliquid
2116 3377 2241 3419 non
2290 3357 2457 3421 dare.

759 3459 858 3541 (4)
922 3458 1309 3545 „Rogitare”
1371 3460 1757 3525 subauditur
1818 3467 1925 3538 „te
1992 3464 2229 3526 mirum
2291 3460 2451 3538 est'',
2503 3463 2725 3545 „quasi
2790 3459 3053 3527 difficile

667 3564 794 3630 sit”
847 3564 1205 3650 „complere
1252 3564 1424 3649 quod
1467 3564 1719 3631 iubes''.

739 3870 790 3930 1)
835 3868 909 3916 Cf.
955 3867 1043 3916 Ad.
1089 3866 1170 3915 111
1215 3866 1264 3916 2.
1283 3866 1346 3914 28
1392 3866 1458 3915 Te
1491 3866 1643 3931 ipsam
1676 3866 1911 3930 quaerito,
1946 3870 1995 3916 te
2029 3872 2247 3933 exspecto
2280 3868 2455 3933 oppido
2490 3871 2775 3933 opportune.
2811 3870 2883 3918 Ad
2920 3868 3055 3919 huuc

667 3966 712 4000 v.
763 3950 913 3999 Don.:
961 3950 1031 4011 (2)
1066 3950 1258 3998 Incerta
1291 3948 1550 4007 distinctio,
1584 3952 1757 3999 utrum
1793 3952 1871 3997 -te
1902 3952 2119 4015 exspecto
2151 3950 2359 4015 oppido”
2402 3961 2510 4007 <sn
2552 3951 2836 4015 »oppido’'>
2879 3966 3061 4015 oppor-

667 4034 785 4080 tune
818 4030 882 4079 sit
917 4030 1184 4079 dicendum.

737 4112 870 4161 Non
921 4126 1064 4160 raro
1119 4114 1258 4160 Don.
1309 4110 1717 4175 quaestiones
1771 4112 1988 4177 posuit
2038 4111 2177 4161 sine
2230 4112 2561 4162 decisione.
2615 4113 2694 4162 11³
2746 4128 2775 4161 s
2819 4128 2885 4171 re,
2920 4129 3047 4177 quse

668 4193 844 4257 agitur,
888 4192 1078 4241 aberrat
1123 4196 1172 4241 et
1216 4193 1622 4257 opportunitatem
1659 4194 1835 4259 arripit
1869 4194 2142 4243 inferendas
2176 4193 2471 4244 differentiae
2502 4193 2554 4243 in
2587 4196 2658 4257 (8)
2703 4196 2777 4244 An
2811 4210 3058 4260 exspec-

666 4278 804 4323 tsre
855 4272 1163 4338 impatienter
1212 4288 1383 4339 cupere
1431 4277 1480 4323 et
1529 4273 1631 4322 sine
1681 4274 2053 4338 praescriptione
2100 4275 2345 4340 temporis,
2393 4290 2654 4340 sperare
2698 4276 2832 4324 iuxta
2862 4278 3053 4326 certum

668 4356 890 4421 tempus?
923 4356 1046 4404 unde
1071 4358 1268 4420 apparet
1295 4356 1354 4404 ad
1395 4359 1472 4404 ‚te
1500 4352 1747 4419 expecto’',
1773 4355 1886 4419 quia
1918 4371 2004 4420 per
2037 4372 2087 4405 se
2122 4356 2324 4406 nimium
2359 4360 2457 4417 est,
2494 4372 2589 4405 non
2622 4372 2721 4405 esse
2754 4356 3052 4419 iungendum

675 4434 927 4503 „oppido'’.
1031 4436 1091 4485 Iu
1124 4436 1380 4501 postremis
1415 4451 1584 4485 revera
1616 4434 1902 4485 hariolatur.
