3246 5085
1300 344 1618 393 nonnus.
2516 328 2649 394 439

351 509 508 575 Ibid.
561 508 646 576 79
716 509 816 575 Tu
865 516 930 575 te
971 509 1146 576 idem
1193 509 1428 576 melius
1477 511 1722 577 feceris.
1771 511 1932 577 Vide
1978 532 2191 598 supra.

342 615 439 681 111
492 614 554 681 2.
584 614 670 681 40
740 615 920 694 Non,
970 636 1200 682 verum
1246 617 1402 683 haec
1446 619 1811 683 antecessit.

343 720 500 787 Vide
561 742 772 807 supra.
837 720 1063 788 Denuo
1133 722 1298 788 Don.
1367 725 1504 787 sine
1574 723 1892 789 decisione
1964 722 2249 790 diversas
2319 726 2647 812 opiniones

246 826 478 907 („alii”
508 864 594 876 —
623 826 778 907 „alii
827 828 1132 914 putant'')
1186 827 1465 895 rettulit.

343 933 399 998 V
445 933 621 999 9.16
691 934 794 999 Mi
837 933 1030 1000 homo
1075 934 1142 1000 di
1187 933 1424 1001 melius
1472 935 1662 1000 duint

341 1038 605 1120 Quaerit
669 1039 920 1105 Probus
939 1088 956 1119 ,
1039 1060 1119 1105 an
1189 1047 1482 1106 matrona
1552 1046 1688 1106 tam
1759 1040 2166 1107 familiariter
2234 1046 2405 1108 recte
2473 1042 2643 1109 dicat

241 1144 492 1225 alieno,
551 1145 660 1211 sed
705 1146 978 1211 frustra:
1029 1166 1178 1211 nam
1225 1147 1612 1214 feminarum
1662 1148 1865 1212 oratio
1886 1194 1901 1223 ,
1952 1150 2074 1212 etsi
2120 1169 2246 1212 non
2294 1146 2640 1227 blanditur,

241 1250 480 1317 blanda
549 1259 664 1317 est.
802 1251 1149 1340 Eleganter
1218 1252 1378 1319 Don.
1451 1253 1691 1319 refutat
1759 1252 2079 1330 Probum,
2152 1253 2321 1338 quod
2383 1276 2499 1319 cur
2560 1256 2639 1320 ab

244 1357 454 1444 Aspro
513 1360 863 1444 sumpsisse
923 1359 1337 1445 perhibeatur
1397 1358 1525 1439 (W.
1586 1380 1650 1445 p.
1701 1356 1835 1440 23),
1900 1378 2160 1425 causam
2222 1380 2351 1425 non
2411 1360 2638 1440 viden,

239 1465 504 1528 etiamsi
548 1466 710 1529 hanc
755 1464 950 1531 Probi
997 1467 1435 1551 quaestionem
1483 1464 1654 1550 apud
1700 1463 1893 1529 illum
1940 1465 2103 1531 forte
2146 1467 2417 1532 invenit.

336 1676 761 1764 Repperimus

335 1784 679 1871 Nigidium
744 1785 775 1851 Ι
835 1784 968 1852 4.4
1016 1792 1082 1851 et
1135 1783 1238 1863 15,
1295 1784 1357 1849 Π
1407 1784 1466 1851 1.
1496 1783 1558 1850 3.
1609 1785 1893 1851 Probum
1941 1785 1972 1851 Ι
2019 1786 2080 1851 1.
2111 1784 2193 1850 15
2244 1788 2633 1869 (annotavit),

240 1890 306 1957 3.
336 1890 378 1956 3
418 1893 688 1977 (inquit).
732 1890 794 1957 II
834 1891 897 1958 3.
923 1891 1010 1958 25
1049 1891 1360 1977 (quaerit).
1409 1890 1458 1955 V
1484 1890 1546 1956 9.
1581 1891 1663 1957 16
1689 1891 1999 1977 (quaerit).
2039 1893 2322 1979 Asprum
2366 1892 2397 1957 Ι
2432 1893 2495 1958 2.
2523 1894 2631 1959 24.

331 1997 582 2063 Probus
631 1999 834 2083 Asper
879 1997 1144 2063 indicati
1193 2003 1345 2063 sunt
1391 1997 1658 2063 fortasse
1706 1998 1735 2063 I
1783 1996 1845 2063 3.
1875 1996 1937 2076 8,
2006 1997 2069 2062 11
2118 1998 2291 2064 3.11
2320 1998 2392 2079 B,
2445 1996 2529 2064 79
2556 2000 2628 2066 Β.

243 2102 479 2168 Editor
545 2104 806 2169 exhibet
874 2102 1227 2190 „quidam”
1295 2106 1342 2169 i.
1369 2124 1422 2169 e.
1493 2103 1786 2169 Donatus
1847 2103 1879 2169 I
1926 2104 1988 2168 4.
2019 2102 2079 2169 9.
2145 2103 2373 2171 Plures
2421 2104 2629 2172 fontes

237 2207 270 2273 1
320 2206 385 2275 3.
419 2206 522 2288 17,
574 2210 637 2275 4.
667 2208 772 2276 65.
821 2208 917 2275 III
963 2208 1028 2275 2.
1048 2210 1155 2275 40.

805 2528 893 2577 ΔΙ)
937 2526 1298 2577 numnam
1345 2528 1427 2576 Du
1473 2527 1707 2588 mna.
1757 2528 1864 2577 AN.
1914 2528 1971 2578 0.
2019 2530 2064 2578 1.

333 2694 585 2773 „Haec,
633 2695 728 2758 mi
775 2693 1001 2772 Pacci,
1051 2692 1346 2759 lubenter
1391 2692 1470 2758 ad
1519 2699 1583 2758 te
1630 2695 1823 2758 mitto
1870 2696 2021 2779 quia
2067 2698 2136 2760 τὸ
2177 2699 2285 2759 τοῦ
2326 2701 2621 2776 τραγικοῦ

233 2799 515 2881 Μέροπος
563 2801 630 2864 οὐ
679 2799 983 2869 πέπονθας
1031 2799 1153 2864 οὐδ’
1200 2800 1276 2869 ὦς
1315 2798 1535 2862 ἐκεῖνον
1579 2797 2052 2880 υεὐδαιμονίζων
2090 2799 2278 2880 ὄχλος
2321 2798 2623 2876 ἐξέπληξέ

230 2905 434 2974 σε.””
497 2905 829 2973 Hactenus
875 2907 1090 2971 omnia
1135 2907 1379 2991 optime
1426 2905 1811 2990 procedunt:
1861 2905 2165 2971 Paccium
2214 2913 2473 2993 propter
2519 2909 2623 2995 po-

230 3019 442 3080 tentes
501 3015 737 3078 amicos
797 3017 862 3078 et
916 3015 1248 3099 egregiam
1296 3010 1661 3076 facundiam
1713 3010 1955 3099 vulgus
2000 3012 2255 3078 felicem
2302 3014 2623 3099 praedicat

221 3140 436 3206 neque
483 3123 699 3185 tamen
747 3139 820 3185 ea
857 3139 957 3184 res
997 3138 1148 3184 eum
1187 3116 1488 3194 ἐξέπληξε
1525 3120 1571 3182 i.
1598 3138 1654 3184 e.
1695 3125 1979 3184 mentem
2019 3120 2158 3184 eius
2195 3121 2619 3205 perturbavit.

227 3226 358 3292 Sed
403 3226 729 3292 adduntur
773 3226 962 3291 haec:
1017 3231 1133 3290 τῶν
1177 3231 1451 3301 Φυσικῶν
1493 3225 1723 3303 παθῶν,
1767 3244 1927 3310 quae
1973 3247 2304 3310 nunquam
2350 3229 2440 3292 sic
2486 3248 2619 3293 sen-

226 3335 471 3398 tentiae
535 3338 955 3398 annectentur
1016 3333 1171 3417 quin
1225 3330 1486 3396 absurdi
1531 3329 1779 3417 aliquid
1824 3337 2143 3400 nascatur.
2192 3333 2362 3399 Tum
2408 3336 2498 3400 sic
2542 3335 2615 3400 P.

227 3441 483 3526 pergit:
546 3439 724 3503 άλλὰ
790 3439 1095 3509 πολλάκις
1160 3437 1434 3511 άκηκοὼς
1496 3439 1899 3512 μνημονεύεις
1963 3440 2038 3508 ὡς
2106 3438 2245 3504 οὔτε
2298 3437 2618 3519 ποδάγρας

231 3544 644 3609 ἀπαλλάττει
692 3545 1007 3624 πατρίκιος
1055 3542 1165 3622 (Χ.
1205 3541 1492 3619 κάλτιος,
1545 3543 1773 3628 ecquid
1814 3544 2129 3622 πατρίκιος
2172 3543 2463 3617 κάλτιοςῗ
2509 3545 2619 3611 sed

227 3652 311 3717 cf.
376 3672 430 3716 c.
483 3643 594 3732 10)
656 3649 795 3715 οὔτε
860 3650 1187 3721 δακτύλιος
1256 3652 1606 3722 πολυτελὴς
1674 3653 2073 3731 παρωνυχίας
2136 3650 2276 3717 οὔτε
2342 3649 2615 3730 διάδημα

229 3760 710 3835 κεφαλαλγίας.
757 3757 896 3822 Iam
943 3755 1154 3821 elucet
1199 3757 1366 3822 unde
1413 3757 1685 3822 absurda
1731 3759 1855 3822 ista
1894 3762 2033 3822 orta
2070 3759 2231 3822 sint:
2280 3758 2619 3845 adscripsit

229 3863 465 3948 aliquis
511 3862 592 3928 ad
635 3864 958 3950 genitivos
1004 3861 1363 3939 ποδάγρας,
1413 3863 1853 3942 παρωνυχίας,
1906 3865 2365 3940 κεφαλαλγίας
2414 3871 2479 3930 et
2527 3867 2617 3930 sic

228 3969 688 4036 documentum
724 3967 899 4035 dedit
935 3989 1001 4033 se
1041 3969 1411 4033 universam
1451 3967 1572 4032 loci
1615 3970 2001 4034 sententiam
2038 3968 2197 4034 bene
2220 3969 2617 4056 intelligere:

228 4077 256 4141 ὃ
320 4080 426 4141 τοῦ
490 4077 777 4151 σώματος
841 4073 1067 4148 κόσμος
1115 4075 1224 4139 οὐκ
1271 4073 1685 4138 άπαλλάττει
1737 4081 1853 4138 τῶν
1898 4078 2175 4154 φυσικῶν
2221 4077 2449 4140 παθῶν.
2516 4074 2613 4143 Cf.

228 4204 390 4269 quae
425 4183 726 4247 continuo
766 4185 1203 4266 opponuntur:
1245 4179 1424 4245 πόθεν
1465 4203 1545 4257 γε
1583 4177 1656 4252 δὴ
1699 4182 1842 4259 πρὸς
1885 4181 2163 4246 άλυπίαν
2204 4188 2311 4255 div
2328 4191 2480 4262 χῆς

226 4288 449 4370 ὄφελος
499 4289 533 4363 ἢ
585 4285 758 4363 δόξης
807 4287 842 4362 ἢ
891 4284 1242 4366 δυνάμεως-ς
1296 4285 1422 4352 Sed
1471 4288 1705 4352 misere
1753 4285 1969 4352 locum
2020 4290 2307 4373 corrupit
2355 4289 2467 4374 qui
2513 4308 2615 4353 an·
2739 4371 2743 4374 ὓ

229 4399 623 4474 notationem
669 4397 738 4459 in
787 4398 1040 4458 textum
1085 4394 1343 4478 recepit.
2210 4394 2271 4460 J.
2320 4393 2380 4460 J.
2430 4393 2517 4460 H.
