3246 5085
623 269 666 332 2
1661 289 1973 338 noun-trs.

618 449 724 516 Sic
769 453 901 516 iam
949 454 1105 516 satis
1147 451 1330 538 larga
1376 455 1809 538 genuinorum
1856 445 2061 518 oritur
2108 456 2301 520 series
2322 499 2337 530 ,
2388 475 2423 520 e
2472 455 2704 539 quibus
2753 454 2891 519 stili
2942 461 3021 519 et

615 558 864 644 ingenii
922 561 1200 623 auctoris
1258 560 1477 642 imago
1537 551 1923 624 conformari
1970 581 2040 624 ac
2085 581 2312 625 norma
2358 559 2584 626 deduci
2632 565 2877 646 potest,
2926 559 3023 625 ad

620 683 814 747 quam
859 665 1250 728 incertorum
1297 666 1644 728 auctoritas
1692 665 2012 751 exigatur.

706 765 860 833 Alia
894 775 1113 833 autem
1153 771 1374 840 νοθείας
1415 770 1651 834 indicia
1692 773 2031 846 constituit
2071 769 2415 836 Sabbadini
2455 770 2546 836 l.l.
2590 794 2650 856 p.
2682 771 2815 835 340
2841 792 3019 856 sqq„

617 895 892 960 quorum
959 876 1114 940 haec
1181 883 1333 940 sunt
1371 878 1778 962 ·praecipua:
1850 876 2092 941 scholia
2164 883 2312 942 nata
2382 898 2459 941 ex
2521 880 2907 955 imitatione,
2982 900 3021 942 e

614 980 924 1066 peculiari
979 980 1487 1066 interpolatione,
1550 981 1801 1067 quando
1866 981 2111 1048 scilicet
2156 985 2350 1068 primi
2397 982 2773 1048 scholiastae
2820 983 3026 1048 adno—

615 1091 891 1154 tationes
937 1091 1391 1153 continuantur
1438 1087 1546 1154 vel
1591 1088 2012 1173 explicantur,
2062 1088 2306 1154 scholia
2343 1089 2845 1167 contradictoria,
2888 1090 3023 1154 dit-

609 1195 1017 1279 tographica,
1057 1195 1369 1269 insiticia,
1413 1214 1574 1279 quae
1617 1193 1859 1259 scilicet
1886 1192 2151 1259 alterius
2176 1195 2465 1260 ordinem
2489 1198 3015 1281 interrumpunt3

611 1307 864 1385 praeter
901 1300 1076 1379 haec,
1116 1320 1277 1384 quae
1318 1299 1671 1387 appellavit
1708 1299 2227 1386 interpolationes
2265 1300 2642 1386 singulares,
2684 1301 3016 1379 distinxit,

611 1405 1099 1490 interpolatores
1159 1408 1641 1492 systematicos,
1701 1408 1815 1489 qui
1858 1405 2094 1490 placita
2141 1427 2256 1471 sua
2304 1409 2370 1470 in
2420 1413 2861 1472 commentum
2910 1408 3019 1470 in-

515 1563 518 1566 .
615 1511 947 1579 troducere
994 1511 1239 1577 soleant
1284 1533 1396 1597 per
1443 1517 1649 1576 certas
1693 1511 2007 1576 formulas
2054 1517 2118 1576 et
2162 1511 2539 1597 particulas:
2590 1521 2666 1590 et,
2709 1513 2820 1589 vel,
2869 1519 3010 1590 aut,

615 1625 672 1680 et
734 1618 892 1695 bene,
943 1623 1000 1681 et
1045 1618 1243 1695 amul,
1293 1639 1416 1694 cwr,
1465 1640 1622 1694 num,
1673 1617 1825 1702 quid
1868 1625 1974 1694 est,
2020 1619 2126 1681 aed
2142 1666 2158 1695 ‚
2205 1619 2312 1681 aed
2354 1618 2566 1682 melius
2613 1618 3005 1698 intellegunt,

611 1745 766 1801 nam,
827 1745 982 1804 erqo,
1047 1746 1168 1804 390,
1229 1729 1300 1786 ut
1343 1723 1627 1798 diximus,
1675 1730 1740 1785 ut
1782 1723 2219 1812 admotavimue,
2266 1723 2516 1808 aliaque
2563 1722 2821 1788 similia.
2870 1722 3006 1787 His

619 1849 772 1892 usus
832 1828 1122 1905 indiciis,
1186 1848 1346 1912 quae
1408 1830 1542 1891 iam
1603 1832 1751 1892 ante
1797 1847 1949 1893 eum
1998 1827 2189 1906 Leo,
2238 1828 2527 1892 Smutn
2544 1850 2609 1914 y,
2659 1826 2773 1891 alii
2820 1827 3006 1891 adhi—

617 1934 920 2011 buerant,
984 1936 1051 1996 in
1111 1935 1194 1996 iis
1253 1932 1553 1998 Eunuchi
1615 1931 1874 1996 scholiis
1936 1952 2097 2017 quae
2145 1933 2346 1998 edidit
2392 1933 2715 2017 permulta
2762 1934 3010 2018 partim

615 2041 846 2103 merito
884 2058 921 2102 a
961 2036 1207 2102 Donato
1247 2037 1672 2114 abiudicavit,
1714 2040 1953 2122 partim
1990 2058 2342 2123 perperam.
2390 2037 2614 2122 Neque
2650 2039 2769 2102 hoc
2808 2036 3009 2102 aliter

616 2145 870 2209 evenire
915 2146 1162 2228 potuit,
1221 2163 1371 2207 oum
1416 2141 1881 2228 particularum
1926 2141 2193 2208 illarum
2240 2165 2394 2208 usus
2441 2143 2697 2209 nullum
2746 2149 3005 2208 certum

617 2251 846 2320 νοθείας
883 2249 1197 2313 indicium
1237 2250 1652 2325 constituant,
1692 2251 1927 2333 quippe
1968 2269 2123 2332 quas
2162 2251 2297 2334 ipse
2338 2247 2627 2314 Donatus
2664 2251 3009 2314 sescenties

553 2385 562 2396 ·
616 2354 1015 2431 adhibuerit,
1080 2359 1305 2439 utpote
1365 2356 1550 2418 tritas
1607 2355 1676 2416 in
1739 2353 1972 2418 scholis
2031 2360 2098 2419 et
2158 2357 2525 2422 etiamnunc
2583 2359 2651 2419 in
2700 2354 3005 2419 Aeneidis

614 2458 1018 2546 aliorumque
1081 2459 1460 2524 Latinorum
1517 2462 1991 2524 commentariis
2037 2459 2388 2526 identidem
2434 2461 2673 2525 obvias.
2737 2459 3006 2538 Quoties

615 2573 835 2632 autem
895 2566 1154 2651 aliquod
1217 2565 1534 2631 scholium
1594 2569 1736 2637 iure
1796 2569 2270 2653 proscripserit,
2318 2570 2605 2632 invenies
2654 2567 2815 2632 hanc
2861 2586 3002 2631 sen-

612 2674 885 2738 tentiam
953 2694 990 2737 a
1056 2674 1194 2737 viro
1263 2674 1676 2758 sagacissimo
1744 2693 1871 2736 non
1929 2670 2129 2737 latam
2195 2694 2329 2738 esse
2386 2680 2646 2759 propter
2704 2672 2993 2756 aliquam

614 2778 915 2845 voculam
963 2779 1043 2843 ab
1087 2780 1276 2843 initio
1321 2779 1625 2861 positam,
1676 2775 1783 2840 sed
1830 2784 2089 2862 propter
2134 2777 2359 2842 scholii
2404 2785 2704 2842 naturam
2750 2797 3003 2862 suspec—

615 2892 753 2949 tam
773 2932 786 2959 ,
827 2884 1205 2969 insipidam,
1247 2883 1512 2960 falsam,
1551 2882 2143 2960 contradictoriam,
2184 2882 2758 2969 dittographicam,
2784 2886 2994 2967 igitur

613 2990 682 3053 in
749 3010 980 3074 genere
1051 2992 1203 3074 quia
1269 3011 1346 3054 ex
1418 2991 1589 3053 acuti
1659 2987 1951 3072 doctique
2020 2989 2301 3053 hominis
2358 2992 2619 3075 ingenio
2681 2988 2993 3075 prodiisse

611 3096 996 3178 nequiverit.
1062 3093 1244 3172 Quod
1307 3100 1525 3158 autem
1589 3112 1710 3176 ego
1757 3113 2005 3177 quoque
2053 3092 2289 3157 scholia
2338 3094 2414 3157 ab
2462 3094 2565 3157 his
2612 3092 2859 3159 voculis
2902 3094 3000 3156 in-

613 3201 918 3284 cipientia
977 3205 1041 3264 et
1099 3204 1285 3264 antea
1345 3218 1528 3282 saepe
1590 3197 1893 3262 damnavi
1938 3197 2208 3275 (Mnem.
2258 3198 2513 3263 XXXII
2560 3206 2625 3263 et
2670 3197 2986 3269 XXXIII)

612 3310 677 3369 et
739 3307 1212 3390 postea'etiam
1276 3303 1622 3378 damnabO,
1692 3302 1810 3367 hoc
1871 3303 2014 3367 ideo
2078 3303 2187 3368 fiet
2232 3304 2601 3390 factumque
2650 3310 2766 3381 est,
2815 3304 2981 3390 quod

611 3430 723 3495 per
769 3430 834 3474 se
881 3431 954 3474 ea
996 3412 1214 3495 inepta
1258 3411 1421 3486 sint,
1471 3414 1534 3473 et
1581 3410 1731 3492 quia
1779 3407 2127 3492 particulae
2174 3412 2243 3473 in
2291 3412 2371 3475 iis
2418 3416 2798 3496 usurpatae,
2847 3431 2995 3475 con-

609 3514 891 3579 clusivae
961 3514 1436 3591 adversativae,
1509 3515 1908 3590 causativas,
1978 3517 2511 3601 interrogativae,
2585 3521 2733 3581 cett.
2808 3518 2980 3580 iusta

612 3626 869 3685 careant
913 3623 1177 3686 ratione.

707 3724 1185 3792 Wessnerus
1243 3729 1313 3790 in
1373 3726 1684 3804 editione,
1732 3730 1809 3789 ut
1854 3746 1969 3811 par
2016 3731 2186 3802 erat,
2236 3748 2309 3791 ea
2358 3732 2611 3793 tantum
2658 3726 2979 3793 inclinatis

605 3831 842 3896 litteris
910 3834 1254 3917 expressit,
1320 3852 1480 3917 quae
1543 3834 1900 3896 certissime
1962 3832 2347 3917 interpolata
2410 3853 2544 3897 esse
2592 3833 2978 3899 viderentur.

606 3936 908 4000 Primum
972 3938 1221 4000 notavit
1283 3956 1397 4012 „ea
1452 3938 1810 4019 imprimis,
1874 3936 2109 4019 quibus
2168 3938 2500 4023 integrum
2551 3938 2868 4003 scholium
2912 3941 2977 4001 in

611 4040 812 4117 „duas
853 4040 959 4105 vel
996 4040 1210 4125 plures
1251 4048 1461 4125 partes
1487 4041 1830 4106 disiectum
1855 4061 1990 4104 esse
2020 4041 2397 4106 videbatur’'
2424 4044 2648 4128 (praef.
2674 4066 2735 4129 p.
2762 4050 2982 4125 xnvn),

607 4145 717 4209 sed
765 4144 990 4209 deinde
1041 4146 1186 4223 „hic
1224 4145 1360 4211 illic
1395 4150 1592 4211 etiam
1633 4167 1827 4232 parva
1868 4145 2373 4211 additamenta’'.
2422 4146 2493 4211 In
2535 4151 2743 4234 primo
2782 4151 2981 4236 igitur

609 4271 873 4336 genere,
923 4254 1105 4315 cuius
1149 4256 1216 4315 in
1264 4257 1394 4317 toto
1441 4258 1805 4318 commento
1853 4251 2147 4338 exempla
2193 4257 2533 4319 numeravi
2578 4254 2780 4331 LXX,
2832 4276 2981 4320 usus

611 4362 708 4421 est
745 4355 981 4422 indicio
1019 4363 1316 4436 externe,
1365 4379 1477 4424 nec
1538 4367 1755 4424 tamen
1802 4358 2119 4423 eiusmodi
2167 4360 2359 4424 verba
2404 4362 2719 4439 insiticia,
2769 4366 2844 4425 ut
2880 4382 2985 4446 per
