3246 5085
594 322 727 390 346
1651 341 1902 390 snmus.

596 512 765 596 quod
837 511 1080 578 Miiller
1138 510 1512 577 adverbium
1574 532 1687 594 quo
1749 531 1898 574 cum
1959 511 2251 595 genitivo
2297 510 2424 574 viai
2467 510 3002 597 coniungendam

590 639 726 684 esse
774 618 1028 697 docuit,
1075 616 1319 684 Vahlen
1367 618 1770 702 comparavit
1820 637 2043 682 versus
2088 616 2472 682 Homericos
2519 625 2616 698 (Ω
2653 617 2780 683 2Ο1
2827 625 3000 704 sq.):

861 725 902 788 ὤ
948 749 1087 804 μοι,
1139 734 1223 806 πῇ
1274 724 1344 798 δή
1395 747 1484 788 τοι
1532 724 1753 802 Φρένες
1801 721 2051 804 ἄκοντ’,
2101 719 2172 804 ἧς
2221 725 2304 793 τὸ,
2339 724 2528 803 πάρος
2579 749 2694 804 περ

863 834 1049 896 κλείέ
1098 832 1193 895 ἐπ’
1244 831 1577 910 ἀνθρώπους
1628 829 1850 908 ξείνους
1903 829 1992 904 ἧδ’
2041 825 2154 894 οἷσι
2203 829 2554 910 ταναῶπις

591 938 716 1018 Qui
761 945 979 1004 tamen
1026 959 1250 1004 versus
1297 938 1597 1002 Lambini
1636 940 2036 1003 coniecturae
2074 958 2305 1021 parum
2345 936 2583 1004 favent.
2635 937 2772 1019 Qua
2809 939 2999 1004 enim

589 1052 769 1131 parte
814 1044 1128 1110 claudicet
1175 1044 1341 1110 clare
1390 1052 1581 1131 atque
1629 1050 1844 1130 aperte
1892 1043 2138 1109 docent.
2187 1042 2354 1108 Nam
2404 1044 2572 1130 apud
2620 1043 2998 1111 Homerum

590 1150 859 1217 Hecube
904 1151 982 1217 ad
1030 1153 1338 1216 maritum
1387 1153 1511 1215 ait:
1565 1173 1720 1236 „quo
1769 1159 1874 1214 tua
1921 1172 2080 1214 mene
2120 1150 2500 1229 aberravit”;
2558 1153 2628 1214 in
2677 1154 2780 1216 via
2833 1171 2998 1216 vero

593 1259 705 1344 qui
760 1265 885 1335 est,
941 1260 997 1322 is
1050 1279 1176 1323 non
1231 1258 1568 1323 aberravit.
1637 1257 1806 1322 Nam
1863 1277 1940 1322 ex
1994 1257 2350 1321 rationibus
2404 1255 2670 1322 Latinae
2717 1256 2998 1342 linguae

593 1363 770 1430 aliud
817 1369 945 1429 est:
996 1385 1109 1450 quo
1158 1371 1451 1428 terrarum
1496 1365 1632 1428 sive
1679 1385 1792 1449 quo
1840 1363 2115 1440 locorum,
2165 1361 2341 1427 aliud
2387 1385 2501 1448 quo
2547 1362 2701 1428 viai.
2760 1362 3000 1448 Itaque

590 1469 757 1535 illud
817 1492 941 1534 cese
984 1472 1216 1554 flexere
1275 1469 1411 1549 via,
1463 1469 1530 1534 id
1577 1477 1673 1534 est
1721 1491 1793 1533 ea·
1839 1469 1942 1532 via
1988 1467 2415 1533 retinendum.
2487 1467 2668 1534 Idem
2715 1471 3001 1534 sensisse

590 1575 1016 1641 Bfihrensium
1080 1576 1265 1642 docet
1327 1577 1694 1640 coniectura
1748 1577 1887 1641 eius
1948 1576 2051 1638 via
2114 1577 2206 1638 de.
2279 1574 2404 1641 Sed
2464 1576 2530 1640 in
2597 1597 2671 1641 ea
2713 1597 2999 1662 grayem

592 1681 997 1748 offensionem
1042 1681 1235 1748 habet
1273 1684 1659 1768 praepositio
1706 1684 1777 1746 de
1819 1684 2028 1768 posita
2072 1687 2218 1768 post
2265 1682 2783 1761 substantivum,
2823 1703 3000 1769 quae

588 1790 1074 1874 pronominibus
1137 1787 1427 1854 relativis
1473 1791 1757 1874 exceptis
1803 1796 1948 1874 post
1994 1787 2312 1854 vocabula
2356 1789 2592 1874 quibus
2638 1793 2999 1875 apponitur

590 1893 888 1960 collocari
926 1916 1049 1960 non
1090 1894 1273 1960 solet.
1316 1894 1589 1962 Gravior
1629 1901 1848 1960 autem
1888 1894 1960 1959 fit
1999 1896 2344 1973 sententia,
2371 1895 2575 1961 forma
2601 1898 2996 1975 concinnior,

589 2004 646 2067 si
710 2004 854 2067 voci
917 2003 1171 2066 antehac
1229 2004 1297 2066 in
1362 2002 1589 2081 initio,
1655 2005 1724 2065 iu
1785 2021 2008 2067 versus
2056 2001 2178 2066 fine
2225 2001 2567 2067 antithesis
2616 2005 2992 2089 opponitur.

589 2106 667 2171 In
729 2107 852 2173 fine
915 2129 1135 2174 versus
1196 2128 1382 2194 porro
1429 2107 1617 2174 facile
1665 2107 2006 2172 nonnullae
2055 2106 2310 2174 litterae
2356 2109 2621 2174 interire
2669 2115 2991 2196 poterant.

592 2213 1045 2301 Proposuerim
1092 2217 1334 2301 igitur:

866 2322 1157 2400 Antehac,
1206 2324 1497 2386 dementes
1540 2344 1662 2386 sese
1690 2324 1922 2406 flexere
1968 2323 2071 2386 via
2124 2324 2398 2413 (nunc).

596 2427 869 2492 Met-rice
916 2448 1011 2492 vs.
1060 2424 1193 2494 207
1234 2419 1545 2493 similiter
1594 2427 1950 2493 clauditur:

875 2533 1092 2599 Orator
1137 2533 1267 2601 cine
1298 2558 1453 2617 pace
1496 2535 1658 2599 redit
1704 2535 1946 2620 reyique
1991 2536 2188 2620 refert
2233 2558 2372 2601 rem.

596 2638 694 2709 Cf.
746 2639 899 2719 256,
948 2638 1103 2707 276.

688 2856 794 2923 Vs.
844 2856 976 2924 239
1002 2879 1138 2944 sqq.

874 2966 983 3030 Cui
1028 2988 1123 3030 res
1170 2967 1453 3029 audacter
1498 2986 1743 3046 maqnas
1777 2986 2124 3049 parvaeque
2169 2962 2472 3049 iocumque

685 3070 819 3138 240
867 3074 1267 3157 Eloqueretur
1312 3079 1370 3135 et
1414 3078 1630 3135 cuncta
1675 3070 1951 3155 malaque
1997 3078 2055 3133 et
2102 3072 2252 3135 bona
2301 3072 2467 3134 dictu

866 3179 1171 3242 Euomeret
1213 3178 1270 3242 si
1314 3178 1421 3264 qui
1466 3176 1644 3241 vellet
1691 3184 1931 3262 tutoque
1977 3178 2234 3256 locaret,

874 3286 1130 3365 Quocum
1174 3284 1364 3347 multa
1408 3285 1587 3365 volup
1636 3284 1912 3367 [qaudia]
1960 3284 2222 3369 clamque
2248 3284 2596 3370 palamque,

866 3390 1180 3473 quem‘um
1229 3390 1327 3454 cui
1371 3390 1546 3454 nulla
1596 3389 1814 3453 malum
1859 3391 2158 3454 sententia
2205 3392 2422 3455 suadet

880 3496 953 3561 Ut
987 3499 1236 3582 faceret
1268 3497 1548 3582 facinus,
1598 3496 1770 3575 levis,
1823 3497 1992 3561 haud
2035 3497 2246 3576 maluc,
2294 3499 2520 3577 doctus,
2551 3500 2790 3583 fidelis,

689 3602 819 3670 245
867 3605 1081 3669 Suavis
1129 3607 1311 3684 bomo,
1348 3606 1691 3689 facundus,
1736 3626 1842 3668 suo
1891 3610 2217 3683 contentus,
2266 3606 2490 3683 beatus,

867 3712 1084 3790 Scitue,
1131 3713 1389 3775 secunda
1434 3712 1676 3796 loquens
1723 3710 1790 3774 iu
1838 3717 2113 3794 tempore,
2164 3713 2511 3789 commodus,
2556 3712 2791 3777 verbum

870 3820 1153 3897 Paucum,
1204 3818 1393 3882 multa
1444 3823 1666 3897 teneus,
1717 3818 1969 3903 antiqua
2015 3818 2258 3899 sepulta
2301 3825 2564 3882 vetustae

874 3928 1041 4006 Quae
1073 3925 1252 4010 facit
1262 3952 1289 4001 ;
1341 3932 1397 3988 et
1442 3946 1628 3988 mores
1675 3932 2011 4010 veteresque
2053 3946 2344 4009 novosque
2389 3932 2709 4004 tenentem,

862 4032 1199 4095 Multorum
1248 4037 1502 4095 veterum
1552 4034 1707 4113 leqes
1753 4031 2068 4116 divumque
2112 4031 2543 4118 hominumque,

664 4138 817 4214 ,250
864 4139 1240 4215 Prudentem,
1290 4138 1396 4223 qui
1444 4139 1605 4201 dicta
1657 4138 1824 4222 loqui
1872 4145 2133 4202 tacereve
2165 4145 2392 4219 posset,

864 4244 1048 4307 Hunc
1094 4244 1254 4307 iuter
1287 4266 1532 4326 paquae
1578 4243 1870 4307 Servilius
1916 4244 2003 4308 sic
2049 4246 2377 4327 compellat.

683 4348 885 4415 Totus
931 4349 1145 4427 locus,
1195 4349 1380 4414 nobis
1429 4371 1465 4414 a
1512 4346 1727 4417 Gellio
1775 4357 2066 4415 servatus
2104 4350 2314 4431 (Noct.
2357 4354 2493 4417 Att.
2539 4350 2684 4431 XII,
2727 4351 2817 4433 4),
2859 4375 3014 4439 quo·

589 4457 784 4523 homo
866 4456 1271 4523 modestioris
1342 4456 1732 4523 condicionis
1752 4504 1770 4537 ,
1841 4478 2034 4543 quem
2103 4455 2418 4547 Servilius
2485 4455 2800 4526 Geminus
2868 4481 2989 4527 sua
