3246 5085
605 317 734 385 168
1611 334 1988 385 mammos.

598 523 757 591 gam
814 500 1040 567 attulit
1101 502 1616 568 coniecturarum
1678 504 1910 568 seriem
1970 503 2210 588 quibus
2272 504 2400 568 viri
2463 497 2634 569 docti
2677 501 3003 570 laboranti

600 612 952 695 scripturae
1010 609 1358 675 subvenire
1418 610 1635 674 conati
1681 616 1869 675 sunt:
1917 609 2087 695 quod
2133 612 2270 695 ipse
2315 608 2592 696 protulit
2635 610 2744 675 ἐὰν
2787 610 2932 687 uda
2952 634 3002 674 ι-

599 740 650 792 a
667 740 696 781 ο
712 740 742 777 ν
788 712 928 796 δόξῃ
946 762 964 793 ,
1029 714 1201 780 ultro
1246 716 1667 781 concesserim
1713 713 2036 801 plerisque
2081 715 2228 781 aliis
2284 716 2754 802 suspicionibus
2799 714 3000 804 longe

598 827 921 909 praestare
938 872 956 901 ,
1020 842 1136 887 nec
1199 830 1417 887 tamen
1480 821 1708 888 abiicio
1771 822 1940 909 quod
1987 823 2152 887 mihi
2199 829 2346 889 ante
2393 821 2633 889 multos
2677 842 2879 889 annos
2925 826 3000 888 in

600 935 885 995 mentem
934 930 1135 995 venit.
1185 927 1533 994 Videamus
1578 928 1736 1014 quid
1783 931 1876 994 rei
1921 931 2028 994 sit.

690 1034 873 1101 Nihil
934 1035 1193 1121 prodest
1237 1056 1539 1121 quaerere
1587 1035 1745 1122 quid
1790 1034 2044 1121 puellae
2091 1034 2433 1123 aliquando
2477 1034 2871 1123 deliquerint
2917 1044 3000 1102 ut

598 1142 859 1229 culpam
918 1140 1430 1219 dissimularent,
1497 1142 1608 1207 sed
1671 1141 1824 1229 quid
1886 1142 2259 1209 obstetrices
2309 1142 2572 1209 fecerint
2620 1142 2808 1219 μάλα
2855 1168 3001 1221 γεν-

598 1250 772 1341 ναῒαί
832 1272 899 1313 τε
964 1231 1067 1313 xc>
1132 1247 1438 1325 βλοσυραί
1499 1253 1576 1312 ut
1622 1268 1815 1333 opem
1861 1248 2102 1314 ferrent
2147 1250 2394 1315 civium
2438 1249 2781 1328 uxoribus,
2830 1269 3002 1336 quae

598 1360 783 1421 utero
842 1355 1223 1421 laborarent.
1286 1353 1482 1419 Haud
1527 1353 1715 1420 facile
1763 1354 2020 1420 credam
2064 1354 2395 1422 Socratem
2445 1354 2522 1420 de
2571 1360 2778 1423 matre
2821 1376 3008 1443 prae·

598 1462 806 1527 dicare
868 1460 1148 1527 voluisse
1164 1509 1182 1540 ,
1246 1481 1390 1526 eam
1454 1481 1652 1525 unam
1714 1461 1912 1527 fuisse
1973 1482 2053 1527 ex
2115 1463 2199 1526 iis
2261 1482 2423 1549 quae
2441 1512 2458 1542 ,
2505 1464 2563 1528 si
2611 1462 2766 1550 quid
2813 1469 3005 1529 extra

596 1568 972 1655 legitimum
1024 1570 1513 1633 matrimonium
1560 1574 1940 1654 conceptum
1980 1574 2179 1645 esset,
2229 1570 2495 1655 impune
2543 1576 2608 1633 et
2651 1570 2852 1656 impie
2891 1592 3004 1637 ne-

597 1682 833 1741 carent.
897 1674 1023 1739 Sed
1080 1674 1429 1740 utebantur
1490 1674 1873 1754 φαιρμακίοις
1925 1680 1990 1741 et
2041 1673 2304 1754 ἐπῳδαῖς
2330 1694 2344 1711 ·
2395 1676 2452 1739 si
2499 1676 2715 1741 nescio
2759 1675 3004 1761 quibus

600 1782 847 1847 artibus
922 1786 985 1846 et
1060 1781 1529 1867 suspicionibus
1588 1782 1752 1847 scire
1813 1781 1940 1847 sibi
2003 1780 2388 1847 videbantur
2446 1790 2560 1847 aut
2627 1789 3000 1848 monstrum

599 1888 691 1954 ali
736 1894 851 1953 aut
899 1893 1159 1973 partum
1207 1889 1400 1953 matri
1445 1886 1710 1955 letalem
1761 1888 1892 1953 fore
1939 1894 2054 1953 aut
2100 1887 2347 1953 foetum
2395 1888 2714 1954 tabescere
2759 1895 2822 1954 et
2867 1891 2998 1954 mi—

599 2015 805 2061 seram
867 2001 1139 2060 matrem
1198 1994 1439 2060 frustra
1500 1996 1772 2061 cruciari
1788 2043 1806 2074 ,
1853 1993 2385 2060 commendabant
2431 2000 2497 2059 et
2541 1995 2997 2081 perpetrabant

598 2102 913 2167 abortum.
978 2100 1405 2187 Experiamur
1465 2103 1870 2186 possimusne
1926 2099 2057 2166 leni
2103 2103 2463 2167 mutatione
2509 2100 2754 2167 efficere
2799 2108 2872 2166 ut
2921 2102 2996 2167 id

598 2206 767 2293 quod
815 2206 993 2273 locus
1040 2210 1345 2293 requirit,
1393 2228 1428 2272 e
1475 2210 1797 2293 corruptis
1843 2204 2155 2273 Codicum
2202 2208 2498 2294 vestigiis
2545 2214 2852 2295 emergat.

689 2313 976 2380 Pumilio
1042 2314 1281 2379 dicitur
1348 2316 1461 2401 qui
1531 2320 1632 2379 est
1697 2334 1896 2399 parva
1957 2320 2239 2392 statura,
2303 2316 2511 2400 capite
2573 2314 2996 2401 praegrandi,

598 2421 891 2486 cruribus
953 2420 1277 2485 brevibus.
1348 2419 1541 2485 Hunc
1589 2416 1822 2485 Graeci
1871 2424 1959 2485 νὶἱ
1981 2443 2104 2483 νον
2149 2420 2498 2498 vocabant,
2545 2420 2716 2486 unde
2761 2424 2998 2487 natum

596 2526 904 2594 Latinum
966 2525 1354 2593 vocabulum
1414 2550 1631 2606 namus,
1695 2524 1772 2591 de
1835 2548 1961 2614 quo
2018 2525 2162 2593 vide
2217 2523 2505 2594 Gellium
2553 2527 2996 2613 disputantem

595 2636 664 2697 in
732 2631 1045 2700 Noctibus
1114 2634 1351 2698 Atticis
1416 2632 1577 2698 XIX
1645 2632 1751 2698 13.
1828 2631 2204 2699 Aristoteles
2276 2633 2664 2700 vocabulum
2731 2637 2998 2720 saepius

594 2745 867 2825 usurpat
926 2746 992 2804 et
1050 2741 1531 2824 interpretatur.
1594 2738 1692 2804 De
1729 2717 1939 2805 'Part.
1987 2740 2204 2804 Anim.
2252 2738 2340 2804 IV
2390 2739 2511 2804 10:
2559 2740 2812 2811 νανῶδές
2863 2742 2993 2809 ἐςιν

596 2842 664 2911 οὗ
725 2847 793 2910 τὸ
857 2843 978 2910 ἅνω
1044 2844 1156 2920 μὲν
1211 2847 1427 2923 μέγα,
1478 2845 1545 2910 τὸ
1594 2845 1656 2910 δὲ
1706 2847 1887 2926 φέρον
1935 2846 2004 2910 τὸ
2056 2845 2247 2926 βάρος
2298 2845 2404 2910 καὶ
2453 2845 2706 2928 πεζεῦον
2755 2847 2994 2925 μικρόν.

593 2951 765 3017 Hinc
827 2951 981 3017 alibi
1028 2950 1186 3016 dicit
1232 2972 1453 3018 omnes
1498 2950 1776 3017 infantes
1821 2953 2026 3022 νάνους
2078 2971 2245 3030 esse;
2298 2953 2564 3030 προϊοῦσι
2613 2953 2674 3016 δὲ
2722 2949 2990 3029 αὔξεται

593 3061 677 3122 τὰ
718 3058 1009 3123 κάτωθεν.
1048 3056 1291 3123 Eadem
1332 3057 1800 3144 significatione
1838 3057 2251 3144 proverbium
2276 3064 2372 3125 est
2395 3057 2566 3144 apud
2589 3057 2988 3125 Lucianum:

594 3169 700 3230 τοῦ
777 3163 1009 3229 Ῥοδίων
1082 3167 1372 3228 κολοσσοῦ
1444 3167 1552 3239 τὴν
1616 3166 1904 3243 κεφαλὴν
1971 3164 2212 3230 νανῶδει
2277 3166 2522 3241 σώματι
2586 3166 2989 3232 ἐπιτίθεσθαι.

593 3272 779 3337 Nunc
842 3270 1059 3336 confer
1118 3269 1195 3334 de
1243 3267 1473 3336 Gener.
1524 3270 1742 3335 Anim.
1795 3268 1857 3336 ΙΙ
1907 3269 1984 3336 8;
2037 3271 2105 3336 ἐκ
2153 3275 2260 3336 τοῦ
2309 3268 2498 3336 ἵππου
2549 3271 2652 3335 καὶ
2701 3276 2807 3336 τοῦ
2855 3271 2992 3336 ὄνου

591 3378 867 3456 γίνονται
913 3377 1135 3454 γίννοι,
1182 3371 1332 3440 ὅταν
1378 3377 1598 3458 νοσήσῃ
1649 3376 1717 3440 τὸ
1766 3377 1975 3454 κύημα
2028 3379 2088 3441 ἕν
2137 3387 2212 3458 τῇ
2264 3377 2481 3462 belm·
2536 3378 2625 3446 ee>
2675 3378 2737 3443 δὲ
2786 3379 2813 3443 ὃ
2855 3381 2992 3468 γίν-

592 3508 685 3555 νος
734 3480 935 3562 ὥσπερ
982 3483 1066 3550 τὰ
1111 3483 1466 3563 μετάχοιρα
1518 3484 1579 3547 ἐν
1628 3491 1752 3556 τοῖς
1801 3486 2048 3564 χοίρως.
2101 3485 2219 3549 Καὶ
2269 3486 2394 3564 γὰρ
2444 3486 2574 3550 ἐκεῖ
2609 3487 2678 3550 τὸ
2719 3485 2992 3564 πυρωθὲν

592 3590 654 3654 ἐν
703 3599 780 3669 τῇ
832 3589 1017 3672 ὑςέρᾳ
1064 3596 1354 3654 καλεῖται
1404 3586 1798 3669 μετοίκοιρον.
1850 3625 1936 3638 —-
1985 3588 2250 3666 Ὁμοίως
2303 3589 2364 3656 δὲ
2414 3592 2691 3670 γίνονται
2733 3591 2784 3656 οἱ
2823 3615 2992 3669 πυγ-

591 3705 801 3774 μαῑοι·
867 3697 969 3760 καὶ
1034 3695 1160 3774 γὰρ
1224 3691 1383 3760 οὗτοι
1448 3700 1781 3774 πηροῦνται
1847 3697 1932 3761 τὰ
1997 3699 2148 3777 μέρη
2216 3697 2320 3761 καὶ
2371 3697 2442 3762 τὸ
2489 3697 2749 3776 μέγεθος
2796 3697 2855 3762 ἐν
2901 3708 2986 3780 τῇ

592 3803 800 3877 κυήσει
851 3800 954 3866 καὶ
1004 3801 1153 3868 εἰσὶν
1199 3799 1399 3880 ὥσπερ
1449 3801 1808 3884 μετάχοιροι
1861 3803 1962 3866 καὶ
2007 3805 2214 3881 γίννοι.
2266 3803 2438 3885 Quos
2475 3803 2582 3869 hic
2621 3805 2984 3881 πυγμαίονς

591 3909 780 3988 dicit,
844 3929 948 3975 eos
1013 3905 1170 3973 alibi
1219 3910 1425 3980 νάνους
1474 3913 1699 3987 vocat,
1748 3909 1922 3974 Hist.
1974 3910 2190 3974 Anim.
2239 3907 2326 3973 VI
2374 3908 2499 3974 24:
2547 3909 2601 3974 οἱ
2649 3909 2711 3974 δὲ
2759 3911 2992 3975 καλού-

589 4039 757 4092 μενοι
804 4016 991 4092 ymen
1040 4015 1364 4093 γίγνονται
1413 4013 1482 4092 ἐξ
1531 4012 1743 4099 ἵππου,
1794 4013 1942 4080 ὅταν
1991 4017 2210 4096 νοσήσῃ
2257 4017 2318 4079 ἐν
2367 4026 2442 4097 τῇ
2490 4017 2736 4094 notiore,
2783 4013 2988 4095 ὥσπερ

592 4122 651 4185 ἐν
712 4121 827 4198 μὲν
888 4129 1012 4192 τοῖς
1064 4121 1385 4199 ἀνθρώποις
1436 4122 1489 4186 οἱ
1538 4125 1728 4200 νέὶνοι,
1781 4123 1839 4186 ἐν
1890 4123 1952 4186 δὲ
2001 4130 2126 4194 τοῖς
2175 4123 2398 4201 χοίρως
2447 4123 2530 4187 τὰ
2585 4121 2984 4202 μετάχοιρα·

592 4228 697 4293 καὶ
749 4226 916 4308 ἴσχει
965 4228 1027 4292 δὲ
1075 4223 1273 4306 ὥσπερ
1321 4228 1371 4292 οἱ
1422 4231 1620 4305 νᾶνοι,
1671 4228 1698 4292 ὃ
1745 4229 1945 4306 γίννος
1997 4228 2065 4292 τὸ
2114 4228 2344 4324 αἰδοῖον,
2384 4230 2583 4307 μέγα.
2634 4228 2856 4296 Libros
2897 4230 2989 4295 'de

592 4334 883 4401 Historia
951 4334 1354 4399 Animalium
1425 4337 1741 4420 excerpsit
1810 4334 2273 4420 Aristophanes
2337 4335 2723 4423 Byzantius,
2787 4356 2990 4430 quem

592 4463 795 4528 quum
838 4439 951 4507 alii
991 4443 1405 4528 grammatici
1442 4440 1736 4529 deinceps
1775 4444 2225 4528 excerpserint,
2266 4464 2388 4508 non
2431 4441 2765 4508 miraberis
2798 4445 2996 4510 vesti-
