<?xml version="1.0" encoding="UTF-8"?>
<!DOCTYPE html PUBLIC "-//W3C//DTD XHTML 1.0 Transitional//EN"
    "http://www.w3.org/TR/xhtml1/DTD/xhtml1-transitional.dtd">
<html xmlns="http://www.w3.org/1999/xhtml" xml:lang="en" lang="en">
 <head>
  <title>
</title>
<meta http-equiv="Content-Type" content="text/html;charset=utf-8" />
  <meta name='ocr-system' content='tesseract 3.04.00' />
  <meta name='ocr-capabilities' content='ocr_page ocr_carea ocr_par ocr_line ocrx_word'/>
</head>
<body>
  <div class='ocr_page' id='page_1' title='image "./mnemosynevolume03verdgoog_0249.png"; bbox 0 0 3246 5085; ppageno 0'>
   <div class='ocr_carea' id='block_1_1' title="bbox 1313 299 2649 366">
    <p class='ocr_par' dir='ltr' id='par_1_1' title="bbox 1313 299 2649 366">
     <span class='ocr_line' id='line_1_1' title="bbox 1313 299 2649 366; baseline 0.001 -3"><span class='ocrx_word' id='word_1_1' title='bbox 1313 313 1623 364; x_wconf 64' lang='lat' dir='ltr'><strong>nonnus.</strong></span> <span class='ocrx_word' id='word_1_2' title='bbox 2522 299 2649 366; x_wconf 83' lang='lat'><strong>241</strong></span> 
     </span>
    </p>
   </div>
   <div class='ocr_carea' id='block_1_2' title="bbox 264 482 2671 4594">
    <p class='ocr_par' dir='ltr' id='par_1_2' title="bbox 264 482 2662 1208">
     <span class='ocr_line' id='line_1_2' title="bbox 264 482 2658 571; baseline 0 -21"><span class='ocrx_word' id='word_1_3' title='bbox 264 505 422 571; x_wconf 81' lang='lat' dir='ltr'><strong>ergo</strong></span> <span class='ocrx_word' id='word_1_4' title='bbox 458 485 565 548; x_wconf 90' lang='lat' dir='ltr'><strong>hic</strong></span> <span class='ocrx_word' id='word_1_5' title='bbox 600 483 903 550; x_wconf 86' lang='lat' dir='ltr'><strong>laudatur</strong></span> <span class='ocrx_word' id='word_1_6' title='bbox 941 482 1278 549; x_wconf 88' lang='lat' dir='ltr'><strong>consilium</strong></span> <span class='ocrx_word' id='word_1_7' title='bbox 1322 482 1767 561; x_wconf 80' lang='lat' dir='ltr'><strong>Parmenonis,</strong></span> <span class='ocrx_word' id='word_1_8' title='bbox 1809 484 2051 549; x_wconf 84' lang='lat' dir='ltr'><strong>factum</strong></span> <span class='ocrx_word' id='word_1_9' title='bbox 2087 482 2432 564; x_wconf 77' lang='lat' dir='ltr'><strong>Chaereae,</strong></span> <span class='ocrx_word' id='word_1_10' title='bbox 2473 507 2658 552; x_wconf 83' lang='lat' dir='ltr'><strong>casus</strong></span> 
     </span>
     <span class='ocr_line' id='line_1_3' title="bbox 266 589 2658 669; baseline 0.001 -15"><span class='ocrx_word' id='word_1_11' title='bbox 266 590 560 656; x_wconf 79' lang='lat' dir='ltr'><strong>fortunae</strong></span> <span class='ocrx_word' id='word_1_12' title='bbox 612 627 694 639; x_wconf 92' lang='lat'>-</span> <span class='ocrx_word' id='word_1_13' title='bbox 742 589 813 652; x_wconf 83' lang='lat' dir='ltr'><strong>id</strong></span> <span class='ocrx_word' id='word_1_14' title='bbox 857 596 962 668; x_wconf 73' lang='lat' dir='ltr'><strong>est,</strong></span> <span class='ocrx_word' id='word_1_15' title='bbox 1011 597 1249 653; x_wconf 70' lang='lat' dir='ltr'><strong>eventus</strong></span> <span class='ocrx_word' id='word_1_16' title='bbox 1287 589 1414 668; x_wconf 91' lang='lat' dir='ltr'><strong>(W.</strong></span> <span class='ocrx_word' id='word_1_17' title='bbox 1458 595 1540 669; x_wconf 90' lang='lat' dir='ltr'><strong>c.)</strong></span> <span class='ocrx_word' id='word_1_18' title='bbox 1583 625 1667 638; x_wconf 89' lang='lat'>—</span> <span class='ocrx_word' id='word_1_19' title='bbox 1708 591 1911 654; x_wconf 87' lang='lat' dir='ltr'><strong>oratio</strong></span> <span class='ocrx_word' id='word_1_20' title='bbox 1953 593 2140 654; x_wconf 85' lang='lat' dir='ltr'><strong>senis.</strong></span> <span class='ocrx_word' id='word_1_21' title='bbox 2325 590 2424 655; x_wconf 82' lang='lat' dir='ltr'><strong>Ita</strong></span> <span class='ocrx_word' id='word_1_22' title='bbox 2470 591 2658 669; x_wconf 88' lang='lat' dir='ltr'><strong>Don.,</strong></span> 
     </span>
     <span class='ocr_line' id='line_1_4' title="bbox 268 695 2659 783; baseline 0 -21"><span class='ocrx_word' id='word_1_23' title='bbox 268 697 438 783; x_wconf 89' lang='lat' dir='ltr'><strong>quod</strong></span> <span class='ocrx_word' id='word_1_24' title='bbox 488 697 604 762; x_wconf 83' lang='lat' dir='ltr'><strong>Ed.</strong></span> <span class='ocrx_word' id='word_1_25' title='bbox 655 700 743 761; x_wconf 92' lang='lat' dir='ltr'><strong>sic</strong></span> <span class='ocrx_word' id='word_1_26' title='bbox 791 695 1244 781; x_wconf 77' lang='lat' dir='ltr'><strong>amplificavit:</strong></span> <span class='ocrx_word' id='word_1_27' title='bbox 1293 696 1388 776; x_wconf 85' lang='lat'><strong>(2)</strong></span> <span class='ocrx_word' id='word_1_28' title='bbox 1435 695 1587 761; x_wconf 84' lang='lat' dir='ltr'><strong>&#39;Pria</strong></span> <span class='ocrx_word' id='word_1_29' title='bbox 1634 702 1783 760; x_wconf 90' lang='lat' dir='ltr'><strong>sunt</strong></span> <span class='ocrx_word' id='word_1_30' title='bbox 1826 699 1893 760; x_wconf 91' lang='lat' dir='ltr'><strong>in</strong></span> <span class='ocrx_word' id='word_1_31' title='bbox 1935 700 2069 761; x_wconf 85' lang='lat' dir='ltr'><strong>vita</strong></span> <span class='ocrx_word' id='word_1_32' title='bbox 2109 698 2477 762; x_wconf 89' lang='lat' dir='ltr'><strong>hominum:</strong></span> <span class='ocrx_word' id='word_1_33' title='bbox 2520 721 2659 764; x_wconf 88' lang='lat' dir='ltr'><strong>oon-</strong></span> 
     </span>
     <span class='ocr_line' id='line_1_5' title="bbox 267 801 2658 891; baseline 0.001 -23"><span class='ocrx_word' id='word_1_34' title='bbox 267 805 452 880; x_wconf 85' lang='lat' dir='ltr'><strong>silia‚</strong></span> <span class='ocrx_word' id='word_1_35' title='bbox 513 804 713 882; x_wconf 88' lang='lat' dir='ltr'><strong>facta,</strong></span> <span class='ocrx_word' id='word_1_36' title='bbox 779 824 1126 868; x_wconf 87' lang='lat' dir='ltr'><strong>successus.</strong></span> <span class='ocrx_word' id='word_1_37' title='bbox 1187 801 1548 870; x_wconf 85' lang='lat' dir='ltr'><strong>Consilium</strong></span> <span class='ocrx_word' id='word_1_38' title='bbox 1615 805 1811 868; x_wconf 88' lang='lat' dir='ltr'><strong>animi</strong></span> <span class='ocrx_word' id='word_1_39' title='bbox 1870 809 2003 880; x_wconf 90' lang='lat' dir='ltr'><strong>est,</strong></span> <span class='ocrx_word' id='word_1_40' title='bbox 2050 804 2292 870; x_wconf 84' lang='lat' dir='ltr'><strong>factum</strong></span> <span class='ocrx_word' id='word_1_41' title='bbox 2341 808 2658 891; x_wconf 89' lang='lat' dir='ltr'><strong>corporis,</strong></span> 
     </span>
     <span class='ocr_line' id='line_1_6' title="bbox 266 906 2659 997; baseline 0 -22"><span class='ocrx_word' id='word_1_42' title='bbox 266 930 598 976; x_wconf 81' lang='lat' dir='ltr'><strong>successus</strong></span> <span class='ocrx_word' id='word_1_43' title='bbox 659 909 974 974; x_wconf 83' lang='lat' dir='ltr'><strong>fortunae.</strong></span> <span class='ocrx_word' id='word_1_44' title='bbox 1162 909 1322 974; x_wconf 82' lang='lat' dir='ltr'><strong>Ecce</strong></span> <span class='ocrx_word' id='word_1_45' title='bbox 1382 906 1839 996; x_wconf 86' lang='lat' dir='ltr'><strong>philosophus!</strong></span> <span class='ocrx_word' id='word_1_46' title='bbox 1930 909 2239 974; x_wconf 85' lang='lat' dir='ltr'><strong>Eiusdem</strong></span> <span class='ocrx_word' id='word_1_47' title='bbox 2300 932 2437 976; x_wconf 89' lang='lat' dir='ltr'><strong>esse</strong></span> <span class='ocrx_word' id='word_1_48' title='bbox 2499 917 2659 997; x_wconf 87' lang='lat' dir='ltr'><strong>puto</strong></span> 
     </span>
     <span class='ocr_line' id='line_1_7' title="bbox 275 1013 2662 1096; baseline 0.001 -16"><span class='ocrx_word' id='word_1_49' title='bbox 275 1015 364 1080; x_wconf 83' lang='lat'><strong>18</strong></span> <span class='ocrx_word' id='word_1_50' title='bbox 391 1015 522 1096; x_wconf 82' lang='lat'><strong>(2):</strong></span> <span class='ocrx_word' id='word_1_51' title='bbox 583 1015 670 1080; x_wconf 84' lang='lat' dir='ltr'><strong>Et</strong></span> <span class='ocrx_word' id='word_1_52' title='bbox 729 1016 1179 1080; x_wconf 79' lang='lat' dir='ltr'><strong>festivitas</strong></span> <span class='ocrx_word' id='word_1_53' title='bbox 1240 1017 1306 1079; x_wconf 90' lang='lat' dir='ltr'><strong>in</strong></span> <span class='ocrx_word' id='word_1_54' title='bbox 1360 1014 1548 1080; x_wconf 83' lang='lat' dir='ltr'><strong>dictis</strong></span> <span class='ocrx_word' id='word_1_55' title='bbox 1597 1021 1729 1093; x_wconf 89' lang='lat' dir='ltr'><strong>est,</strong></span> <span class='ocrx_word' id='word_1_56' title='bbox 1779 1013 2175 1082; x_wconf 86' lang='lat' dir='ltr'><strong>facilitas</strong></span> <span class='ocrx_word' id='word_1_57' title='bbox 2220 1020 2285 1082; x_wconf 88' lang='lat' dir='ltr'><strong>in</strong></span> <span class='ocrx_word' id='word_1_58' title='bbox 2335 1020 2549 1083; x_wconf 89' lang='lat' dir='ltr'><strong>animo</strong></span> <span class='ocrx_word' id='word_1_59' title='bbox 2591 1026 2662 1082; x_wconf 77' lang='lat' dir='ltr'><strong>‘et-</strong></span> 
     </span>
     <span class='ocr_line' id='line_1_8' title="bbox 271 1120 2085 1208; baseline -0.001 -20"><span class='ocrx_word' id='word_1_60' title='bbox 271 1123 494 1200; x_wconf 86' lang='lat' dir='ltr'><strong>factis‚</strong></span> <span class='ocrx_word' id='word_1_61' title='bbox 545 1143 820 1208; x_wconf 89' lang='lat' dir='ltr'><strong>quocum</strong></span> <span class='ocrx_word' id='word_1_62' title='bbox 869 1142 1168 1206; x_wconf 85' lang='lat' dir='ltr'><strong>compara</strong></span> <span class='ocrx_word' id='word_1_63' title='bbox 1217 1120 1378 1186; x_wconf 89' lang='lat' dir='ltr'><strong>Don.</strong></span> <span class='ocrx_word' id='word_1_64' title='bbox 1425 1121 1665 1186; x_wconf 89' lang='lat' dir='ltr'><strong>ibidem</strong></span> <span class='ocrx_word' id='word_1_65' title='bbox 1715 1128 1741 1202; x_wconf 89' lang='lat'><strong>(</strong></span> <span class='ocrx_word' id='word_1_66' title='bbox 1751 1122 1813 1200; x_wconf 92' lang='grc'><strong>1)</strong></span> <span class='ocrx_word' id='word_1_67' title='bbox 1858 1129 1923 1186; x_wconf 86' lang='lat' dir='ltr'><strong>et</strong></span> <span class='ocrx_word' id='word_1_68' title='bbox 1967 1121 2085 1204; x_wconf 87' lang='lat'><strong>(3).</strong></span> 
     </span>
    </p>

    <p class='ocr_par' dir='ltr' id='par_1_3' title="bbox 368 1226 2662 1316">
     <span class='ocr_line' id='line_1_9' title="bbox 368 1226 2662 1316; baseline 0.002 -24"><span class='ocrx_word' id='word_1_69' title='bbox 368 1228 529 1294; x_wconf 88' lang='lat' dir='ltr'><strong>Ibid.</strong></span> <span class='ocrx_word' id='word_1_70' title='bbox 579 1227 668 1293; x_wconf 89' lang='grc'><strong>20</strong></span> <span class='ocrx_word' id='word_1_71' title='bbox 737 1227 821 1294; x_wconf 90' lang='lat' dir='ltr'><strong>Di</strong></span> <span class='ocrx_word' id='word_1_72' title='bbox 867 1235 1150 1294; x_wconf 80' lang='lat' dir='ltr'><strong>vostram</strong></span> <span class='ocrx_word' id='word_1_73' title='bbox 1201 1227 1424 1306; x_wconf 85' lang='lat' dir='ltr'><strong>fidem,</strong></span> <span class='ocrx_word' id='word_1_74' title='bbox 1471 1226 1873 1293; x_wconf 86' lang='lat' dir='ltr'><strong>incredibilia</strong></span> <span class='ocrx_word' id='word_1_75' title='bbox 1919 1228 2233 1295; x_wconf 84' lang='lat' dir='ltr'><strong>Parmeno</strong></span> <span class='ocrx_word' id='word_1_76' title='bbox 2271 1229 2462 1297; x_wconf 89' lang='lat' dir='ltr'><strong>modo</strong></span> <span class='ocrx_word' id='word_1_77' title='bbox 2500 1251 2662 1316; x_wconf 87' lang='lat' dir='ltr'><strong>quae</strong></span> 
     </span>
    </p>

    <p class='ocr_par' dir='ltr' id='par_1_4' title="bbox 271 1333 2663 1955">
     <span class='ocr_line' id='line_1_10' title="bbox 273 1333 596 1402; baseline -0.006 -1"><span class='ocrx_word' id='word_1_78' title='bbox 273 1333 596 1402; x_wconf 84' lang='lat' dir='ltr'><strong>narravit!</strong></span> 
     </span>
     <span class='ocr_line' id='line_1_11' title="bbox 279 1441 2662 1527; baseline 0.001 -19"><span class='ocrx_word' id='word_1_79' title='bbox 279 1451 284 1456; x_wconf 85' lang='grc'><em>“</em></span> <span class='ocrx_word' id='word_1_80' title='bbox 367 1443 531 1509; x_wconf 88' lang='lat' dir='ltr'><strong>Don.</strong></span> <span class='ocrx_word' id='word_1_81' title='bbox 589 1441 690 1526; x_wconf 90' lang='grc'><strong>(1)</strong></span> <span class='ocrx_word' id='word_1_82' title='bbox 749 1441 1010 1506; x_wconf 89' lang='lat' dir='ltr'><strong>Nimius</strong></span> <span class='ocrx_word' id='word_1_83' title='bbox 1071 1441 1332 1507; x_wconf 85' lang='lat' dir='ltr'><strong>affectus</strong></span> <span class='ocrx_word' id='word_1_84' title='bbox 1377 1444 1444 1506; x_wconf 91' lang='lat' dir='ltr'><strong>in</strong></span> <span class='ocrx_word' id='word_1_85' title='bbox 1493 1446 1837 1527; x_wconf 86' lang='lat' dir='ltr'><strong>utramque</strong></span> <span class='ocrx_word' id='word_1_86' title='bbox 1881 1449 2130 1527; x_wconf 91' lang='lat' dir='ltr'><strong>partem</strong></span> <span class='ocrx_word' id='word_1_87' title='bbox 2180 1442 2345 1522; x_wconf 88' lang='lat' dir='ltr'><strong>(scil.</strong></span> <span class='ocrx_word' id='word_1_88' title='bbox 2395 1446 2662 1510; x_wconf 84' lang='lat' dir='ltr'><strong>trist-itia</strong></span> 
     </span>
     <span class='ocr_line' id='line_1_12' title="bbox 273 1541 2661 1637; baseline -0 -22"><span class='ocrx_word' id='word_1_89' title='bbox 273 1555 342 1615; x_wconf 90' lang='lat' dir='ltr'><strong>et</strong></span> <span class='ocrx_word' id='word_1_90' title='bbox 396 1547 714 1637; x_wconf 81' lang='lat' dir='ltr'><strong>gaudium</strong></span> <span class='ocrx_word' id='word_1_91' title='bbox 773 1550 1080 1627; x_wconf 89' lang='lat' dir='ltr'><strong>nimium)</strong></span> <span class='ocrx_word' id='word_1_92' title='bbox 1127 1546 1411 1613; x_wconf 86' lang='lat' dir='ltr'><strong>defectus</strong></span> <span class='ocrx_word' id='word_1_93' title='bbox 1459 1548 1763 1613; x_wconf 87' lang='lat' dir='ltr'><strong>orationis</strong></span> <span class='ocrx_word' id='word_1_94' title='bbox 1808 1553 2003 1613; x_wconf 87' lang='lat' dir='ltr'><strong>amat.</strong></span> <span class='ocrx_word' id='word_1_95' title='bbox 2189 1547 2285 1616; x_wconf 83' lang='lat' dir='ltr'><strong>cf.</strong></span> <span class='ocrx_word' id='word_1_96' title='bbox 2335 1548 2365 1613; x_wconf 96' lang='lat' dir='ltr'>I</span> <span class='ocrx_word' id='word_1_97' title='bbox 2414 1541 2501 1616; x_wconf 79' lang='lat'><strong>2‘0</strong></span> <span class='ocrx_word' id='word_1_98' title='bbox 2527 1551 2661 1632; x_wconf 86' lang='grc'>(2);</span> 
     </span>
     <span class='ocr_line' id='line_1_13' title="bbox 271 1654 2663 1742; baseline 0 -21"><span class='ocrx_word' id='word_1_99' title='bbox 271 1656 444 1721; x_wconf 89' lang='lat' dir='ltr'><strong>Nam</strong></span> <span class='ocrx_word' id='word_1_100' title='bbox 525 1661 702 1722; x_wconf 90' lang='lat' dir='ltr'><strong>amat</strong></span> <span class='ocrx_word' id='word_1_101' title='bbox 788 1657 1243 1730; x_wconf 69' lang='grc' dir='ltr'><strong>ἀποσιωπήσεις</strong></span> <span class='ocrx_word' id='word_1_102' title='bbox 1313 1656 1515 1719; x_wconf 86' lang='lat' dir='ltr'><strong>nimia</strong></span> <span class='ocrx_word' id='word_1_103' title='bbox 1583 1654 1979 1741; x_wconf 83' lang='lat' dir='ltr'><strong>indignatio,</strong></span> <span class='ocrx_word' id='word_1_104' title='bbox 2051 1693 2137 1703; x_wconf 93' lang='lat'>—</span> <span class='ocrx_word' id='word_1_105' title='bbox 2207 1656 2426 1741; x_wconf 88' lang='lat' dir='ltr'><strong>ibique</strong></span> <span class='ocrx_word' id='word_1_106' title='bbox 2497 1658 2663 1742; x_wconf 87' lang='lat' dir='ltr'><strong>App.</strong></span> 
     </span>
     <span class='ocr_line' id='line_1_14' title="bbox 275 1759 2663 1848; baseline 0 -21"><span class='ocrx_word' id='word_1_107' title='bbox 275 1761 520 1828; x_wconf 88' lang='lat' dir='ltr'><strong>Wessn.</strong></span> <span class='ocrx_word' id='word_1_108' title='bbox 661 1761 1194 1826; x_wconf 86' lang='lat' dir='ltr'><strong>Additamentum</strong></span> <span class='ocrx_word' id='word_1_109' title='bbox 1242 1767 1371 1826; x_wconf 85' lang='lat' dir='ltr'><strong>est:</strong></span> <span class='ocrx_word' id='word_1_110' title='bbox 1422 1760 1517 1842; x_wconf 82' lang='lat'><strong>(2)</strong></span> <span class='ocrx_word' id='word_1_111' title='bbox 1565 1760 1739 1848; x_wconf 82' lang='lat' dir='ltr'><strong>Ergo</strong></span> <span class='ocrx_word' id='word_1_112' title='bbox 1788 1759 2067 1838; x_wconf 73' lang='grc' dir='ltr'><strong>ἔλλειψις</strong></span> <span class='ocrx_word' id='word_1_113' title='bbox 2105 1769 2234 1839; x_wconf 88' lang='lat' dir='ltr'><strong>est,</strong></span> <span class='ocrx_word' id='word_1_114' title='bbox 2275 1762 2451 1829; x_wconf 81' lang='lat' dir='ltr'><strong>deest</strong></span> <span class='ocrx_word' id='word_1_115' title='bbox 2493 1767 2663 1830; x_wconf 88' lang='lat' dir='ltr'><strong>enim</strong></span> 
     </span>
     <span class='ocr_line' id='line_1_15' title="bbox 276 1866 2407 1955; baseline -0 -21"><span class='ocrx_word' id='word_1_116' title='bbox 276 1868 627 1955; x_wconf 80' lang='lat' dir='ltr'><strong>„gaudia&#39;&#39;.</strong></span> <span class='ocrx_word' id='word_1_117' title='bbox 811 1867 952 1933; x_wconf 89' lang='lat' dir='ltr'><strong>Hoc</strong></span> <span class='ocrx_word' id='word_1_118' title='bbox 989 1867 1274 1953; x_wconf 87' lang='lat' dir='ltr'><strong>profecto</strong></span> <span class='ocrx_word' id='word_1_119' title='bbox 1320 1866 1536 1932; x_wconf 89' lang='lat' dir='ltr'><strong>deesse</strong></span> <span class='ocrx_word' id='word_1_120' title='bbox 1581 1866 1871 1933; x_wconf 84' lang='lat' dir='ltr'><strong>Donatus</strong></span> <span class='ocrx_word' id='word_1_121' title='bbox 1918 1889 2043 1933; x_wconf 89' lang='lat' dir='ltr'><strong>non</strong></span> <span class='ocrx_word' id='word_1_122' title='bbox 2092 1867 2407 1933; x_wconf 81' lang='lat' dir='ltr'><strong>adnuerit.</strong></span> 
     </span>
    </p>

    <p class='ocr_par' dir='ltr' id='par_1_5' title="bbox 371 1973 2622 2061">
     <span class='ocr_line' id='line_1_16' title="bbox 371 1973 2622 2061; baseline 0.001 -21"><span class='ocrx_word' id='word_1_123' title='bbox 371 1975 533 2040; x_wconf 89' lang='lat' dir='ltr'><strong>Ibid.</strong></span> <span class='ocrx_word' id='word_1_124' title='bbox 575 1973 662 2039; x_wconf 81' lang='grc'><strong>23</strong></span> <span class='ocrx_word' id='word_1_125' title='bbox 711 1974 879 2039; x_wconf 82' lang='lat' dir='ltr'><strong>Thr.</strong></span> <span class='ocrx_word' id='word_1_126' title='bbox 912 1975 1118 2050; x_wconf 89' lang='lat' dir='ltr'><strong>Perii,</strong></span> <span class='ocrx_word' id='word_1_127' title='bbox 1153 1979 1392 2059; x_wconf 83' lang='lat' dir='ltr'><strong>quanto</strong></span> <span class='ocrx_word' id='word_1_128' title='bbox 1424 1975 1641 2038; x_wconf 88' lang='lat' dir='ltr'><strong>minus</strong></span> <span class='ocrx_word' id='word_1_129' title='bbox 1674 1976 1810 2058; x_wconf 89' lang='lat' dir='ltr'><strong>spei</strong></span> <span class='ocrx_word' id='word_1_130' title='bbox 1842 1980 1968 2052; x_wconf 87' lang='lat' dir='ltr'><strong>est,</strong></span> <span class='ocrx_word' id='word_1_131' title='bbox 2011 1978 2190 2039; x_wconf 88' lang='lat' dir='ltr'><strong>tanto</strong></span> <span class='ocrx_word' id='word_1_132' title='bbox 2230 1979 2441 2061; x_wconf 84' lang='lat' dir='ltr'><strong>magis</strong></span> <span class='ocrx_word' id='word_1_133' title='bbox 2476 1996 2622 2042; x_wconf 88' lang='lat' dir='ltr'><strong>amo</strong></span> 
     </span>
    </p>

    <p class='ocr_par' dir='ltr' id='par_1_6' title="bbox 273 2078 2671 2594">
     <span class='ocr_line' id='line_1_17' title="bbox 372 2078 2669 2166; baseline 0 -19"><span class='ocrx_word' id='word_1_134' title='bbox 372 2081 534 2147; x_wconf 89' lang='lat' dir='ltr'><strong>Don.</strong></span> <span class='ocrx_word' id='word_1_135' title='bbox 577 2080 675 2162; x_wconf 91' lang='grc'><strong>(1)</strong></span> <span class='ocrx_word' id='word_1_136' title='bbox 713 2081 841 2147; x_wconf 88' lang='lat' dir='ltr'><strong>Hic</strong></span> <span class='ocrx_word' id='word_1_137' title='bbox 881 2102 1030 2146; x_wconf 88' lang='lat' dir='ltr'><strong>vero</strong></span> <span class='ocrx_word' id='word_1_138' title='bbox 1070 2087 1166 2146; x_wconf 86' lang='lat' dir='ltr'><strong>est</strong></span> <span class='ocrx_word' id='word_1_139' title='bbox 1204 2080 1390 2146; x_wconf 87' lang='lat' dir='ltr'><strong>ardor</strong></span> <span class='ocrx_word' id='word_1_140' title='bbox 1427 2082 1914 2158; x_wconf 89' lang='lat' dir='ltr'><strong>insanissimus,</strong></span> <span class='ocrx_word' id='word_1_141' title='bbox 1957 2087 2031 2144; x_wconf 89' lang='lat' dir='ltr'><strong>ut</strong></span> <span class='ocrx_word' id='word_1_142' title='bbox 2073 2078 2430 2166; x_wconf 80' lang='lat' dir='ltr'><strong>Vergilius:</strong></span> <span class='ocrx_word' id='word_1_143' title='bbox 2477 2082 2669 2160; x_wconf 88' lang='lat' dir='ltr'><strong>„For-</strong></span> 
     </span>
     <span class='ocr_line' id='line_1_18' title="bbox 279 2184 2670 2275; baseline 0 -21"><span class='ocrx_word' id='word_1_144' title='bbox 279 2209 538 2254; x_wconf 90' lang='lat' dir='ltr'><strong>mosum</strong></span> <span class='ocrx_word' id='word_1_145' title='bbox 595 2193 815 2272; x_wconf 85' lang='lat' dir='ltr'><strong>pastor</strong></span> <span class='ocrx_word' id='word_1_146' title='bbox 876 2184 1174 2275; x_wconf 84' lang='lat' dir='ltr'><strong>Corydon</strong></span> <span class='ocrx_word' id='word_1_147' title='bbox 1236 2186 1495 2251; x_wconf 75' lang='lat' dir='ltr'><strong>ardebat</strong></span> <span class='ocrx_word' id='word_1_148' title='bbox 1555 2186 1824 2258; x_wconf 80' lang='lat' dir='ltr'><strong>Alexin.</strong></span> <span class='ocrx_word' id='word_1_149' title='bbox 1890 2185 2147 2252; x_wconf 87' lang='lat' dir='ltr'><strong>delicias</strong></span> <span class='ocrx_word' id='word_1_150' title='bbox 2205 2186 2487 2266; x_wconf 89' lang='lat' dir='ltr'><strong>domini,</strong></span> <span class='ocrx_word' id='word_1_151' title='bbox 2555 2209 2670 2254; x_wconf 91' lang='lat' dir='ltr'><strong>nec</strong></span> 
     </span>
     <span class='ocr_line' id='line_1_19' title="bbox 277 2290 2671 2380; baseline -0.001 -21"><span class='ocrx_word' id='word_1_152' title='bbox 277 2294 449 2380; x_wconf 90' lang='lat' dir='ltr'><strong>quod</strong></span> <span class='ocrx_word' id='word_1_153' title='bbox 494 2300 774 2378; x_wconf 85' lang='lat' dir='ltr'><strong>speraret</strong></span> <span class='ocrx_word' id='word_1_154' title='bbox 820 2290 1134 2358; x_wconf 86' lang='lat' dir='ltr'><strong>habebat”</strong></span> <span class='ocrx_word' id='word_1_155' title='bbox 1184 2290 1345 2372; x_wconf 83' lang='lat' dir='ltr'><strong>(Ecl.</strong></span> <span class='ocrx_word' id='word_1_156' title='bbox 1396 2291 1458 2356; x_wconf 94' lang='lat' dir='ltr'><strong>II</strong></span> <span class='ocrx_word' id='word_1_157' title='bbox 1513 2292 1598 2372; x_wconf 92' lang='lat'><strong>1).</strong></span> <span class='ocrx_word' id='word_1_158' title='bbox 1716 2291 1856 2357; x_wconf 90' lang='lat' dir='ltr'><strong>Hoc</strong></span> <span class='ocrx_word' id='word_1_159' title='bbox 1900 2295 2191 2378; x_wconf 82' lang='lat' dir='ltr'><strong>graviter</strong></span> <span class='ocrx_word' id='word_1_160' title='bbox 2237 2295 2324 2357; x_wconf 92' lang='lat' dir='ltr'><strong>sic</strong></span> <span class='ocrx_word' id='word_1_161' title='bbox 2372 2295 2671 2378; x_wconf 83' lang='lat' dir='ltr'><strong>probavit</strong></span> 
     </span>
     <span class='ocr_line' id='line_1_20' title="bbox 273 2397 2668 2486; baseline -0.001 -19"><span class='ocrx_word' id='word_1_162' title='bbox 273 2399 746 2486; x_wconf 88' lang='lat' dir='ltr'><strong>Philosophus:</strong></span> <span class='ocrx_word' id='word_1_163' title='bbox 812 2398 908 2480; x_wconf 89' lang='lat'><strong>(3)</strong></span> <span class='ocrx_word' id='word_1_164' title='bbox 955 2398 1041 2464; x_wconf 85' lang='lat' dir='ltr'><strong>Et</strong></span> <span class='ocrx_word' id='word_1_165' title='bbox 1086 2397 1367 2485; x_wconf 83' lang='lat' dir='ltr'><strong>profecto</strong></span> <span class='ocrx_word' id='word_1_166' title='bbox 1415 2401 1505 2464; x_wconf 92' lang='lat' dir='ltr'><strong>sic</strong></span> <span class='ocrx_word' id='word_1_167' title='bbox 1553 2403 1683 2464; x_wconf 90' lang='lat' dir='ltr'><strong>est:</strong></span> <span class='ocrx_word' id='word_1_168' title='bbox 1743 2401 2060 2484; x_wconf 87' lang='lat' dir='ltr'><strong>sapientes</strong></span> <span class='ocrx_word' id='word_1_169' title='bbox 2106 2420 2216 2484; x_wconf 89' lang='lat' dir='ltr'><strong>spe</strong></span> <span class='ocrx_word' id='word_1_170' title='bbox 2262 2403 2546 2464; x_wconf 86' lang='lat' dir='ltr'><strong>maxime</strong></span> <span class='ocrx_word' id='word_1_171' title='bbox 2590 2400 2668 2465; x_wconf 88' lang='lat' dir='ltr'><strong>ad</strong></span> 
     </span>
     <span class='ocr_line' id='line_1_21' title="bbox 275 2504 2459 2594; baseline -0.001 -20"><span class='ocrx_word' id='word_1_172' title='bbox 275 2527 561 2574; x_wconf 87' lang='lat' dir='ltr'><strong>amorem</strong></span> <span class='ocrx_word' id='word_1_173' title='bbox 611 2511 952 2594; x_wconf 81' lang='lat' dir='ltr'><strong>coguntur,</strong></span> <span class='ocrx_word' id='word_1_174' title='bbox 997 2505 1186 2572; x_wconf 88' lang='lat' dir='ltr'><strong>stulti</strong></span> <span class='ocrx_word' id='word_1_175' title='bbox 1230 2506 1435 2571; x_wconf 88' lang='lat' dir='ltr'><strong>forma</strong></span> <span class='ocrx_word' id='word_1_176' title='bbox 1481 2510 1758 2571; x_wconf 79' lang='lat' dir='ltr'><strong>tantum.</strong></span> <span class='ocrx_word' id='word_1_177' title='bbox 1943 2504 2127 2574; x_wconf 89' lang='lat' dir='ltr'><strong>Nihil</strong></span> <span class='ocrx_word' id='word_1_178' title='bbox 2174 2505 2255 2572; x_wconf 90' lang='lat' dir='ltr'><strong>ad</strong></span> <span class='ocrx_word' id='word_1_179' title='bbox 2302 2527 2459 2572; x_wconf 89' lang='lat' dir='ltr'><strong>rem.</strong></span> 
     </span>
    </p>

    <p class='ocr_par' dir='ltr' id='par_1_7' title="bbox 279 2612 2668 2787">
     <span class='ocr_line' id='line_1_22' title="bbox 369 2612 2668 2700; baseline 0 -21"><span class='ocrx_word' id='word_1_180' title='bbox 369 2613 532 2679; x_wconf 88' lang='lat' dir='ltr'><strong>Ibid.</strong></span> <span class='ocrx_word' id='word_1_181' title='bbox 581 2612 668 2680; x_wconf 82' lang='lat'><strong>27</strong></span> <span class='ocrx_word' id='word_1_182' title='bbox 741 2612 1027 2694; x_wconf 80' lang='lat' dir='ltr'><strong>Quodvis</strong></span> <span class='ocrx_word' id='word_1_183' title='bbox 1073 2612 1309 2678; x_wconf 90' lang='lat' dir='ltr'><strong>donum</strong></span> <span class='ocrx_word' id='word_1_184' title='bbox 1350 2615 1711 2699; x_wconf 88' lang='lat' dir='ltr'><strong>praemium</strong></span> <span class='ocrx_word' id='word_1_185' title='bbox 1752 2633 1789 2678; x_wconf 85' lang='lat' dir='ltr'><strong>a</strong></span> <span class='ocrx_word' id='word_1_186' title='bbox 1825 2634 1930 2678; x_wconf 90' lang='lat' dir='ltr'><strong>me</strong></span> <span class='ocrx_word' id='word_1_187' title='bbox 1970 2619 2222 2700; x_wconf 89' lang='lat' dir='ltr'><strong>optato:</strong></span> <span class='ocrx_word' id='word_1_188' title='bbox 2264 2613 2330 2678; x_wconf 92' lang='lat' dir='ltr'><strong>id</strong></span> <span class='ocrx_word' id='word_1_189' title='bbox 2372 2620 2668 2700; x_wconf 84' lang='lat' dir='ltr'><strong>optatum</strong></span> 
     </span>
     <span class='ocr_line' id='line_1_23' title="bbox 279 2720 530 2787; baseline -0.008 0"><span class='ocrx_word' id='word_1_190' title='bbox 279 2720 530 2787; x_wconf 86' lang='lat' dir='ltr'><strong>auferes</strong></span> 
     </span>
    </p>

    <p class='ocr_par' dir='ltr' id='par_1_8' title="bbox 276 2826 2671 4172">
     <span class='ocr_line' id='line_1_24' title="bbox 370 2826 2667 2913; baseline 0 -20"><span class='ocrx_word' id='word_1_191' title='bbox 370 2832 470 2910; x_wconf 90' lang='lat'><strong>(1)</strong></span> <span class='ocrx_word' id='word_1_192' title='bbox 535 2827 834 2906; x_wconf 80' lang='lat' dir='ltr'><strong>„Donum</strong></span> <span class='ocrx_word' id='word_1_193' title='bbox 897 2828 1298 2913; x_wconf 88' lang='lat' dir='ltr'><strong>praemium’&#39;</strong></span> <span class='ocrx_word' id='word_1_194' title='bbox 1366 2832 1464 2891; x_wconf 90' lang='lat' dir='ltr'><strong>est</strong></span> <span class='ocrx_word' id='word_1_195' title='bbox 1525 2848 1765 2892; x_wconf 88' lang='lat' dir='ltr'><strong>munus</strong></span> <span class='ocrx_word' id='word_1_196' title='bbox 1825 2829 2208 2912; x_wconf 87' lang='lat' dir='ltr'><strong>praemium.</strong></span> <span class='ocrx_word' id='word_1_197' title='bbox 2394 2827 2494 2907; x_wconf 90' lang='grc'><strong>(2)</strong></span> <span class='ocrx_word' id='word_1_198' title='bbox 2542 2826 2667 2893; x_wconf 83' lang='lat' dir='ltr'><strong>Sed</strong></span> 
     </span>
     <span class='ocr_line' id='line_1_25' title="bbox 279 2932 2671 3020; baseline -0.001 -21"><span class='ocrx_word' id='word_1_199' title='bbox 279 2936 581 2999; x_wconf 89' lang='lat' dir='ltr'><strong>donum</strong></span> <span class='ocrx_word' id='word_1_200' title='bbox 632 2936 1092 3020; x_wconf 88' lang='lat' dir='ltr'><strong>praemium</strong></span> <span class='ocrx_word' id='word_1_201' title='bbox 1139 2933 1236 2997; x_wconf 87' lang='lat' dir='ltr'><strong>dis</strong></span> <span class='ocrx_word' id='word_1_202' title='bbox 1283 2932 1494 3011; x_wconf 84' lang='lat' dir='ltr'><strong>datur,</strong></span> <span class='ocrx_word' id='word_1_203' title='bbox 1541 2954 1839 2999; x_wconf 87' lang='lat' dir='ltr'><strong>munus</strong></span> <span class='ocrx_word' id='word_1_204' title='bbox 1889 2936 2347 3018; x_wconf 89' lang='lat' dir='ltr'><strong>praemium</strong></span> <span class='ocrx_word' id='word_1_205' title='bbox 2398 2934 2671 2999; x_wconf 91' lang='lat' dir='ltr'><strong>homini-</strong></span> 
     </span>
     <span class='ocr_line' id='line_1_26' title="bbox 279 3039 2664 3127; baseline -0.001 -20"><span class='ocrx_word' id='word_1_206' title='bbox 279 3043 434 3119; x_wconf 85' lang='lat' dir='ltr'><strong>bus;</strong></span> <span class='ocrx_word' id='word_1_207' title='bbox 483 3062 630 3107; x_wconf 90' lang='lat' dir='ltr'><strong>nam</strong></span> <span class='ocrx_word' id='word_1_208' title='bbox 673 3042 1018 3127; x_wconf 80' lang='lat' dir='ltr'><strong>separatim</strong></span> <span class='ocrx_word' id='word_1_209' title='bbox 1058 3039 1349 3105; x_wconf 90' lang='lat' dir='ltr'><strong>donum</strong></span> <span class='ocrx_word' id='word_1_210' title='bbox 1394 3040 1658 3105; x_wconf 90' lang='lat' dir='ltr'><strong>deorum</strong></span> <span class='ocrx_word' id='word_1_211' title='bbox 1700 3044 1832 3117; x_wconf 90' lang='lat' dir='ltr'><strong>est,</strong></span> <span class='ocrx_word' id='word_1_212' title='bbox 1873 3042 2250 3125; x_wconf 89' lang='lat' dir='ltr'><strong>praemiu</strong></span> <span class='ocrx_word' id='word_1_213' title='bbox 2276 3062 2335 3103; x_wconf 80' lang='lat' dir='ltr'><strong>tn</strong></span> <span class='ocrx_word' id='word_1_214' title='bbox 2380 3042 2664 3105; x_wconf 86' lang='lat' dir='ltr'><strong>virorum</strong></span> 
     </span>
     <span class='ocr_line' id='line_1_27' title="bbox 279 3145 2669 3226; baseline -0.001 -12"><span class='ocrx_word' id='word_1_215' title='bbox 279 3155 382 3214; x_wconf 90' lang='lat' dir='ltr'><strong>est</strong></span> <span class='ocrx_word' id='word_1_216' title='bbox 443 3147 745 3226; x_wconf 87' lang='lat' dir='ltr'><strong>fortium,</strong></span> <span class='ocrx_word' id='word_1_217' title='bbox 810 3167 1106 3213; x_wconf 86' lang='lat' dir='ltr'><strong>munus</strong></span> <span class='ocrx_word' id='word_1_218' title='bbox 1169 3148 1527 3211; x_wconf 88' lang='lat' dir='ltr'><strong>hominum.</strong></span> <span class='ocrx_word' id='word_1_219' title='bbox 1691 3145 1790 3226; x_wconf 88' lang='lat'><strong>(3)</strong></span> <span class='ocrx_word' id='word_1_220' title='bbox 1850 3145 1938 3211; x_wconf 82' lang='lat' dir='ltr'><strong>Et</strong></span> <span class='ocrx_word' id='word_1_221' title='bbox 1999 3145 2294 3212; x_wconf 90' lang='lat' dir='ltr'><strong>donum</strong></span> <span class='ocrx_word' id='word_1_222' title='bbox 2342 3168 2669 3212; x_wconf 90' lang='lat' dir='ltr'><strong>munus-</strong></span> 
     </span>
     <span class='ocr_line' id='line_1_28' title="bbox 281 3253 2666 3340; baseline 0 -20"><span class='ocrx_word' id='word_1_223' title='bbox 281 3276 406 3340; x_wconf 89' lang='lat' dir='ltr'><strong>que</strong></span> <span class='ocrx_word' id='word_1_224' title='bbox 468 3262 602 3319; x_wconf 89' lang='lat' dir='ltr'><strong>tam</strong></span> <span class='ocrx_word' id='word_1_225' title='bbox 663 3259 808 3319; x_wconf 89' lang='lat' dir='ltr'><strong>ante</strong></span> <span class='ocrx_word' id='word_1_226' title='bbox 869 3253 1112 3319; x_wconf 84' lang='lat' dir='ltr'><strong>factum</strong></span> <span class='ocrx_word' id='word_1_227' title='bbox 1181 3275 1374 3340; x_wconf 91' lang='lat' dir='ltr'><strong>quam</strong></span> <span class='ocrx_word' id='word_1_228' title='bbox 1437 3259 1580 3339; x_wconf 88' lang='lat' dir='ltr'><strong>post</strong></span> <span class='ocrx_word' id='word_1_229' title='bbox 1644 3253 1887 3319; x_wconf 85' lang='lat' dir='ltr'><strong>factum</strong></span> <span class='ocrx_word' id='word_1_230' title='bbox 1949 3253 2157 3331; x_wconf 90' lang='lat' dir='ltr'><strong>datur,</strong></span> <span class='ocrx_word' id='word_1_231' title='bbox 2205 3257 2666 3340; x_wconf 88' lang='lat' dir='ltr'><strong>praemium</strong></span> 
     </span>
     <span class='ocr_line' id='line_1_29' title="bbox 279 3358 2671 3446; baseline 0 -21"><span class='ocrx_word' id='word_1_232' title='bbox 279 3383 404 3428; x_wconf 87' lang='lat' dir='ltr'><strong>non</strong></span> <span class='ocrx_word' id='word_1_233' title='bbox 469 3362 592 3425; x_wconf 89' lang='lat' dir='ltr'><strong>nisi</strong></span> <span class='ocrx_word' id='word_1_234' title='bbox 645 3365 792 3445; x_wconf 86' lang='lat' dir='ltr'><strong>post</strong></span> <span class='ocrx_word' id='word_1_235' title='bbox 836 3359 1100 3445; x_wconf 77' lang='lat' dir='ltr'><strong>factum.</strong></span> <span class='ocrx_word' id='word_1_236' title='bbox 1284 3360 1381 3439; x_wconf 90' lang='lat'><strong>(4)</strong></span> <span class='ocrx_word' id='word_1_237' title='bbox 1429 3358 1737 3424; x_wconf 89' lang='lat' dir='ltr'><strong>Donum</strong></span> <span class='ocrx_word' id='word_1_238' title='bbox 1791 3358 2228 3425; x_wconf 86' lang='lat' dir='ltr'><strong>voluntarium</strong></span> <span class='ocrx_word' id='word_1_239' title='bbox 2278 3367 2404 3438; x_wconf 85' lang='lat' dir='ltr'><strong>est,</strong></span> <span class='ocrx_word' id='word_1_240' title='bbox 2455 3380 2671 3446; x_wconf 87' lang='lat' dir='ltr'><strong>prae-</strong></span> 
     </span>
     <span class='ocr_line' id='line_1_30' title="bbox 277 3465 2669 3553; baseline 0 -21"><span class='ocrx_word' id='word_1_241' title='bbox 277 3470 530 3533; x_wconf 88' lang='lat' dir='ltr'><strong>mium</strong></span> <span class='ocrx_word' id='word_1_242' title='bbox 581 3466 866 3532; x_wconf 86' lang='lat' dir='ltr'><strong>debetur.</strong></span> <span class='ocrx_word' id='word_1_243' title='bbox 1053 3465 1150 3548; x_wconf 88' lang='lat'><strong>(5)</strong></span> <span class='ocrx_word' id='word_1_244' title='bbox 1196 3465 1327 3530; x_wconf 87' lang='lat' dir='ltr'><strong>Alii</strong></span> <span class='ocrx_word' id='word_1_245' title='bbox 1376 3488 1527 3532; x_wconf 86' lang='lat' dir='ltr'><strong>vero</strong></span> <span class='ocrx_word' id='word_1_246' title='bbox 1578 3467 1923 3539; x_wconf 70' lang='grc' dir='ltr'><strong><em>ἀσυνδέτους</em></strong></span> <span class='ocrx_word' id='word_1_247' title='bbox 1968 3469 2415 3553; x_wconf 79' lang='lat' dir='ltr'><strong>pronuntiant:</strong></span> <span class='ocrx_word' id='word_1_248' title='bbox 2459 3469 2669 3551; x_wconf 91' lang='lat' dir='ltr'><strong>primo</strong></span> 
     </span>
     <span class='ocr_line' id='line_1_31' title="bbox 282 3573 2507 3660; baseline -0 -21"><span class='ocrx_word' id='word_1_249' title='bbox 282 3574 612 3654; x_wconf 85' lang='lat' dir='ltr'><strong>„donum”</strong></span> <span class='ocrx_word' id='word_1_250' title='bbox 660 3582 724 3639; x_wconf 90' lang='lat' dir='ltr'><strong>et</strong></span> <span class='ocrx_word' id='word_1_251' title='bbox 771 3577 860 3639; x_wconf 83' lang='lat' dir='ltr'><strong>sic</strong></span> <span class='ocrx_word' id='word_1_252' title='bbox 911 3573 1358 3659; x_wconf 84' lang='lat' dir='ltr'><strong>„praemium”</strong></span> <span class='ocrx_word' id='word_1_253' title='bbox 1409 3576 1591 3660; x_wconf 86' lang='lat' dir='ltr'><strong>quasi</strong></span> <span class='ocrx_word' id='word_1_254' title='bbox 1640 3595 1834 3639; x_wconf 83' lang='lat' dir='ltr'><strong>unam</strong></span> <span class='ocrx_word' id='word_1_255' title='bbox 1884 3580 2133 3660; x_wconf 89' lang='lat' dir='ltr'><strong>partem</strong></span> <span class='ocrx_word' id='word_1_256' title='bbox 2182 3575 2507 3639; x_wconf 63' lang='lat' dir='ltr'><strong>orationis</strong></span> 
     </span>
     <span class='ocr_line' id='line_1_32' title="bbox 277 3679 2668 3766; baseline -0.001 -20"><span class='ocrx_word' id='word_1_257' title='bbox 277 3682 377 3764; x_wconf 87' lang='grc'><strong>(6)</strong></span> <span class='ocrx_word' id='word_1_258' title='bbox 445 3680 786 3757; x_wconf 86' lang='lat' dir='ltr'><strong>„Donum”</strong></span> <span class='ocrx_word' id='word_1_259' title='bbox 848 3682 1050 3764; x_wconf 87' lang='lat' dir='ltr'><strong>petito</strong></span> <span class='ocrx_word' id='word_1_260' title='bbox 1113 3686 1189 3745; x_wconf 90' lang='lat' dir='ltr'><strong>ut</strong></span> <span class='ocrx_word' id='word_1_261' title='bbox 1250 3701 1287 3745; x_wconf 89' lang='lat' dir='ltr'><strong>a</strong></span> <span class='ocrx_word' id='word_1_262' title='bbox 1346 3679 1528 3765; x_wconf 80' lang='lat' dir='ltr'><strong>largo</strong></span> <span class='ocrx_word' id='word_1_263' title='bbox 1591 3680 1887 3757; x_wconf 89' lang='lat' dir='ltr'><strong>homine,</strong></span> <span class='ocrx_word' id='word_1_264' title='bbox 1940 3680 2384 3766; x_wconf 85' lang='lat' dir='ltr'><strong>„praemium”</strong></span> <span class='ocrx_word' id='word_1_265' title='bbox 2434 3686 2509 3743; x_wconf 87' lang='lat' dir='ltr'><strong>ut</strong></span> <span class='ocrx_word' id='word_1_266' title='bbox 2555 3701 2668 3765; x_wconf 87' lang='lat' dir='ltr'><strong>pro</strong></span> 
     </span>
     <span class='ocr_line' id='line_1_33' title="bbox 276 3783 2665 3873; baseline -0.002 -19"><span class='ocrx_word' id='word_1_267' title='bbox 276 3787 452 3854; x_wconf 88' lang='lat' dir='ltr'><strong>claro</strong></span> <span class='ocrx_word' id='word_1_268' title='bbox 511 3787 809 3851; x_wconf 79' lang='lat' dir='ltr'><strong>facinore.</strong></span> <span class='ocrx_word' id='word_1_269' title='bbox 995 3783 1090 3864; x_wconf 80' lang='lat'><strong>(¹7)</strong></span> <span class='ocrx_word' id='word_1_270' title='bbox 1158 3785 1500 3864; x_wconf 86' lang='lat' dir='ltr'><strong>„Donum”</strong></span> <span class='ocrx_word' id='word_1_271' title='bbox 1567 3794 1824 3873; x_wconf 80' lang='lat' dir='ltr'><strong>optatu,</strong></span> <span class='ocrx_word' id='word_1_272' title='bbox 1872 3788 1952 3853; x_wconf 93' lang='lat' dir='ltr'><strong>ob</strong></span> <span class='ocrx_word' id='word_1_273' title='bbox 2000 3785 2167 3873; x_wconf 88' lang='lat' dir='ltr'><strong>quod</strong></span> <span class='ocrx_word' id='word_1_274' title='bbox 2218 3786 2665 3871; x_wconf 83' lang='lat' dir='ltr'><strong>„praemium”</strong></span> 
     </span>
     <span class='ocr_line' id='line_1_34' title="bbox 277 3892 2669 3979; baseline -0.001 -19"><span class='ocrx_word' id='word_1_275' title='bbox 277 3896 574 3978; x_wconf 85' lang='lat' dir='ltr'><strong>accipias.</strong></span> <span class='ocrx_word' id='word_1_276' title='bbox 759 3892 855 3972; x_wconf 89' lang='grc'><strong>(8)</strong></span> <span class='ocrx_word' id='word_1_277' title='bbox 917 3892 1152 3960; x_wconf 84' lang='lat' dir='ltr'><strong>&#39;Potum</strong></span> <span class='ocrx_word' id='word_1_278' title='bbox 1217 3892 1606 3970; x_wconf 81' lang='lat' dir='ltr'><strong>militariter,</strong></span> <span class='ocrx_word' id='word_1_279' title='bbox 1674 3915 1825 3958; x_wconf 88' lang='lat' dir='ltr'><strong>nam</strong></span> <span class='ocrx_word' id='word_1_280' title='bbox 1890 3900 1955 3959; x_wconf 91' lang='lat' dir='ltr'><strong>et</strong></span> <span class='ocrx_word' id='word_1_281' title='bbox 2017 3895 2247 3979; x_wconf 92' lang='lat' dir='ltr'><strong>optio</strong></span> <span class='ocrx_word' id='word_1_282' title='bbox 2309 3892 2543 3958; x_wconf 88' lang='lat' dir='ltr'><strong>dicitur</strong></span> <span class='ocrx_word' id='word_1_283' title='bbox 2605 3900 2669 3958; x_wconf 92' lang='lat' dir='ltr'><strong>et</strong></span> 
     </span>
     <span class='ocr_line' id='line_1_35' title="bbox 281 3998 2669 4086; baseline -0.001 -19"><span class='ocrx_word' id='word_1_284' title='bbox 281 4002 564 4086; x_wconf 87' lang='lat' dir='ltr'><strong>optari</strong></span> <span class='ocrx_word' id='word_1_285' title='bbox 633 4020 670 4065; x_wconf 91' lang='lat' dir='ltr'><strong>a</strong></span> <span class='ocrx_word' id='word_1_286' title='bbox 737 3998 1091 4076; x_wconf 83' lang='lat' dir='ltr'><strong>militibus,</strong></span> <span class='ocrx_word' id='word_1_287' title='bbox 1173 4006 1246 4065; x_wconf 87' lang='lat' dir='ltr'><strong>ut</strong></span> <span class='ocrx_word' id='word_1_288' title='bbox 1322 4002 1463 4077; x_wconf 88' lang='lat' dir='ltr'><strong>„vir</strong></span> <span class='ocrx_word' id='word_1_289' title='bbox 1530 4000 1713 4064; x_wconf 87' lang='lat' dir='ltr'><strong>fortis</strong></span> <span class='ocrx_word' id='word_1_290' title='bbox 1781 4006 1958 4085; x_wconf 89' lang='lat' dir='ltr'><strong>optet</strong></span> <span class='ocrx_word' id='word_1_291' title='bbox 2020 3999 2188 4085; x_wconf 88' lang='lat' dir='ltr'><strong>quod</strong></span> <span class='ocrx_word' id='word_1_292' title='bbox 2256 3998 2428 4065; x_wconf 89' lang='lat' dir='ltr'><strong>volet</strong></span> <span class='ocrx_word' id='word_1_293' title='bbox 2491 4020 2669 4085; x_wconf 86' lang='lat' dir='ltr'><strong>prae-</strong></span> 
     </span>
     <span class='ocr_line' id='line_1_36' title="bbox 281 4105 561 4172; baseline 0 0"><span class='ocrx_word' id='word_1_294' title='bbox 281 4105 561 4172; x_wconf 86' lang='lat' dir='ltr'><strong>mium.”</strong></span> 
     </span>
    </p>

    <p class='ocr_par' dir='ltr' id='par_1_9' title="bbox 276 4210 2671 4514">
     <span class='ocr_line' id='line_1_37' title="bbox 371 4210 2665 4301; baseline -0.002 -20"><span class='ocrx_word' id='word_1_295' title='bbox 371 4213 950 4301; x_wconf 80' lang='lat' dir='ltr'><strong>Eugraphius:</strong></span> <span class='ocrx_word' id='word_1_296' title='bbox 1015 4211 1184 4277; x_wconf 90' lang='lat' dir='ltr'><strong>Novi</strong></span> <span class='ocrx_word' id='word_1_297' title='bbox 1249 4219 1344 4288; x_wconf 86' lang='lat' dir='ltr'><strong>te,</strong></span> <span class='ocrx_word' id='word_1_298' title='bbox 1408 4212 1461 4275; x_wconf 89' lang='lat' dir='ltr'><strong>si</strong></span> <span class='ocrx_word' id='word_1_299' title='bbox 1523 4211 1645 4275; x_wconf 92' lang='lat' dir='ltr'><strong>hoc</strong></span> <span class='ocrx_word' id='word_1_300' title='bbox 1704 4210 2015 4289; x_wconf 85' lang='lat' dir='ltr'><strong>effeceris,</strong></span> <span class='ocrx_word' id='word_1_301' title='bbox 2064 4212 2231 4297; x_wconf 90' lang='lat' dir='ltr'><strong>quod</strong></span> <span class='ocrx_word' id='word_1_302' title='bbox 2280 4215 2381 4277; x_wconf 90' lang='lat' dir='ltr'><strong>vis</strong></span> <span class='ocrx_word' id='word_1_303' title='bbox 2430 4213 2665 4279; x_wconf 91' lang='lat' dir='ltr'><strong>donum</strong></span> 
     </span>
     <span class='ocr_line' id='line_1_38' title="bbox 278 4316 2671 4408; baseline -0.001 -21"><span class='ocrx_word' id='word_1_304' title='bbox 278 4323 564 4408; x_wconf 89' lang='lat' dir='ltr'><strong>praemio</strong></span> <span class='ocrx_word' id='word_1_305' title='bbox 606 4318 868 4386; x_wconf 87' lang='lat' dir='ltr'><strong>donasse</strong></span> <span class='ocrx_word' id='word_1_306' title='bbox 913 4316 1013 4400; x_wconf 62' lang='grc' dir='ltr'><strong>(ἵ),</strong></span> <span class='ocrx_word' id='word_1_307' title='bbox 1062 4320 1220 4396; x_wconf 89' lang='lat' dir='ltr'><strong>hoo,</strong></span> <span class='ocrx_word' id='word_1_308' title='bbox 1269 4320 1572 4401; x_wconf 85' lang='lat' dir='ltr'><strong>inquam,</strong></span> <span class='ocrx_word' id='word_1_309' title='bbox 1621 4339 1658 4383; x_wconf 98' lang='lat' dir='ltr'><strong>a</strong></span> <span class='ocrx_word' id='word_1_310' title='bbox 1703 4339 1807 4384; x_wconf 92' lang='lat' dir='ltr'><strong>me</strong></span> <span class='ocrx_word' id='word_1_311' title='bbox 1856 4322 2134 4403; x_wconf 87' lang='lat' dir='ltr'><strong>poscito:</strong></span> <span class='ocrx_word' id='word_1_312' title='bbox 2186 4318 2253 4383; x_wconf 92' lang='lat' dir='ltr'><strong>id</strong></span> <span class='ocrx_word' id='word_1_313' title='bbox 2302 4340 2450 4384; x_wconf 89' lang='lat' dir='ltr'><strong>oum</strong></span> <span class='ocrx_word' id='word_1_314' title='bbox 2498 4327 2671 4405; x_wconf 82' lang='lat' dir='ltr'><strong>opta-</strong></span> 
     </span>
     <span class='ocr_line' id='line_1_39' title="bbox 276 4424 2667 4514; baseline -0.002 -17"><span class='ocrx_word' id='word_1_315' title='bbox 276 4431 448 4497; x_wconf 87' lang='lat' dir='ltr'><strong>veris</strong></span> <span class='ocrx_word' id='word_1_316' title='bbox 507 4429 798 4514; x_wconf 79' lang='lat' dir='ltr'><strong>accipies,</strong></span> <span class='ocrx_word' id='word_1_317' title='bbox 858 4426 1070 4510; x_wconf 84' lang='lat' dir='ltr'><strong>Atque</strong></span> <span class='ocrx_word' id='word_1_318' title='bbox 1117 4424 1289 4491; x_wconf 91' lang='lat' dir='ltr'><strong>ultra</strong></span> <span class='ocrx_word' id='word_1_319' title='bbox 1335 4427 1571 4490; x_wconf 82' lang='lat' dir='ltr'><strong>merita</strong></span> <span class='ocrx_word' id='word_1_320' title='bbox 1616 4432 1769 4489; x_wconf 89' lang='lat' dir='ltr'><strong>sunt</strong></span> <span class='ocrx_word' id='word_1_321' title='bbox 1817 4424 2061 4503; x_wconf 88' lang='lat' dir='ltr'><strong>dona,</strong></span> <span class='ocrx_word' id='word_1_322' title='bbox 2110 4428 2469 4511; x_wconf 88' lang='lat' dir='ltr'><strong>praemium</strong></span> <span class='ocrx_word' id='word_1_323' title='bbox 2518 4449 2667 4493; x_wconf 84' lang='lat' dir='ltr'><strong>vero</strong></span> 
     </span>
    </p>

    <p class='ocr_par' dir='ltr' id='par_1_10' title="bbox 2320 4546 2381 4594">
     <span class='ocr_line' id='line_1_40' title="bbox 2320 4546 2381 4594; baseline 0 0"><span class='ocrx_word' id='word_1_324' title='bbox 2320 4546 2381 4594; x_wconf 79' lang='lat'><strong>16</strong></span> 
     </span>
    </p>
   </div>
  </div>
 </body>
</html>
