3246 5085
629 308 760 377 378
1406 330 1510 399 ,1111
1553 328 1871 377 nummus
1916 328 2236 377 muruco.

987 496 1173 559 ἀλλ’
1224 498 1256 570 ἦ
1305 493 1558 575 φύσις
1607 495 1746 559 καὶ
1797 492 2157 575 τούρθόν·
2208 491 2270 568 ὃς
2318 495 2371 560 δ’
2419 496 2777 580 εὖγλωσσίᾳ

990 608 1168 685 νικᾷ,
1219 602 1409 684 σοφὸς
1459 602 1594 681 μέν,
1644 604 1793 665 ἀλλ’
1842 603 1963 679 ἐγὼ
2012 602 2095 666 τὰ
2144 602 2505 681 πράγματα

995 710 1248 787 κρείσσω
1297 708 1515 791 νομίζω
1564 714 1681 773 τῶν
1731 708 1933 786 λόγων
1981 708 2083 773 ἀεί
2130 733 2299 773 ποτε.

716 813 792 878 111
839 815 956 880 1166
1004 818 1319 881 sententia
1364 816 1440 881 de
1487 817 1758 881 humani
1806 817 2007 881 animi
2052 815 2269 881 indole
2314 818 2525 903 magis
2564 815 2750 881 firma
2790 817 3049 901 magis-

625 941 749 1005 que
809 920 932 987 fide
991 921 1191 1008 digna
1256 944 1449 1009 quam
1513 926 1650 988 sive
1713 922 1890 1008 leges
1937 928 2089 988 sunt
2133 925 2271 989 sive
2320 926 2668 1004 orationes,
2718 924 2847 989 fere
2896 922 3044 987 sibi

626 1034 877 1093 constat
941 1035 1147 1114 poeta.
1211 1028 1336 1095 Sed
1399 1032 1669 1115 gravius
1718 1028 1926 1095 multo
1974 1035 2107 1095 erat
2157 1028 2233 1096 de
2279 1032 2419 1115 ipsa
2461 1034 2689 1095 natura
2735 1029 3043 1093 humana.

626 1134 945 1201 iudicium
1006 1136 1168 1201 ferre
1231 1136 1398 1221 quod
1463 1140 1632 1200 stare
1694 1143 1925 1221 posset.
1992 1134 2162 1216 Quid
2223 1138 2395 1202 enim
2440 1135 2720 1203 hominis
2763 1134 2875 1201 1116
2924 1140 3044 1201 est

628 1243 870 1324 τρόπος,
922 1242 1026 1308 vel
1078 1239 1313 1322 Φύσιςῗ
1375 1239 1725 1307 Innataue?
1772 1241 1859 1306 Et
1905 1244 1958 1307 si
2006 1243 2262 1320 innata,
2314 1264 2470 1307 num
2517 1241 2835 1307 eiusmodi
2878 1243 3043 1306 eius

627 1355 728 1415 est
783 1348 1028 1415 indoles
1081 1354 1164 1431 ,ut
1229 1369 1482 1434 semper
1541 1369 1657 1435 per
1718 1347 1952 1414 nobilis
2014 1351 2269 1434 generis
2332 1351 2558 1415 seriem
2622 1370 2700 1413 ex
2762 1354 3045 1435 parente

623 1456 897 1524 nobilior
971 1455 1494 1541 emendatior-‘que
1557 1454 1850 1521 tradatur
1914 1452 2107 1520 filiis?
2178 1456 2277 1520 An
2340 1454 2598 1541 qualem
2659 1457 3044 1541 accepimus

627 1584 771 1631 66111
816 1584 854 1629 6
899 1568 1080 1647 patre
1128 1561 1357 1627 talisne
1406 1558 1781 1647 permanet?
1827 1559 2227 1627 Educatione
2265 1561 2595 1635 informari
2632 1559 2885 1648 potest?
2924 1560 3044 1626 Ex

623 1671 891 1736 honesto
933 1667 1180 1748 malus,
1230 1690 1308 1733 ex
1349 1668 1643 1753 improbo
1684 1668 1991 1734 honestus
2029 1670 2311 1735 nascitur
2344 1666 2673 1753 unquam?
2713 1706 2798 1716 —
2841 1666 3045 1733 Talia

626 1778 704 1843 ab
749 1774 1076 1861 Euripidis
1120 1774 1492 1860 aequalibus
1532 1774 1851 1861 singulari
1890 1759 2041 1841 61116
2077 1781 2143 1840 et
2181 1781 2317 1841 arte
2358 1776 2674 1863 disputari
2717 1774 3044 1841 solebant.

622 1882 767 1949 Non
831 1884 1075 1947 mirum
1139 1884 1356 1967 itaque
1421 1885 1476 1946 si
1543 1890 1731 1967 poeta
1788 1884 2075 1947 scenicus
2122 1886 2623 1949 controversiam
2669 1885 2739 1948 in
2786 1880 3043 1947 scholis

630 1989 1072 2076 sophistarum
1132 1989 1570 2067 decantatam,
1637 2010 1750 2055 nec
1813 2010 2099 2075 unquam
2161 1992 2228 2055 in
2288 1989 2624 2055 Socraticis
2686 1987 3041 2073 colloquiis

628 2095 993 2183 neglectam
1015 2145 1030 2174 ,
1080 2117 1294 2162 coram
1342 2093 1581 2182 populo
1621 2098 1689 2162 in
1731 2096 2018 2176 theatro,
2060 2095 2311 2161 diverso
2350 2095 2623 2173 iudicio,
2665 2097 2731 2160 in
2774 2094 3040 2161 diversa

631 2202 1110 2287 disputantibus
1171 2202 1472 2268 heroibus
1533 2206 1598 2268 et
1658 2202 1975 2280 heroinis,
2039 2203 2363 2267 tractavit.
2426 2201 2496 2266 Si
2551 2204 2809 2287 poetam
2855 2200 3041 2285 quod

629 2310 698 2373 in
761 2309 880 2373 hac
943 2330 1012 2374 16
1075 2329 1304 2394 parum
1367 2310 1489 2374 sibi
1551 2314 1840 2375 constare
1906 2307 2201 2375 videatur
2262 2327 2555 2387 accusas,
2620 2306 3041 2393 respondebit

630 2416 887 2500 opinor:
952 2416 1056 2480 οὐκ
1121 2415 1267 2493 ἐμὸς
1333 2414 1360 2479 ὃ
1409 2418 1635 2493 μῦθος,
1686 2435 1838 2480 nam
1884 2416 2382 2482 controversiam
2428 2417 2635 2501 ipsam
2681 2414 3041 2501 depingere

629 2521 887 2589 mavult
932 2542 1127 2607 quam
1175 2523 1330 2609 quid
1377 2544 1605 2590 verum
1654 2525 1736 2588 sit
1788 2522 2140 2590 decernere.
2188 2520 2314 2589 Sed
2362 2521 2579 2588 tamen
2624 2522 2729 2587 hic
2776 2540 3041 2608 quoque

627 2651 754 2695 non
801 2650 1059 2715 prorsus
1106 2629 1300 2708 latet,
1353 2651 1634 2716 quonam
1679 2629 1954 2697 declinet
1998 2633 2202 2717 ipsius
2249 2629 2575 2715 Euripidis
2623 2631 2860 2714 opinio.

723 2737 889 2802 Raro
955 2739 1332 2816 „innatam”
1391 2736 1576 2803 illam
1626 2737 1704 2803 de
1751 2758 1877 2823 qua
1925 2737 2092 2804 dixit
2139 2737 2673 2803 Wilamowitzius
2739 2737 3043 2822 „ingenii

625 2842 951 2908 indolem''
1001 2864 1162 2929 quae
1213 2846 1452 2908 mutari
1499 2865 1627 2909 non
1676 2847 1911 2930 possit,
1960 2844 2281 2929 professus
2326 2865 2461 2910 6666
2507 2841 2784 2909 videtur.

715 2949 962 3035 Nempe
1025 2971 1149 3016 non
1212 2948 1498 3015 multum
1564 2948 1806 3016 valebit
1867 2950 1945 3016 ad
2009 2952 2275 3015 intimas
2320 2949 2649 3035 Euripidis
2698 2950 3044 3035 opiniones

625 3055 1118 3143 pernoscendae,
1176 3059 1377 3142 siquis
1424 3056 1643 3121 afferat
1687 3055 1853 3122 1111111
1894 3077 1972 3121 ex
2011 3056 2244 3145 Dictye
2282 3057 2360 3136 fir.
2403 3055 2535 3122 333
2584 3095 2669 3105 ——-
2718 3055 2830 3122 ubi
2880 3075 3045 3134 „ve—

667 3183 743 3228 us
790 3163 1248 3249 proverbinm'’
1301 3161 1623 3248 quoddam
1668 3161 2002 3228 laudatur:

991 3273 1115 3349 φεῦ
1162 3272 1324 3349 φεῦ,
1373 3267 1647 3339 παλαιὸς
1699 3264 1855 3341 αἶνος
1906 3271 1983 3340 ὥς
2034 3274 2237 3341 καλῶς
2289 3266 2462 3350 ἔχει·

992 3376 1099 3440 οὐκ
1149 3374 1225 3440 ἂν
1276 3373 1511 3453 γένοιτο
1558 3375 1831 3456 χρηστὸς
1882 3376 1947 3439 ἐκ
1999 3380 2188 3439 κακοῦ
2236 3375 2507 3456 πατρός,

621 3483 764 3547 tvix
812 3481 1082 3547 chorum
1129 3481 1312 3548 edere
1356 3489 1581 3567 poetae
1623 3483 1971 3547 sententias
2018 3481 2271 3548 docebis
2314 3503 2463 3548 cum
2502 3480 2723 3548 audies
2758 3483 2826 3546 in
2865 3477 3039 3547 Hec.

632 3585 762 3654 379
807 3590 902 3654 ita
949 3588 1286 3654 choreutas
1335 3586 1707 3675 Polyxeneu
1752 3587 2085 3654 laudantes

995 3693 1175 3767 δεινὸς
1228 3695 1558 3777 χαρακτὴρ
1606 3695 1968 3774 xantonum
2015 3695 2077 3759 ἐν
2124 3694 2363 3777 βροτοῖς

993 3802 1216 3866 ἐσθλῶν
1267 3802 1594 3880 γενέσθαι,

629 3910 873 3973 1111111111
911 3911 1084 3974 6111111
1125 3914 1289 3974 esset
1330 3910 1385 3973 si
1423 3928 1550 3973 non
1593 3911 1688 3973 ita
1724 3907 2085 3974 iudicarent
2126 3908 2345 3974 heroes
2383 3912 2508 3994 ipsi
2554 3908 2755 3975 nobili
2793 3930 3041 3996 genere

625 4017 944 4101 prognati.
1009 4015 1275 4080 Paratos
1339 4016 1633 4082 invenias
1699 4014 1849 4080 illos
1910 4017 2201 4080 homines
2248 4015 2327 4081 ad
2372 4016 2729 4082 iterandam
2776 4037 3043 4104 semper

634 4121 817 4186 illam
865 4143 940 4187 ex
991 4121 1339 4187 Alcmeone
1389 4124 1757 4208 opinionem
1806 4122 1909 4203 (fr.
1963 4121 2074 4202 75)

1890 4229 1967 4301 ὥς
2020 4227 2244 4300 ἀληθὲς
2298 4222 2365 4301 ἦν
2414 4225 2569 4308 ἄρα·

991 4334 1217 4397 ἐσθλῶν
1264 4333 1380 4397 ἀπ’
1433 4334 1654 4415 ἀνδρῶν
1705 4333 1895 4400 ἐσθλὰ
1947 4333 2237 4412 γίγνεται
2288 4333 2515 4411 τέκνα,

987 4444 1184 4504 κακῶν
1230 4439 1281 4502 δ’
1328 4437 1512 4517 ὅμοιαι
1556 4450 1635 4524 τῇ
1683 4441 1873 4524 φύσει
1924 4450 2001 4524 τῇ
2052 4445 2159 4507 τοῦ
2208 4441 2465 4523 πατρός.
