3246 5085
610 327 743 393 298
1651 345 1964 394 nonnus.

608 513 666 577 A
714 508 779 577 et
826 511 880 576 B
942 501 1479 581 exstiterunt
1541 512 1869 577 demum
1930 532 2024 576 ex
2086 511 2490 578 Editione
2539 511 3020 599 Interpola-

605 617 856 697 toria,
922 641 1075 686 non
1139 642 1231 686 ex
1292 623 1475 706 ipso
1536 621 1700 684 iam
1751 617 2062 684 Donati
2107 626 2602 687 commentO.
2667 617 2850 686 Haec
2897 639 3020 685 au-

604 731 740 791 tem
786 725 1014 805 editio,
1066 732 1139 792 ut
1184 726 1537 793 identidem
1587 727 2112 804 observavimuS,
2167 725 2688 813 magistellorum
2747 747 3018 813 quoque

604 831 1041 899 additamenta
1088 834 1345 901 tenebat
1388 835 1456 898 in
1505 833 1930 918 marginibus,
1957 831 2062 898 vel
2108 834 2306 898 etiam
2353 835 2420 898 in
2470 839 2676 926 textu.
2907 916 2916 925 ι

700 935 867 1004 Hinc
928 939 1171 1005 factum
1236 946 1368 1019 est,
1432 945 1506 1004 ut
1568 949 1633 1005 et
1691 939 1923 1005 horum
1988 938 2327 1004 hominum
2389 947 2456 1006 et
2518 939 3018 1025 Interpolatoris

607 1064 796 1130 opera
857 1044 1041 1111 nullo
1105 1043 1473 1111 discrimine
1532 1047 1599 1109 in
1663 1051 1935 1131 utroque
1996 1045 2215 1110 ordine
2260 1045 2772 1132 deprehendatur
2815 1049 3017 1112 iuxta

606 1149 849 1216 scholia
909 1173 1235 1238 germana.
1308 1150 1768 1219 Confirmatam
1831 1153 2079 1218 videbit
2142 1152 2303 1218 hanc
2364 1151 2660 1240 regulam
2708 1155 3014 1239 quisquis

606 1258 849 1323 scholia
893 1259 1025 1324 iam
1074 1265 1345 1324 tractata
1390 1265 1455 1324 et
1500 1261 1698 1324 etiam
1745 1257 2074 1325 tractanda
2120 1258 2201 1324 ad
2248 1279 2388 1324 eam
2438 1262 2744 1345 exegerit.

695 1363 857 1456 Ibid.
909 1363 995 1430 30
1065 1362 1300 1432 Getam
1348 1385 1532 1432 suam
1582 1366 1752 1433 senis
1802 1365 2236 1432 defensionem
2281 1367 2626 1432 iactantem
2665 1365 2770 1462 hic
2808 1367 3018 1430 inter-

607 1469 803 1556 pellat
851 1472 987 1536 his:

700 1577 834 1642 Ohe
883 1581 1070 1662 [iam]
1120 1576 1370 1644 desine!

697 1685 784 1749 A:
834 1683 1115 1771 Imponit
1169 1685 1501 1752 silentium
1551 1682 1790 1764 Getae,
1839 1687 2023 1771 quasi
2070 1684 2384 1751 validiora
2429 1686 2719 1751 dicturus
2767 1687 2888 1763 sit,
2939 1691 3018 1752 et

604 1793 695 1857 sic
745 1797 809 1856 et
846 1812 1037 1878 supra
1078 1793 1297 1871 „tace”
1341 1792 1507 1857 dixit
1546 1812 1739 1858 senex
1777 1796 1900 1873 (vs.
1943 1791 2079 1874 28).
2218 1791 2300 1858 B:
2351 1791 2490 1858 Hac
2531 1814 2684 1859 voce
2723 1792 3018 1858 ostendit

605 1896 755 1983 plus
798 1900 971 1964 iusto
1021 1920 1134 1984 pro
1182 1920 1249 1964 se
1296 1898 1593 1966 locutum
1643 1897 1849 1966 videri
1887 1897 2123 1964 Getam
2145 1947 2162 1977 ,
2203 1920 2352 1965 nam
2395 1898 2604 1977 „ohe”
2641 1901 3014 1966 interiectio

608 2010 707 2069 est
772 2007 1133 2071 satietatem
1196 2027 1399 2092 usque
1461 2006 1541 2072 ad
1604 2004 1940 2072 fastidium
2005 2005 2368 2093 designans.
2433 2005 2745 2072 Horatius
2791 2005 2886 2085 (S.
2938 2005 3011 2072 H

610 2110 672 2175 5.
702 2109 815 2192 96)
864 2111 1103 2189 „donec
1154 2111 1399 2192 „ohel”
1448 2115 1581 2179 iam
1629 2113 1708 2178 ad
1755 2111 2009 2179 caelum
2057 2113 2357 2179 manibus
2405 2112 2677 2178 sublatis
2725 2113 3009 2192 dixerit,

613 2217 841 2304 urge'’.

702 2321 866 2389 Ecce
915 2327 1078 2389 ratio
1124 2327 1437 2410 superiori
1482 2346 1742 2411 prorsus
1789 2327 2139 2404 contraria,
2186 2347 2338 2392 cum
2379 2347 2548 2392 nunc
2597 2319 2656 2391 A·
2701 2327 3011 2392 exhibeat

610 2429 895 2496 Editoris
942 2429 1255 2516 scholium
1306 2431 1638 2497 aemulum
1685 2431 1959 2498 Donatei
2005 2433 2072 2496 in
2113 2432 2186 2509 B,
2227 2435 2412 2498 cuius
2451 2433 2709 2500 attende
2747 2432 3010 2520 elegan-

609 2540 769 2603 tiam
832 2538 898 2602 in
962 2537 1353 2605 definitione.
1387 2546 1450 2604 et
1512 2538 1826 2625 exemplo.
1891 2537 2030 2619 Quo
2090 2541 2231 2604 iure
2292 2546 2510 2605 autem
2569 2541 2638 2605 in
2694 2540 2751 2605 A
2800 2538 3010 2619 „vali-

608 2644 827 2735 diora”
870 2643 1139 2723 dicatur,
1189 2666 1315 2711 non
1356 2666 1690 2735 assequor-3
1732 2652 2060 2732 exspectas
2103 2648 2358 2732 „magis
2395 2646 2604 2711 vana'’
2625 2668 2642 2725 ;
2682 2652 2748 2712 at
2786 2648 3006 2713 confer

608 2750 923 2816 scholium
972 2750 1057 2817 33
1084 2751 1181 2833 (l)
1246 2753 1441 2830 „Ais”
1494 2751 1768 2817 dicimus
1817 2751 1894 2818 de
1940 2752 2042 2816 his
2091 2754 2204 2837 qui
2255 2772 2420 2818 vana
2465 2751 2844 2838 loquuntur,
2894 2754 3008 2819 di-

608 2878 793 2925 cere
841 2865 1059 2925 autem
1108 2859 1183 2925 de
1228 2859 1366 2940 his,
1415 2862 1529 2946 qui
1576 2858 1921 2938 validiora,
1963 2896 2049 2909 --
2097 2858 2265 2925 unde
2307 2858 2427 2923 Ed.
2470 2880 2692 2926 vocem
2731 2860 3010 2928 fortasse

610 2967 911 3051 sumpsit.

697 3070 799 3135 Ad
862 3071 1033 3138 hunc
1090 3093 1294 3159 usque
1343 3094 1605 3139 versum
1653 3074 1846 3139 series
1893 3072 1947 3137 B
1995 3072 2389 3139 scholiorum
2433 3094 2705 3139 numero
2752 3080 2818 3139 et
2861 3073 3008 3140 lon-

604 3174 901 3263 gitudine
962 3179 1171 3244 multo
1234 3178 1617 3264 locupletior
1676 3179 1843 3258 fuit,
1907 3179 2018 3246 sed
2079 3178 2229 3245 inde
2291 3200 2328 3245 a
2389 3201 2482 3247 vs.
2535 3178 2619 3245 31
2683 3179 2884 3247 altera
2941 3184 3006 3247 A

605 3288 879 3369 utroque
929 3288 1186 3351 nomine
1233 3291 1511 3371 superat.

701 3390 795 3457 De
844 3389 1103 3456 scholiis
1148 3393 1206 3456 A
1253 3391 1333 3456 ad
1379 3412 1473 3456 vs.
1518 3389 1806 3468 31—35‚
1848 3391 1962 3456 ubi
2005 3390 2058 3455 B
2099 3390 2310 3471 deest,
2350 3391 2517 3458 nihil
2555 3391 3002 3459 adnotandum

606 3505 703 3567 est
764 3502 1015 3585 praeter
1075 3495 1396 3563 emblema
1455 3500 1754 3585 magistri
1795 3504 1910 3563 aut
1955 3497 2239 3563 Editoris
2283 3500 2352 3563 in
2401 3496 2486 3563 32
2513 3498 2610 3580 (2)
2659 3497 2874 3577 „Mihi
2918 3508 3004 3565 ut

606 3603 1025 3692 respondeas''
1091 3604 1251 3669 bene
1308 3604 1557 3681 „mihi”
1620 3609 1848 3689 utpote
1894 3605 2064 3691 patri
2111 3602 2555 3670 adulescentis.
2608 3642 2694 3653 --
2739 3603 2846 3671 vel
2891 3605 3003 3671 do-

608 3715 785 3778 mino
843 3710 1078 3789 Getae,
1143 3709 1251 3776 vel
1314 3712 1511 3776 etiam
1572 3713 1729 3776 seni.
1796 3748 1881 3759 —
1946 3709 2220 3796 Reliqua
2278 3714 2345 3776 in
2405 3710 2509 3777 his
2567 3710 2828 3778 scholiis
2887 3734 3002 3800 ge·

608 3823 807 3886 nuina
854 3824 1023 3885 sunt.

697 3926 859 3991 Ibid.
910 3923 994 3991 35
1066 3924 1345 3991 Proinde
1393 3927 1715 4010 expiscare
1762 3927 1944 4009 quasi
1990 3945 2113 3990 non
2161 3927 2332 3990 noris

702 4034 758 4097 A
827 4031 1279 4117 Expiscari
1339 4039 1435 4097 est
1498 4028 1996 4117 diligentissime
2063 4050 2401 4114 quaerere,
2467 4031 2728 4097 ubinam
2793 4035 3000 4119 pisces

605 4139 865 4204 lateant.
913 4174 995 4185 -
1036 4136 1213 4224 Ergo
1257 4143 1533 4202 tractum
1576 4137 1845 4201 verbum
1869 4130 1923 4200 'a
1959 4138 2403 4221 piscatoribus.
2535 4138 2592 4203 B
2633 4138 2996 4217 „Proinde”

604 4241 1048 4309 similitudinis
1110 4243 1489 4309 adverbium
1552 4242 1741 4308 modo
1799 4248 1931 4318 est,
1982 4264 2104 4307 non
2154 4246 2516 4311 coniunctio
2561 4250 2637 4309 ut
2687 4244 2998 4331 „proinde

606 4358 758 4415 tona
804 4348 1087 4434 eloquio,
1140 4348 1403 4414 solitum
1457 4350 1619 4414 tibi'’
1671 4350 1852 4429 (Aen.
1905 4348 2001 4413 XI
2051 4348 2228 4431 383).

696 4456 953 4522 Praeter
1016 4454 1527 4521 additamentum
1594 4457 1874 4522 otiosum
1939 4478 2052 4544 per
2100 4480 2256 4540 θνρο,
2302 4465 2648 4545 utrumque
2697 4458 2861 4523 redit
2911 4460 2994 4527 ad
