3246 5085
1045 351 1133 399 mi
1178 350 1495 401 πωπω
1539 352 1854 401 namuco.
2493 336 2629 403 369

248 516 567 583 dictorum
630 515 945 603 quaedam
1008 516 1369 584 similitudo
1388 565 1403 596 ,
1476 520 1668 584 certis
1727 540 2035 585 versuum
2080 518 2237 585 locis
2285 541 2634 589 recurrens.

252 624 551 689 Primum
612 622 922 708 quaedam
969 624 1284 689 eiusmodi
1335 623 1635 710 parallela
1678 625 2008 704 indicabo,
2058 626 2134 692 de
2182 626 2455 694 dictione
2505 650 2642 714 pro-

250 733 393 817 pria
441 729 702 815 posthac
749 749 951 816 pauca
995 729 1351 795 additurus.
1909 739 1930 755 ⁹

347 834 513 903 Cum
559 837 919 924 fragmento
968 834 1099 902 596

531 944 638 1008 οὐκ
683 940 779 1009 οὖν
826 942 894 1007 τὸ
942 944 1030 1020 μὴ
1076 942 1185 1025 ζῆν
1232 942 1503 1020 κρεῖσσόν
1553 945 1684 1009 ἐστ’
1731 944 1764 1021 ἢ
1817 945 1922 1027 ζῆν
1973 952 2208 1023 κακῶς;

254 1048 532 1115 formam
576 1069 887 1133 compono
932 1069 1159 1115 versus
1203 1070 1279 1115 ex
1332 1048 1557 1116 Troad.
1610 1049 1741 1117 632

533 1160 639 1222 τοῦ
687 1154 792 1233 ζῆν
840 1153 903 1219 δὲ
952 1161 1190 1234 λυπρῶς
1241 1156 1616 1236 κρεῖσσόν
1666 1157 1695 1221 ἑ
1710 1180 1839 1223 στι
1889 1158 2236 1239 κατθανεῖν,

257 1268 325 1327 et
370 1266 630 1349 propter
674 1260 872 1328 aliam
918 1282 1144 1329 versus
1189 1266 1437 1349 partem
1485 1262 1644 1329 Hec.
1697 1260 1830 1329 378

534 1369 567 1445 ἣ
617 1366 763 1448 ζῶν·
813 1370 897 1431 τὸ
948 1367 1104 1447 γὰρ
1150 1367 1288 1449 ζῆν
1334 1370 1422 1444 μῆ
1475 1375 1681 1443 καλῶς
1727 1368 1944 1447 μέγας
1991 1369 2190 1444 πόνος.

259 1474 408 1541 Alia
451 1476 697 1540 ratione
742 1472 979 1539 similis
1023 1473 1161 1560 Iph.
1216 1475 1291 1539 A.
1346 1472 1520 1539 1252

530 1584 764 1645 θανεῖν·
814 1587 1017 1653 κακῶς
1065 1580 1202 1662 ζῆν
1250 1588 1630 1657 κρεῖσσον
1679 1582 1714 1654 ἢ
1764 1584 1962 1647 θανεῖν
2015 1588 2303 1655 καλῶς.

256 1685 333 1753 In
371 1688 733 1774 fragmento
772 1684 925 1766 597,
967 1686 1045 1753 de
1081 1708 1209 1773 quo
1253 1686 1440 1773 plura
1480 1687 1744 1773 posthac
1779 1695 1932 1753 sunt
1971 1688 2263 1768 dicenda,
2303 1693 2645 1755 occurrunt

257 1792 383 1859 ἄνω
438 1818 507 1858 τε
558 1794 662 1858 καὶ
712 1794 918 1872 κάτω,
969 1795 1164 1861 verba
1211 1794 1511 1859 omnibus
1560 1796 1978 1880 scriptoribus
2027 1798 2266 1862 usitata
2311 1795 2418 1861 sed
2469 1816 2648 1882 prae-

254 1903 481 1967 sertim
523 1900 598 1966 ab
637 1899 947 1986 Euripide
984 1900 1157 1966 haud
1194 1921 1337 1966 raro
1379 1906 1718 1987 usurpata,
1763 1901 1866 1967 hic
1904 1903 1968 1966 iu
2011 1901 2134 1967 fine
2174 1922 2395 1968 versus
2437 1904 2647 1989 posita

260 2012 339 2072 ut
397 2006 537 2093 Iph.
587 2005 659 2071 T.
721 2004 857 2071 282
917 2006 1205 2084 διετίναξ’
1255 2004 1377 2071 ἄνω
1443 2006 1648 2085 κάτω,
1716 2007 1941 2074 Bacch.
1994 2005 2123 2074 '753
2171 2008 2357 2072 πάντ’
2407 2008 2528 2071 ἄνω
2577 2031 2648 2073 τε

266 2114 369 2179 καὶ
414 2114 603 2177 κάτω.
669 2112 973 2198 Sequenti
1018 2134 1209 2179 versu
1254 2116 1442 2194 ῥήτωρ
1491 2112 1868 2192 eurania-cmv
1915 2119 2109 2193 (recte
2157 2117 2328 2179 euim
2374 2116 2467 2179 ita
2517 2136 2648 2179 cor-

264 2222 504 2286 rexisse
566 2217 1019 2285 Valckenarius
1080 2220 1363 2299 videtur)
1426 2225 1684 2286 revocat
1731 2220 1958 2286 Bacch.
2015 2220 2185 2287 1127
2233 2220 2452 2287 eadem
2503 2221 2650 2287 sede

266 2329 553 2414 positum
600 2324 1047 2404 ἀπεσπάραξεν
1099 2332 1163 2391 et
1214 2326 1388 2392 1220
1435 2327 1917 2405 διασπαρακτον.

352 2432 429 2498 In
474 2432 836 2519 fragmento
883 2430 1015 2497 598
1064 2432 1091 2496 ὃ
1140 2438 1371 2511 πρῶτος
1416 2432 1601 2497 εἰπὼν
1639 2434 1790 2513 (nisi
1830 2432 1948 2498 hoc
1988 2454 2135 2499 cum
2160 2432 2651 2499 Wilamowitzio

264 2537 609 2606 delendum
671 2546 1069 2620 censeamus)
1131 2538 1582 2606 conferendum
1649 2546 1747 2606 est
1803 2561 1952 2605 cum
2001 2528 2319 2606 Heraclid.
2371 2562 2464 2606 vs.
2516 2538 2648 2605 889

261 2643 290 2712 ὃ
342 2653 569 2726 πρῶτον
617 2642 841 2724 εἶπας,
890 2652 955 2711 et
1002 2645 1193 2711 verba
1240 2647 1347 2710 οὐκ
1396 2646 1786 2726 &rupendo-rep
1831 2647 2011 2725 ΦρενΙ
2057 2668 2205 2712 cum
2246 2647 2478 2732 fragm.
2520 2645 2651 2710 344

260 2754 373 2820 οὐκ
434 2751 844 2830 ἀγύμναστος
907 2752 1159 2832 Φρένας.
1224 2751 1506 2818 Tandem
1570 2752 1715 2818 nolo
1776 2752 2108 2839 negligere
2161 2752 2333 2838 quod
2382 2753 2651 2819 verbum

262 2860 569 2941 καινίζειν,
618 2859 785 2946 quod
832 2858 1031 2925 altero
1077 2879 1270 2925 versu
1309 2860 1505 2925 huius
1547 2859 1896 2945 fragmenti
1937 2861 2212 2924 occurrit
2253 2857 2453 2936 »τόνδ’
2493 2860 2655 2923 ἐκαί-

262 2966 420 3048 νιζεν
478 2965 733 3043 λόγον’,
781 2965 1049 3031 eandem
1094 2967 1377 3031 trimetri
1427 2963 1643 3031 sedem
1691 2969 1960 3050 occupat
2003 2967 2071 3030 in
2117 2963 2472 3031 Troadibus
2519 2963 2650 3030 889

268 3073 474 3153 εὐχὰς
516 3073 598 3145 ὣς
647 3071 964 3145 ἐκαίνισας
1013 3071 1171 3137 θεῶν.
1462 3083 1477 3092 ’

357 3285 481 3353 Sed
524 3287 655 3351 iam
705 3284 781 3351 de
826 3286 968 3370 ipsa
1014 3285 1325 3363 dictione,
1372 3287 1417 3350 i.
1445 3306 1501 3351 e.
1550 3285 1627 3353 de
1676 3286 1888 3352 verbis
1932 3306 2093 3371 quae
2139 3291 2445 3373 usurpata
2483 3293 2653 3366 sunt,

264 3392 343 3459 de
405 3395 651 3458 ratione
712 3391 998 3468 dicendi,
1064 3391 1142 3457 de
1204 3412 1495 3457 sermone
1544 3391 1895 3458 videndum
1943 3398 2072 3472 est,
2135 3392 2330 3479 idque
2375 3393 2657 3460 breviter

262 3521 343 3566 ne
382 3497 667 3564 taedium
706 3518 1003 3563 moveam
1043 3497 1267 3563 lectori
1306 3503 1651 3584 antequam
1691 3498 1769 3565 ad
1795 3519 2121 3564 summam
2147 3502 2238 3566 rei
2263 3503 2656 3585 perveniam,

265 3626 429 3692 quae
491 3608 840 3670 sententias
902 3606 970 3669 in
1034 3589 1326 3670 Pirithoo
1388 3603 1668 3690 prolatas
1715 3610 1978 3691 spectat.
2027 3605 2189 3671 Rem
2234 3608 2328 3670 ita
2374 3607 2656 3673 tractabo

264 3719 341 3778 ut
386 3733 425 3778 a
468 3712 763 3777 iambicis
809 3711 1190 3797 fragmentis
1234 3710 1559 3796 profectus
1604 3715 1895 3778 extremo
1941 3710 2078 3777 loco
2126 3711 2202 3776 de
2240 3713 2656 3797 anapaesticis

268 3819 498 3886 dicam.

358 3923 541 4006 Quod
602 3923 682 3990 ad
749 3924 823 3989 fr.
878 3922 1005 3988 591
1067 3925 1299 3989 attinet
1349 3925 1634 4009 primum
1685 3928 1910 3988 notatu
1960 3923 2232 4009 dignum
2281 3929 2410 4002 est,
2460 3944 2656 4008 quam

268 4037 441 4099 arcte
485 4051 707 4097 versus
760 4030 994 4115 quibus
1050 4029 1362 4096 Hercules
1409 4051 1623 4096 coram
1673 4031 1879 4094 Aeaco
1924 4049 2130 4116 genus
2172 4029 2412 4095 iudicat
2463 4052 2655 4096 suum

268 4160 417 4205 cum
466 4139 691 4204 ceteris
735 4136 1051 4202 eiusmodi
1098 4138 1450 4202 enuntiatis
1497 4135 1866 4221 Euripideis
1911 4138 2325 4202 conveniant:

545 4243 675 4321 ἐμοὶ
726 4244 951 4324 πατρὶς
1001 4245 1115 4320 μὲν
1153 4242 1428 4322 ’‘Aproc,
1477 4241 1670 4319 ὄνομα
1718 4243 1770 4306 δ’
1825 4241 2181 4321 Ἡρακλῆς,

538 4353 678 4415 θεῶν
727 4351 789 4416 δὲ
836 4349 1083 4414 πάντων
1134 4350 1369 4428 πατρὸς
1420 4346 1647 4428 ἐξέφυν
1703 4349 1866 4420 Διός.

270 4457 470 4524 Mitto
509 4455 757 4522 fabulas
794 4457 1222 4540 antiquiores,
1264 4454 1372 4520 sed
1412 4453 1670 4520 afferam
1706 4475 1810 4519 eas
1850 4475 2010 4540 quae
2049 4453 2270 4521 eadem
2294 4454 2425 4520 fere
2450 4462 2657 4522 aetate

2309 4575 2376 4624 24
