3246 5085
585 291 716 359 150
1597 274 1976 359 unomen.

673 475 835 542 lbid.
901 476 1098 543 31A:
1175 476 1350 551 ὑμεῖς
1421 476 1473 540 δ’
1540 472 1688 548 ἴσως
1748 475 1908 556 τάχ’
1970 474 2046 539 ἂν
2106 474 2438 554 ἀχθόμενοι
2459 523 2476 554 ,
2763 474 2979 555 κρού-

579 604 878 653 σαντες
943 580 1020 647 ἄν
1075 605 1158 657 με
1220 582 1677 647 ἀποκτείναιτε.
1743 581 2104 646 Audiamus
2166 581 2653 647 Hermannum:
2717 580 2977 659 „debile

581 685 877 771 pulsandi
925 686 1196 752 verbum
1245 685 1610 765 κρούσαντες
1657 688 1726 751 in
1774 685 2131 763 ὀρούσαντες
2180 689 2471 764 mutavi,
2520 686 2689 771 qnod
2733 689 2976 771 praeci-

579 795 704 879 piti
765 792 1263 858 Atheniensium·
1319 793 1671 856 temeritati
1718 794 2006 878 apprime
2054 792 2415 858 convenit.”
2479 790 2663 856 Hanc
2709 791 2977 877 quidem

580 899 1009 963 coniecturam
1080 898 1191 963 vix
1261 898 1603 982 quisquam
1672 897 2145 982 comprobabit:
2228 896 2525 981 equidem
2595 896 2973 962 commendo

507 1032 520 1051 ·
581 1004 1010 1087 compositum
1049 1002 1321 1067 verbum
1366 1002 2057 1081 ὑποκρούσαντες,
2100 1001 2268 1087 quod
2324 1003 2589 1068 verbum
2636 1002 2793 1086 quid
2833 1022 2977 1086 pro—

579 1111 718 1195 prio
783 1129 972 1173 sensu
1036 1107 1388 1194 significet,
1439 1105 1586 1173 vide
1634 1108 1855 1173 Mnem.
1913 1106 2108 1185 1903,
2156 1130 2219 1193 p.
2272 1106 2425 1185 312,
2474 1108 2586 1171 ubi
2633 1106 2975 1173 emendare

579 1212 801 1280 studui
852 1212 1305 1278 Demosthenis
1359 1211 1574 1278 locum
1623 1212 1701 1277 de
1746 1212 1819 1277 F.
1870 1212 1941 1279 L.
1994 1210 2222 1298 §2572
2273 1214 2620 1278 Aeschines
2668 1214 2977 1289 ἠτίμωσεν

583 1317 1183 1384 ὑπακούσαντά
1248 1321 1358 1381 τιν’
1424 1319 1613 1383 αὐτοῦ
1677 1321 2035 1397 κατήγορον,
2100 1339 2331 1403 nempe
2379 1318 2799 1385 Timarchum
2848 1340 2977 1383 non

581 1423 1066 1503 ὑπακούσαντα,
1131 1422 1300 1510 quod
1360 1423 1551 1488 nihili
1598 1429 1729 1499 est,
1780 1424 1882 1490 sed
1937 1424 2500 1504 ὑποκρούσαντ
2522 1448 2585 1489 α.
2636 1424 2805 1504 Quid
2850 1424 2977 1489 hoe

581 1532 703 1609 sit,
751 1530 1165 1616 Phrynichus
1213 1529 1379 1593 dicet
1427 1528 1596 1612 apud
1643 1528 2014 1594 Bekkerum
2054 1530 2291 1595 Anecd.
2330 1528 2439 1594 68.
2470 1530 2583 1594 10:
2630 1532 2977 1610 ὑποκρούειν

582 1638 726 1708 τοὺς
788 1636 1043 1717 ῥήτορας
1105 1638 1174 1699 τὸ
1238 1633 1484 1710 μεταξὺ
1544 1634 1853 1712 λεγόντων
1916 1637 2117 1699 αὐτῶν
2184 1636 2729 1714 ύποφθεγγόμενον
2779 1637 2973 1713 ε’μπο-

585 1741 786 1823 δίζειν.
845 1740 990 1827 Ipse
1054 1740 1234 1806 vides
1296 1759 1490 1825 quam
1551 1738 1718 1805 belle
1780 1740 2052 1806 verbum
2114 1761 2283 1806 nunc
2329 1744 2685 1807 conveniat.
2737 1741 2973 1807 Itidem

580 1848 650 1911 in
696 1846 940 1933 Eryxia
985 1867 1048 1932 p.
1093 1844 1296 1915 395ss
1340 1844 1620 1931 legitur:
1674 1845 2051 1924 ὑποκρούσας
2096 1846 2123 1909 ὃ
2176 1845 2461 1925 Κριτίας,
2503 1848 2616 1932 qui
2654 1846 2971 1933 Eryxiam

582 1950 1043 2038 interpellaret.

678 2215 838 2283 Ibid.
905 2214 990 2281 35
1015 2215 1086 2281 Β.
1153 2214 1248 2280 De
1308 2216 1568 2301 ignavis
1629 2215 1883 2283 civibus
1948 2218 2099 2279 sunt
2162 2216 2274 2300 qui
2334 2215 2744 2300 perhibeant:
2811 2212 2974 2282 οὗτοι

591 2328 1000 2401 γυναικῶν
1060 2320 1226 2385 οὐδὲν
1274 2319 1661 2399 διαφέρουσι,
1710 2326 2026 2405 praestat,
2074 2318 2293 2397 eredo,
2343 2322 2733 2398 γυναίων,
2780 2323 2979 2387 sicuti

590 2432 759 2493 reete
804 2427 1050 2512 legitur
1093 2424 1356 2492 Theaet.
1411 2426 1645 2492 1¹71E:
1694 2430 1820 2490 πᾶν
1867 2424 2116 2503 γύναιον
2164 2425 2267 2490 καὶ
2320 2424 2561 2489 παιδίον
2612 2425 2713 2499 καὶ
2762 2427 2973 2506 θηρίον.

527 2612 538 2621 ⁰
585 2531 829 2599 Eodem
876 2530 1069 2596 modo
1115 2533 1360 2596 correxi
1408 2530 1583 2597 Plut.
1636 2528 1864 2597 Moral.
1910 2527 2113 2598 2520
2160 2537 2224 2596 et
2262 2530 2526 2596 Lucian.
2570 2528 2739 2596 Dial.
2781 2530 2975 2598 Deor.

584 2637 696 2715 24,
725 2637 787 2716 2,
835 2638 1060 2702 Mnem.
1116 2635 1291 2703 1900
1335 2659 1400 2723 p.
1453 2636 1603 2701 112.

672 2906 836 2974 Ibid.
901 2903 1096 2971 36A:
1159 2905 1418 3000 ἀνέβη
1473 2905 1737 2978 ’'Ama-oc
1800 2908 1905 2972 καὶ
1955 2907 2192 2974 Λύκων.
2243 2907 2644 2995 Improbavit
2685 2911 2807 2975 hoc
2853 2907 2972 2977 Go-

580 3015 768 3080 betus
837 3012 1057 3077 Mnem.
1129 3009 1302 3076 1853
1365 3032 1428 3095 p.
1493 3010 1625 3076 324
1686 3017 1753 3077 et
1813 3015 2086 3078 correxit
2145 3013 2480 3091 ἀνέβησαν,
2529 3017 2721 3080 sicuti
2766 3017 2969 3082 etiam

580 3118 752 3205 apud
810 3115 1212 3203 Hyperidem
1275 3138 1390 3202 pro
1449 3115 1828 3203 Euxenippo
1888 3131 2244 3184 correxerat
2291 3119 2522 3200 ἔλαχον
2568 3123 2969 3196 Ἀκαμαντὶς

583 3223 688 3289 καὶ
755 3224 1215 3300 Ἱπποθοωντίς,
1279 3243 1428 3286 eum
1487 3225 1558 3287 in
1618 3242 1865 3309 papyro
1927 3222 2253 3309 leg-eretur
2298 3221 2555 3306 ἔλαχεν.
2618 3225 2763 3292 Non
2810 3227 2973 3293 tulit

579 3329 700 3394 hoc
747 3325 1290 3393 Schneidewinius
1337 3330 1450 3414 qni
1494 3331 1558 3392 in
1593 3327 1914 3408 Philoloqo
1952 3327 2105 3392 VIII
2143 3351 2205 3414 p.
2234 3327 2364 3394 347
2405 3333 2602 3395 nimis
2638 3331 2970 3397 interdum

579 3433 881 3499 iracunde
941 3435 1359 3519 impugnavit
1420 3436 1679 3497 tantum
1739 3453 1865 3498 non
1914 3435 2130 3499 omnia
2176 3455 2339 3520 quae
2385 3433 2663 3501 Cobetus
2701 3435 2782 3501 ad
2828 3437 2971 3524 Hy-

581 3539 818 3626 peridis
885 3538 1395 3604 emendationem
1457 3537 1835 3604 contulerat.
1899 3540 2123 3624 Itaque
2172 3539 2249 3604 ad
2296 3540 2693 3626 singularem
2741 3563 2971 3608 nume—

581 3665 729 3710 rum
791 3644 1104 3710 tuendum
1151 3643 1417 3729 Lysiam
1464 3641 1691 3708 attulit
1734 3665 1785 3709 c.
1834 3643 2011 3709 Erat.
2059 3643 2243 3728 §122
2293 3645 2709 3726 ἐπιτυγχάνει
2758 3645 2973 3720 Μηλό-

581 3751 718 3828 βιός
788 3774 860 3815 τε
927 3749 1029 3813 καὶ
1099 3749 1499 3823 Μνησιθείδης
1563 3749 1873 3820 α’πιόντες.
1955 3749 2178 3814 Prima
2248 3752 2510 3836 scriptio
2577 3751 2705 3817 fuit
2771 3773 2969 3836 quam

583 3854 862 3923 Cobetns
941 3875 1091 3920 cum
1173 3855 1635 3939 Mnemosynen
1704 3853 2047 3919 lectoribus
2116 3857 2621 3921 communicavit
2690 3856 2969 3923 necdum

579 3962 845 4028 fortasse
904 3965 1284 4047 pervenerat
1344 3959 1422 4025 ad
1469 3979 1610 4024 eam
1658 3961 1955 4024 acerrimi
2000 3959 2227 4026 iudicii
2274 3963 2722 4026 maturitatem
2772 3983 2971 4048 quam

579 4073 799 4154 postea
854 4069 923 4131 in
996 4065 1204 4132 Variis
1265 4064 1647 4128 Lectionibus
1710 4064 2011 4130 admirati
2072 4085 2320 4130 sumus.
2386 4065 2749 4152 Singularis
2796 4074 2967 4134 certe

579 4194 694 4260 per
732 4193 798 4237 se
840 4171 1170 4237 offensioni
1213 4193 1338 4236 non
1386 4169 1571 4236 debet
1611 4191 1746 4236 esse
1788 4177 1853 4236 et
1890 4170 2434 4238 Schneidewinius
2472 4175 2526 4237 si
2567 4172 2687 4237 hoc
2726 4175 2971 4258 egisset

583 4277 793 4343 multo
841 4276 1060 4362 plures
1103 4274 1272 4342 locos
1321 4279 1635 4361 potuisset
1680 4275 1958 4343 laudare.
2008 4275 2225 4342 Veluti
2272 4299 2349 4343 ex
2396 4277 2662 4342 Platone
2708 4281 2969 4343 enotavi

581 4382 803 4471 Lysid.
853 4381 1094 4450 20¹7D:
1143 4387 1326 4466 φιλεῖ
1364 4405 1436 4447 σε
1483 4383 1510 4446 ὃ
1552 4389 1759 4463 πατὴρ
1800 4383 1905 4448 καὶ
1949 4385 1983 4458 ἦ
2024 4383 2224 4463 μήτηρ
2263 4387 2331 4447 et
2368 4383 2526 4468 Rep.
2554 4381 2702 4448 VIII
2728 4381 2960 4449 54413:
