3246 5085
613 329 749 399 286
1669 347 1983 400 nonnus.

616 517 786 584 Eun.
832 516 864 582 I
912 516 971 582 1.
999 515 1039 580 9
1064 515 1182 597 (3),
1245 516 1360 582 ubi
1420 515 1638 582 eadem
1703 517 2117 605 interpolatio
2164 518 2430 606 legitur.
2490 519 2780 588 Donatus
2827 521 3038 589 aliter

617 625 695 691 de
742 624 863 690 hac
907 622 1188 689 formula
1232 625 1300 688 in
1350 621 1470 704 (5).

706 730 869 797 Ibid.
922 729 1006 794 33
1078 729 1193 795 Sat
1235 734 1335 794 est

709 837 805 920 (3)
864 837 1007 904 Non
1055 836 1222 901 dixit
1274 837 1474 914 „bene
1524 837 1666 903 est’'
1717 837 1828 904 sed
1879 843 2022 917 „sat
2067 841 2228 904 est''.
2365 839 2562 920 Sane;
2619 842 2816 920 „benc
2865 842 3028 908 est”

516 927 535 938 x
614 967 738 1011 non
779 945 1181 1024 conveniret;
1231 943 1309 1009 cf.
1359 964 1521 1030 quae
1568 944 1961 1032 praecedunt
2010 945 2270 1023 „Satine
2317 948 2407 1012 sic
2452 946 2593 1012 est''
2643 953 2708 1014 et
2746 971 3033 1035 „prope-

616 1050 954 1116 modum”.

706 1155 871 1221 Ibid.
922 1154 1007 1221 34
1077 1155 1362 1222 Verbum
1410 1158 1607 1225 verbo
1655 1179 1770 1244 par
1815 1161 1954 1244 pari
2001 1163 2077 1225 nt
2121 1159 2504 1246 respondeas

704 1263 802 1344 (3)
851 1261 994 1328 Duo
1040 1262 1240 1328 dixit:
1294 1285 1421 1355 non
1470 1268 1728 1330 tantum
1782 1267 2098 1344 „verbum
2148 1266 2386 1332 verbo’'
2436 1266 2545 1332 sed
2599 1287 2756 1353 „par
2800 1269 3026 1352 pari''.

702 1368 1009 1434 Eiusdem
1082 1371 1361 1435 trutinae
1430 1374 1528 1436 est
1599 1392 1672 1436 ac
1740 1371 2120 1458 praecedens
2193 1377 2259 1438 et
2327 1372 2496 1460 quod
2568 1376 2860 1458 sequitur
2933 1374 3024 1439 ad

610 1495 708 1542 vs.
760 1474 887 1541 391
938 1475 1219 1562 Egomet
1266 1498 1369 1542 me
1416 1479 1567 1544 novi
1616 1483 1685 1542 et
1730 1483 2064 1565 peccatum
2114 1499 2354 1558 meum,

703 1582 817 1648 ubi
857 1582 987 1664 (3):
1052 1581 1197 1648 Duo
1236 1581 1434 1664 dixit,
1476 1590 1540 1650 et
1580 1584 1913 1650 hominem
1953 1585 2262 1673 pavidum
2305 1590 2371 1653 ct
2407 1591 2743 1672 peccatum
2782 1607 3016 1674 grave.

701 1796 762 1861 11
811 1796 871 1862 1.
899 1796 940 1861 4
1010 1795 1328 1882 Demipho
1373 1797 1898 1885 indignabundus
1945 1803 2233 1886 primum
2280 1803 2349 1866 in
2395 1801 2626 1880 filium,
2673 1799 2896 1868 deinde
2939 1803 3018 1866 in

609 1901 879 1982 Getam,
944 1925 1105 1989 quos
1164 1903 1451 1969 nondum
1514 1908 1880 1992 conspexit,
1946 1910 2039 1973 sic
2100 1906 2454 1974 exclamat:
2511 1908 2696 1974 Hanc
2745 1908 3012 1975 tandem

610 2031 879 2077 uxorem
919 2010 1107 2076 duxit
1145 2010 1428 2096 Antipho
1467 2012 1722 2077 iniussu
1760 2011 1943 2079 meo?
1986 2061 2001 2078 .
2024 2063 2038 2078 .
2062 2063 2077 2080 .
2119 2013 2172 2080 Ο
2211 2015 2455 2081 facinus
2493 2015 2735 2094 audax,
2776 2036 2811 2080 o
2836 2012 3020 2081 Geta

611 2119 914 2185 monitor.
987 2114 1119 2184 Ge.
1168 2122 1233 2197 (a
1278 2115 1505 2198 latere)
1554 2117 1678 2183 Vix
1725 2119 1983 2186 tandem
2033 2119 2194 2200 (scil.
2243 2124 2307 2187 in
2359 2142 2464 2187 me
2509 2123 2861 2208 irrumpit).

701 2224 797 2307 (1)
860 2222 1021 2302 „Vix
1089 2222 1389 2289 tandcm'’
1453 2227 1757 2292 convenit
1804 2226 1921 2292 hoc
1971 2227 2215 2294 dictum
2264 2230 2360 2304 ei,
2411 2229 2522 2314 qui
2568 2230 2702 2293 iam
2745 2227 3010 2313 pridem

607 2353 673 2397 se
720 2329 890 2396 male
938 2329 1158 2395 audire
1207 2334 1428 2415 putat,
1478 2336 1544 2395 et
1586 2331 1733 2397 ideo
1783 2353 1921 2398 sero
1971 2333 2230 2420 videtur
2275 2332 2355 2400 ad
2403 2334 2574 2399 hunc
2621 2354 2810 2399 senex
2858 2353 3012 2418 per-

606 2439 889 2516 venisse,
943 2457 1090 2501 cum
1138 2435 1251 2502 ille
1296 2443 1591 2505 metuens
1631 2458 1696 2504 se
1736 2441 2022 2525 primum
2064 2439 2143 2505 ad
2182 2441 2652 2507 accusationem
2694 2439 3009 2506 crederet.

745 2544 843 2626 (2)
904 2544 1003 2609 An
1068 2546 1223 2622 „vix
1268 2544 1571 2611 tandem’'
1618 2546 1698 2611 ad
1745 2547 1865 2612 hoc
1913 2550 2220 2633 pertinet,
2271 2551 2422 2634 quia
2465 2548 2576 2614 ille
2629 2548 3005 2626 „monitor”

606 2650 807 2716 dixit:
874 2648 1067 2731 Quasi
1130 2650 1333 2716 dicat:
1398 2654 1511 2718 vix
1573 2652 1832 2718 tandem
1882 2654 2126 2719 factum
2175 2660 2306 2733 est,
2355 2661 2432 2720 ut
2479 2676 2582 2720 me
2629 2676 2815 2720 senex
2861 2652 3012 2719 lau-

607 2757 756 2822 dare
773 2753 849 2837 (l)
889 2758 1236 2841 coepisset,
1276 2759 1427 2842 quia
1469 2759 1832 2836 „monitor”
1876 2764 2174 2846 quamvis
2209 2763 2280 2825 in
2319 2763 2712 2826 contrarium
2739 2759 3004 2835 dixerit,

603 2869 821 2930 tamen
884 2884 1115 2929 nomen
1180 2870 1277 2929 est
1336 2862 1565 2931 laudis.
1707 2864 1806 2947 (3)
1873 2865 2039 2945 „Vix
2101 2866 2406 2935 tandem''
2463 2869 2763 2947 εἰρωνεία,
2813 2869 3007 2951 quasi

610 2991 851 3056 „paene
890 2991 995 3036 me
1034 2969 1276 3035 oblitus
1314 2972 1477 3037 est’'.
1593 2970 1690 3054 (4)
1732 2974 1832 3037 An
1871 2975 2023 3057 quia
2063 2973 2241 3039 tarde
2282 2975 2361 3039 ad
2402 2995 2661 3040 servum
2701 2975 3009 3060 pervenit

554 3120 563 3127 ·
606 3098 828 3155 senex,
878 3097 1069 3162 quem
1114 3074 1225 3141 ille
1272 3077 1350 3141 ob
1390 3080 1840 3144 conscientiam
1883 3101 1920 3143 a
1960 3100 2026 3145 se
2066 3085 2449 3165 coepturum
2493 3100 2627 3145 esse
2667 3076 3006 3146 credebat?

696 3182 1143 3267 Interpretatio
1189 3183 1256 3247 in
1307 3182 1404 3263 (1)
1450 3185 1622 3249 iusta
1671 3190 1768 3250 est
1811 3184 2069 3251 Donati.
2121 3184 2220 3253 Of.
2261 3184 2673 3252 Dziatzko
2721 3191 2786 3252 et
2831 3183 3008 3250 810-

603 3308 785 3355 man
849 3288 929 3353 ad
991 3288 1054 3355 h.
1083 3286 1128 3353 l.
1193 3288 1435 3353 Eadem
1501 3290 1782 3357 breviter
1842 3291 2013 3357 redit
2073 3295 2141 3357 in
2207 3291 2325 3375 (4),
2390 3313 2506 3358 nec
2551 3314 2676 3358 non
2722 3313 2872 3357 cum
2917 3312 3000 3357 ea

604 3395 921 3479 conspirat
969 3392 1311 3478 explicatio
1356 3396 1595 3465 ironiae
1640 3398 1711 3461 in
1758 3394 1872 3480 (3).
2014 3394 2254 3465 Contra
2301 3419 2376 3464 ea
2423 3398 2521 3481 (2)
2566 3398 2771 3464 denuo
2815 3418 3001 3484 egre-

601 3502 789 3587 gium
850 3498 1222 3585 exemplum
1284 3501 1544 3567 exhibet
1606 3505 1880 3587 speciosi
1943 3506 2262 3570 acuminis
2323 3504 2688 3592 philosophi
2749 3505 2953 3569 nostri
2977 3552 2994 3580 ‚

601 3606 774 3694 quod
818 3626 931 3692 per
980 3604 1146 3683 „an”
1197 3610 1497 3693 opposuit
1559 3608 1809 3675 Donato
1871 3609 1990 3692 (l),
2054 3613 2168 3695 qui
2232 3611 2409 3676 idem
2469 3610 2677 3688 dedit,
2741 3613 2994 3696 opinor,

601 3712 700 3795 (3)
746 3734 898 3778 nam
960 3717 1137 3777 amat
1180 3710 1257 3777 D.
1306 3712 1579 3799 figuram
1636 3716 1937 3793 εἰρωνείας
1970 3714 2036 3797 ¹),
2085 3716 2278 3803 idque
2326 3718 2613 3803 primum
2658 3718 2877 3802 posuit
2921 3718 2994 3781 in

601 3822 969 3887 commento
1014 3826 1161 3885 ante
1208 3819 1325 3902 (l),
1373 3820 1543 3887 unde
1593 3842 1741 3888 casu
1789 3822 2064 3909 quodam
2115 3822 2376 3888 reccidit
2422 3825 2490 3888 in
2537 3822 2750 3889 locum
2789 3826 2998 3909 poste-

598 3929 853 3994 riorem.
917 3924 1057 3991 Iam
1104 3946 1257 3991 vero
1307 3926 1401 4009 (4)
1448 3926 1613 3993 alius
1662 3934 1760 3994 est
1804 3930 2105 4014 magistri
2153 3930 2264 4014 qui
2310 3930 2444 3994 suis
2494 3928 2704 3995 verbis
2748 3931 2995 3993 iustam

597 4036 1189 4120 interpretationem
1240 4055 1356 4100 sua
1402 4037 1543 4102 vice
1593 4038 1896 4123 opposuit
1943 4034 2188 4101 Editori
2239 4035 2358 4117 (2),
2407 4036 2670 4102 fortasse
2714 4038 2781 4101 in
2830 4043 2998 4101 mai·-

598 4142 752 4228 gine
796 4138 978 4205 illius
1024 4140 1343 4207 editionis.
2873 4148 2878 4153 ’

689 4245 853 4311 Ibid.
901 4245 990 4312 20
1061 4246 1314 4313 Horum
1358 4247 1521 4314 nihil
1570 4250 1915 4335 quicquam
1962 4248 2205 4316 accidet
2250 4249 2466 4315 animo
2515 4268 2758 4315 novum

665 4492 721 4558 1)
756 4492 831 4543 cf.
864 4491 992 4543 infra
1026 4490 1088 4545 57
1110 4494 1197 4556 (3).
