3246 5085
612 322 745 390 296
1657 341 1971 390 nolumus.

613 507 925 586 videatur,
982 510 1095 593 qui
1158 509 1373 575 verbis
1437 506 1715 586 „melius
1776 507 1897 574 hoc
1960 506 2124 572 clare
2186 505 2475 573 dictum''
2539 510 2713 586 cett„
2761 507 3035 592 optime

610 611 854 678 refellit
913 613 1099 694 illud,
1158 614 1330 700 quod
1391 617 1459 679 in
1504 615 1601 695 (6)
1650 620 1750 679 est
1795 612 1872 678 de
1922 615 2314 691 „summissa
2362 611 2586 679 voce’'.
2632 612 2860 697 Itaque
2903 633 3036 678 no—

610 739 772 785 vum
833 721 938 786 hic
1001 719 1373 807 exemplum
1435 723 1804 787 invenimus
1869 723 2006 786 eius
2069 723 2198 800 rei,
2250 741 2444 806 quam
2491 725 2676 785 antea
2705 719 2752 800 ¹)
2801 719 3036 785 obser-

609 829 947 906 vavimus,
1017 826 1345 893 Donatum
1412 831 1609 894 citare
1680 830 2281 914 interpretationem
2343 829 2806 913 antiquiorem,
2879 847 3031 891 non

611 931 947 998 addentem
1009 939 1085 997 ut
1143 932 1346 1021 vulgo
1412 939 1607 1010 „sunt
1668 935 1782 1019 qui
1843 932 2284 1019 intelligant'',
2349 933 2456 998 vel
2519 932 2644 998 tale
2688 932 2882 1019 quid,
2939 952 3028 996 ac

611 1038 759 1103 dein
802 1037 965 1104 hanc
1008 1039 1287 1105 refutare
1334 1042 1430 1120 (in
1481 1039 1702 1122 A(l))
1749 1060 2060 1125 suamque
2107 1061 2347 1106 novam
2399 1041 2788 1126 subiungere
2833 1037 2962 1121 (7).

698 1143 770 1210 Si
837 1144 993 1210 haec
1052 1166 1201 1211 vere
1270 1145 1597 1232 disputata
1659 1153 1844 1226 sunt,
1909 1145 2135 1218 Editor
2195 1149 2264 1211 in
2326 1154 2688 1212 commento
2750 1149 3028 1213 invenit

610 1253 891 1336 quinque
950 1251 1192 1318 scholia
1252 1252 1370 1318 hoc
1432 1252 1653 1319 ordine
1716 1253 2060 1340 disposita:
2129 1251 2181 1317 B
2207 1252 2325 1333 (6),
2392 1253 2471 1331 A,
2499 1253 2552 1318 B
2576 1251 2672 1334 (7)
2736 1252 2812 1318 de
2875 1251 3027 1318 loci

610 1361 1045 1438 enarratione,
1108 1365 1174 1424 et
1234 1359 1289 1424 B
1312 1357 1409 1441 (3)
1473 1359 1549 1424 de
1612 1363 1763 1426 nota
1809 1358 2122 1439 formula3
2189 1367 2516 1447 praeterea
2557 1362 2627 1424 in
2673 1361 3024 1445 margine,

613 1468 857 1550 opinor,
904 1465 1239 1552 leg-ebatur
1284 1466 1337 1531 B
1362 1466 1480 1548 (4).
1532 1465 1709 1532 Haec
1752 1469 1848 1532 ita
1893 1449 2251 1544 ordinavit,
2295 1471 2371 1531 ut
2409 1472 2824 1552 praeponeret
2863 1467 3024 1532 bre-

610 1574 952 1637 vissi-mum
1000 1571 1118 1651 (4),
1170 1580 1315 1637 tum
1360 1575 1668 1639 insereret
1712 1592 1905 1639 suum
1955 1571 2052 1652 (5)
2097 1581 2163 1638 et
2208 1579 2564 1639 assumeret
2602 1572 2719 1653 (6),
2775 1572 2853 1650 A,
2907 1570 3022 1650 (7)

610 1677 727 1759 (3).
778 1676 1179 1764 Compilator
1224 1701 1303 1744 ex
1349 1682 1643 1767 margine
1689 1681 1769 1745 ab
1813 1682 2001 1745 initio
2048 1682 2268 1765 posuit
2309 1680 2406 1760 (1)
2447 1679 2544 1762 (2)
2581 1678 3022 1765 adiunxitque

610 1782 707 1864 (3)
755 1805 789 1849 e
836 1783 957 1873 fi-ne
1004 1783 1410 1851 translatum.
1459 1785 1745 1851 Tandem
1793 1789 1884 1864 ie,
1935 1788 2048 1871 qui
2093 1785 2362 1851 confecit
2407 1788 2636 1850 seriem
2675 1786 2752 1862 A,
2795 1805 3018 1850 unum

612 1889 803 1957 modo
850 1890 1163 1978 scholium
1206 1895 1523 1978 excerpsit
1564 1892 1642 1958 de
1681 1894 2201 1979 pronuntiatione
2229 1889 2300 1972 ²),
2343 1893 2582 1958 etenim
2623 1893 2692 1956 in
2729 1891 2786 1958 A
2820 1888 3013 1958 locus

613 1996 890 2063 difficilis
933 2018 1195 2083 prorsus
1243 2000 1589 2065 omittitur.

702 2210 863 2277 Ibid.
906 2211 984 2277 ad
1025 2233 1133 2278 vv.
1176 2211 1263 2278 22
1302 2219 1367 2277 et
1407 2211 1494 2277 23
1534 2214 1603 2277 in
1640 2211 1695 2276 B
1734 2217 2040 2298 quattuor
2077 2211 2316 2278 scholia
2353 2212 2668 2299 leguntur
2688 2214 2978 2299 genuina
2991 2234 3010 2293 3

610 2322 677 2384 in
743 2320 801 2384 A
862 2339 1069 2384 unum
1115 2323 1372 2384 tantum
1420 2318 1497 2384 ad
1547 2340 1640 2384 vs.
1694 2317 1817 2385 23:
1869 2318 2009 2398 „Ob
2057 2317 2263 2385 hanc’'
2308 2319 2377 2384 id
2424 2325 2522 2386 est
2567 2341 2681 2406 pro
2724 2317 2857 2384 filia
2901 2321 3012 2404 ip-

613 2427 782 2504 sius,
834 2461 918 2474 —
965 2425 1160 2510 idque
1208 2432 1581 2511 suspectum
1628 2432 1886 2511 propter
1932 2425 2212 2492 formam
2257 2433 2428 2512 (pro
2477 2426 2573 2508 f.).

702 2530 868 2597 Ibid.
934 2530 1013 2597 ad
1076 2552 1171 2597 vs.
1222 2531 1309 2596 24
1371 2534 1439 2598 in
1496 2531 1555 2596 B
1618 2533 1744 2598 tria
1792 2531 2035 2599 scholia
2081 2531 2316 2599 Donati
2363 2531 2550 2619 plena
2597 2537 2663 2597 et
2707 2533 3007 2620 integra3

608 2641 679 2703 in
724 2639 781 2703 A
826 2637 982 2703 haec
1030 2637 1193 2703 duo:
1242 2638 1340 2719 (1)
1388 2640 1850 2725 Aspernari
1897 2645 1994 2704 est
2041 2642 2246 2705 averti
2293 2661 2414 2706 non
2461 2639 2677 2705 solum
2717 2661 3007 2725 corpore,

608 2742 715 2810 sed
779 2747 975 2809 etiam
1038 2746 1273 2809 anime.
1338 2744 1432 2826 (2)
1496 2745 1960 2831 Aspernari
2025 2752 2120 2811 est
2182 2768 2475 2812 recusare
2537 2752 2651 2812 aut
2696 2746 2827 2811 fere
2870 2767 3010 2811 non

609 2872 947 2938 agnoscere
961 2871 977 2928 ;
1025 2858 1123 2917 est
1168 2859 1388 2917 autem
1438 2852 1682 2917 dictum
1733 2853 1812 2917 ab
1866 2853 1987 2931 „a”
2035 2860 2101 2919 et
2152 2852 2485 2940 „sperno’'.

698 2958 1108 3025 Alterutrum
1170 2979 1207 3024 a
1266 2957 1515 3024 Donato
1577 2958 2079 3025 abiudicandum
2098 2979 2115 3039 ς
2183 2959 2366 3026 credo
2429 2960 2589 3038 hoc,
2652 2961 2769 3025 ubi
2814 2960 3006 3026 verbi

606 3064 991 3155 significatio
1054 3067 1269 3131 minus
1328 3070 1499 3131 recte
1546 3065 1820 3131 efficitur
1865 3087 1944 3132 ex
1990 3068 2072 3132 iis
2119 3087 2280 3152 quae
2325 3066 2638 3133 Phormio
2683 3067 2848 3132 dixit
2893 3088 2998 3132 νε.

609 3169 647 3234 5
674 3191 790 3255 sq.,
838 3192 985 3236 cum
1025 3192 1242 3257 reapse
1281 3174 1368 3237 sit
1405 3171 1596 3258 longe
1634 3172 2096 3252 vehementior,
2137 3176 2349 3239 ut‘est
2389 3175 2456 3237 in
2497 3171 2706 3239 Gloss.
2748 3172 3006 3259 „despi-

608 3297 778 3354 cere,
841 3284 1281 3357 contemnere,
1345 3276 1714 3344 detestari”.
1801 3277 1896 3343 De
1941 3278 2038 3360 (l)
2087 3279 2299 3345 confer
2347 3278 2730 3345 Livianum:
2784 3285 3004 3365 „post-

606 3404 801 3469 quam
862 3386 1361 3469 aspernabantur
1422 3384 1748 3470 fiagitium
1796 3386 2024 3450 aurcs''
2073 3384 2250 3470 (VIII
2296 3385 2357 3452 8.
2387 3384 2454 3467 3)
2501 3392 2566 3452 et
2614 3386 3000 3451 Plautinum

604 3489 772 3555 illud
816 3492 883 3556 in
932 3488 1115 3576 Gapt.
1163 3489 1259 3555 III
1308 3489 1368 3556 3.
1396 3490 1439 3555 2
1490 3511 1570 3568 „a
1614 3512 1720 3557 me
1769 3498 2112 3578 segregant
2157 3499 2591 3577 spernuntque
2634 3493 2766 3557 se’'.

695 3596 855 3663 Ibid.
906 3595 1015 3661 25.
1087 3596 1161 3661 In
1208 3597 1263 3661 B
1308 3596 1433 3662 duo
1480 3595 1741 3663 Donati.
1812 3597 1886 3663 In
1933 3600 2027 3663 A:
2078 3598 2174 3680 (1)
2225 3597 2550 3685 „Pergin”
2599 3598 2994 3679 ἄπόστροφος

607 3725 719 3789 per
782 3702 1151 3781 παρένθεσιν.
1248 3703 1345 3788 (2)
1396 3702 1615 3782 „Male
1663 3702 1884 3789 loqui'’
1933 3726 2048 3791 pro
2094 3703 2493 3770 maledicere.
2588 3704 2683 3785 (3)
2734 3704 2999 3792 „Impu-

520 3894 527 3898 .
601 3809 894 3875 rissime’'
939 3809 1437 3895 improbissime.
1582 3808 1682 3890 (2)
1721 3817 2092 3896 excerptum
2132 3832 2211 3877 ex
2249 3810 2303 3875 B
2342 3810 2470 3891 (2):
2515 3810 2727 3890 „male
2765 3811 2994 3896 loqui’'

606 3937 718 4002 pro
758 3915 926 3981 male
963 3916 1204 3995 dicere,
1246 3922 1311 3981 et
1348 3917 1601 4000 quaerit
1637 3915 1921 3995 Probus,
1964 3918 2108 4002 quis
2145 3924 2292 3983 ante
2330 3915 2702 3984 Terentium
2733 3914 3026 3985 dixerit..

606 4021 819 4087 Schol.
868 4022 965 4104 (3)
1026 4022 1276 4089 Donato
1338 4021 1595 4089 concedi
1641 4029 1883 4108 potest,
1931 4022 2039 4088 sed
2089 4022 2309 4089 dubito
2356 4023 2435 4090 de
2477 4024 2572 4106 (l)
2617 4031 2881 4111 propter
2923 4024 2998 4090 id

678 4295 727 4354 1)
760 4296 916 4359 Supra
950 4311 996 4359 p.
1034 4296 1094 4343 31
1135 4294 1193 4344 ad
1228 4296 1351 4347 Eun.
1386 4296 1411 4344 I
1450 4295 1655 4359 2.4(8).

673 4376 729 4442 2)
776 4375 915 4425 Unde
962 4376 1210 4441 utriusque
1250 4378 1434 4429 ordinis
1478 4380 1521 4427 A
1569 4388 1618 4428 et
1667 4377 1710 4428 B
1744 4378 1880 4445 origo
1917 4380 2173 4445 repetenda
2204 4380 2284 4440 sit,
2321 4384 2484 4447 postca
2518 4379 2775 4444 inquiram,
2810 4384 2861 4434 et
2893 4382 2996 4433 iam

605 4458 712 4509 vide
747 4474 866 4523 quae
900 4458 1127 4511 dicuntur
1158 4460 1217 4509 ad
1252 4476 1318 4512 vs.
1354 4460 1417 4509 28
1453 4465 1502 4510 ct
1538 4462 1615 4511 30.
