3246 5085
1296 326 1611 375 nolumus.
2498 309 2629 376 435

242 497 468 559 carunt
506 498 581 558 ut
615 496 715 558 est
754 494 951 558 etiam
991 492 1162 578 apud
1204 492 1677 579 Eugraphium.
1726 492 1916 557 Don.
1956 493 2076 557 hoc
2115 492 2377 559 damnat
2414 493 2635 560 aliam-

244 622 371 687 que
417 602 887 665 enarrationem
934 598 1193 665 dederat
1236 601 1305 663 in
1349 598 1467 681 (2).

336 705 434 771 ΙΙΙ
472 704 533 773 4.
563 705 649 771 26
675 705 771 788 (3)
809 706 1117 791 Imperite
1147 704 1520 771 Terentium
1551 704 1626 771 de
1651 705 1956 792 Myconio
1995 708 2220 792 crisp
2238 727 2366 771 um
2399 706 2636 773 dixisse

244 814 462 891 aiunt,
520 833 672 877 cum
721 811 1145 897 Apollodorus
1194 811 1529 877 calvum
1578 811 1846 889 dixerit,
1897 811 2066 897 q'uod
2111 815 2443 897 proprium
2491 814 2638 901 My-

246 921 449 985 coniis
510 926 635 997 est,
699 925 775 984 ut
836 917 1126 984 Lucilius
1178 968 1193 983 .
1224 966 1239 983 .
1271 967 1285 982 .
1334 916 1459 985 Sed
1524 938 1649 1005 ego
1694 916 2072 985 Terentium
2117 926 2277 1005 puto
2324 921 2633 985 scientem

248 1025 521 1090 facetius
567 1025 953 1111 Myconium
999 1026 1374 1110 crispum
1420 1023 1677 1090 dixisse.

343 1128 769 1195 probabiliter
813 1128 1103 1195 Donatus
1150 1135 1370 1195 contra
1416 1130 1734 1215 Asprum,
1784 1129 1862 1194 cf.
1914 1128 2012 1194 W.
2060 1151 2122 1215 p.
2173 1129 2282 1196 29.

344 1235 505 1301 Ibid.
558 1234 643 1301 33
716 1236 896 1316 Quod
944 1242 1165 1322 potero
1213 1236 1478 1314 faciam,
1530 1243 1746 1301 tamen
1793 1243 1868 1300 ut
1912 1237 2222 1321 pietatem
2269 1235 2479 1302 colam

342 1340 631 1407 Donatus
692 1345 925 1407 merito
987 1344 1077 1407 sic
1142 1341 1472 1420 distinxit,
1536 1342 1934 1427 subiungens
1994 1340 2125 1424 (7):
2191 1342 2359 1408 Sunt
2423 1348 2637 1411 tamen

248 1451 363 1535 qui
422 1453 721 1514 manente
782 1447 1005 1513 eadem
1053 1451 1369 1515 sententia
1416 1452 1630 1513 totum
1676 1447 1794 1513 hoc
1837 1450 2122 1535 iungunt
2170 1471 2272 1535 „q.
2298 1470 2360 1535 p.
2407 1451 2639 1517 faciam

249 1562 469 1621 tamen
516 1561 592 1620 ut
637 1577 699 1641 p.
726 1556 824 1621 c.''
874 1555 995 1621 hoc
1040 1561 1171 1635 est,
1219 1561 1369 1621 cett.
1441 1554 1583 1641 Ipse
1621 1555 1889 1620 fortasse
1928 1555 2122 1620 Probi
2159 1554 2636 1623 distinctionem

253 1668 514 1727 secutus
558 1668 675 1727 est.
1200 1714 1211 1725 .

342 1767 430 1833 IV
482 1769 539 1832 1.
568 1767 652 1833 21
726 1767 860 1831 Ph.
910 1766 1051 1854 Ego
1101 1770 1298 1833 etiam
1348 1766 1611 1833 illorum
1653 1787 1788 1832 esse
1827 1767 1991 1832 hanc
2029 1766 2318 1854 culpam,
2363 1770 2636 1850 credidi,

252 1896 416 1963 quae
478 1880 542 1940 te
606 1880 705 1940 est
764 1895 976 1959 penes.
1050 1875 1207 1961 My.
1271 1876 1513 1941 Misera
1561 1895 1730 1940 sum.
1801 1872 1936 1939 Th.
1988 1873 2254 1940 Utinam
2302 1878 2500 1941 sciam
2547 1880 2643 1943 ita

256 2003 392 2049 esse
437 1984 608 2046 istuc

347 2088 442 2169 (1)
494 2087 803 2165 „Utinam
850 2088 1047 2151 sciam
1093 2088 1188 2150 ita
1231 2107 1370 2152 esse
1414 2085 1627 2152 istuc’'
1678 2092 1741 2151 te
1787 2088 2091 2152 miseram
2140 2108 2292 2154 esse.
2341 2087 2449 2155 Sic
2487 2088 2642 2155 alibi

253 2194 523 2276 (Heaut.
571 2192 602 2257 Ι
647 2191 688 2257 2
739 2191 850 2273 18)
900 2189 1306 2269 „Miser-um?
1353 2214 1548 2279 quem
1595 2193 1815 2257 minus
1861 2192 2114 2257 credere
2155 2199 2252 2258 est
2267 2191 2335 2257 ‘P'
2387 2196 2479 2277 [et
2518 2197 2642 2260 erit

252 2320 511 2367 sensus:
578 2301 826 2365 utinam
889 2320 1039 2365 vere
1100 2300 1187 2363 sis
1236 2301 1521 2383 misera.]
1572 2335 1656 2347 --
1704 2296 1800 2379 (2)
1848 2297 1990 2363 Hoc
2037 2297 2298 2384 quidam
2345 2303 2434 2365 sic
2482 2302 2643 2366 acci-

251 2409 477 2492 piunt,
525 2407 707 2489 quasi
755 2404 1115 2490 Phidippus
1162 2404 1358 2469 dicat:
1407 2424 1599 2490 penes
1641 2409 1704 2469 te
1743 2401 1933 2487 culpa
1969 2410 2099 2482 est,
2141 2424 2338 2489 quam
2376 2404 2642 2471 illorum

253 2534 391 2580 esse
451 2511 783 2578 credebam
804 2559 820 2588 ,
886 2516 951 2576 et
1014 2512 1299 2588 utinam,
1366 2509 1535 2597 quod
1581 2509 1767 2576 credo
1813 2530 2006 2596 penes
2054 2516 2116 2576 te
2163 2532 2298 2578 esse
2345 2511 2600 2599 culpam
2623 2563 2641 2595 ,

249 2623 347 2685 ita
411 2640 546 2685 esse
608 2623 781 2684 certo
828 2619 1049 2682 sciam.
1098 2654 1183 2666 —
1232 2616 1329 2697 (3)
1380 2617 1543 2697 Quia
1589 2617 1754 2681 dixit
1800 2637 1866 2682 se
1913 2619 2214 2683 miseram
2264 2627 2329 2683 et
2375 2622 2644 2686 miseros

248 2749 377 2792 non
424 2727 550 2790 nisi
593 2726 963 2790 innocentes
1010 2723 1322 2802 dicimus,
1368 2722 1482 2789 ille
1529 2724 1650 2789 hoc
1699 2723 2070 2808 respondet:
2118 2726 2370 2790 utinam
2416 2728 2484 2790 in
2525 2727 2644 2794 hoc

250 2833 514 2918 negotio
558 2833 861 2895 miseram
910 2835 973 2894 te
1018 2850 1143 2894 non
1192 2827 1527 2895 scelestam
1573 2825 1925 2912 reperiam!
1971 2828 2077 2894 Sic
2117 2827 2466 2895 Sallustius
2510 2839 2647 2908 „at-

254 2959 378 3024 que
441 2958 516 3003 ea
575 2943 908 3023 cogentes,
971 2957 1099 3001 non
1162 2941 1409 3001 coactos
1431 2984 1447 3013 ,
1514 2933 1813 3000 scelestos
1873 2937 2086 3021 mag-is
2133 2955 2327 3020 quam
2376 2939 2644 3003 miseros

254 3043 614 3130 obstringi''
688 3043 890 3122 (Hist.
963 3043 1101 3124 fr.)‚
1172 3047 1238 3107 et
1301 3042 1448 3107 ideo
1518 3043 1812 3127 sequitur
1883 3041 2034 3119 „sed
2104 3063 2273 3107 nunc
2344 3043 2508 3107 mihi
2576 3047 2642 3108 in

255 3149 587 3217 mentem'’
624 3149 690 3230 ¹).

346 3254 796 3324 Controversia
866 3260 1163 3320 versatur
1228 3256 1296 3319 in
1367 3253 1832 3340 significatione
1901 3253 2328 3339 pronominis
2368 3256 2644 3336 „istuc'’,

250 3365 635 3449 respiciatne
697 3360 1073 3446 praecedens
1141 3362 1414 3439 „misera
1478 3361 1668 3425 sum”
1733 3380 1811 3425 an
1880 3380 2084 3446 „quae
2145 3359 2390 3446 (culpa)
2440 3368 2502 3427 te
2550 3369 2648 3428 est

251 3467 512 3556 penes'’.
549 3467 916 3534 Secundum
956 3466 1281 3546 Donatum
1322 3466 1682 3552 Phidippus
1712 3469 1898 3532 uxori
1921 3465 2292 3552 respondet:
2336 3467 2646 3546 „Utinam
2738 3475 2760 3484 ”

251 3577 450 3641 sciam
491 3579 557 3639 te
596 3593 731 3639 esse
772 3575 1110 3650 miseram,
1154 3573 1218 3638 h.
1246 3594 1300 3638 e.
1338 3571 1811 3651 innocentem’',
1838 3572 2188 3638 secundum
2215 3574 2643 3657 „quosdam'':

256 3681 564 3762 „Utinam
626 3681 825 3744 sciam
887 3699 1077 3764 penes
1142 3685 1204 3743 te
1252 3699 1388 3744 esse
1434 3677 1763 3764 culpam’'.
1834 3677 1995 3744 Don.
2043 3681 2646 3765 interpretationem

252 3809 437 3854 suam
499 3785 872 3871 explanavit
935 3784 1193 3850 scholiis
1258 3785 1376 3867 (1),
1439 3787 1555 3851 ubi
1615 3790 1830 3850 tamen
1893 3787 2095 3851 otiosa
2156 3787 2350 3852 verba
2394 3790 2648 3853 uncinis

252 3893 501 3960 inclusa
539 3913 656 3977 pro
694 3891 1078 3958 emblemate
1116 3892 1504 3958 removenda
1541 3897 1732 3969 sunt,
1775 3897 1842 3956 et
1879 3889 1976 3974 (3)
2015 3891 2128 3956 ubi
2173 3895 2430 3958 miser
2471 3894 2644 3960 idem

254 4005 353 4066 est
398 3998 565 4086 qnod
614 4001 1036 4064 innocens.
1090 3999 1385 4064 Primum
1433 4001 1591 4064 citat
1633 3997 2006 4083 exemplum
2046 3995 2536 4078 Terentianum,
2578 4004 2646 4066 in

256 4129 383 4193 quo
428 4107 682 4171 miser
728 4105 951 4172 eadem
999 4106 1245 4170 ratione
1292 4104 1655 4183 adhibetur,
1703 4102 1848 4169 dein
1897 4102 2366 4170 Sallustianum
2416 4110 2646 4174 mise-

320 4381 375 4444 1)
415 4377 565 4428 Verba
597 4378 869 4443 sequentia:
910 4381 1279 4442 ‚argumentum
1313 4393 1369 4427 ex
1402 4377 1790 4428 antecedentibus
1817 4376 1956 4427 dictis
1985 4380 2032 4427 et
2065 4378 2236 4428 factis''
2266 4379 2451 4430 rhetori
2482 4383 2649 4434 deben-

250 4467 351 4522 tur,
388 4460 471 4525 qni
503 4460 761 4510 identidem
796 4460 849 4509 in
890 4459 1105 4522 Hecyrae
1139 4463 1409 4509 commento
1446 4464 1661 4526 apparet.
1691 4455 1698 4462 '
