3246 5085
583 277 716 344 328
1602 293 1966 344 rnocorms.

676 461 821 528 Non
880 465 1092 550 magis
1155 462 1321 528 mihi
1382 464 1699 548 persuasit
1754 461 1960 528 editor
2004 482 2140 548 cap.
2188 460 2253 527 II
2300 460 2403 548 §6
2451 481 2826 548 expungens
2883 480 3030 526 vo-

586 568 799 635 culam
845 572 918 642 ὦς
964 572 1031 634 in
1073 569 1288 636 verbis
1326 567 1722 646 ὄξυθυμωθεὶς
1767 569 2192 650 ὑπερφυῶς
2235 571 2359 648 ὥς,
2404 571 2555 654 quia
2597 569 2733 634 fieri
2772 572 3030 654 potest

586 684 660 741 ut
708 677 1058 764 Procopius
1104 677 1538 764 Thucydidis,
1588 675 2063 756 Demosthenis,
2109 676 2399 742 Platonis
2447 676 2722 742 aliorum
2769 677 3030 740 imit-a-

585 790 705 858 tor,
758 784 821 850 h.
848 783 892 849 1.
943 783 1231 849 Platonis
1279 781 1571 869 exemplo
1620 785 1715 849 ita
1757 784 2105 869 scripserit.
2205 849 2219 856 ,

678 890 771 956 III
815 893 849 976 ξ
890 889 971 954 15
1043 891 1144 954 καὶ
1200 890 1582 968 Καλλίγονος
1633 891 1745 966 μὲν
1797 887 1899 963 ἥδ’
1950 891 2213 955 ἐνταῦθα
2262 889 2513 970 εὑροῦσα
2563 889 2708 971 τῇδε
2757 890 3020 968 (Anto-

578 977 797 1080 'ninae)
846 992 1196 1076 παρὲδωκε.’
1229 995 1638 1083 Intellegitur
1685 996 1945 1082 quidem
1995 995 2096 1073 ἥδε
2143 997 2506 1084 significare
2550 995 3015 1074 Theodoram,

586 1105 697 1170 sed
755 1103 921 1169 nihil
980 1109 1077 1170 est
1136 1106 1205 1168 in
1265 1103 1814 1189 praecedentibus,
1881 1103 2054 1189 quod
2111 1102 2493 1190 legitimum
2558 1103 2622 1170 h.
2648 1102 2694 1168 l.
2757 1101 3015 1168 reddat

586 1212 980 1297 pronominis
1026 1231 1220 1276 usum
1270 1231 1381 1296 pro
1430 1211 1689 1275 nomine
1736 1209 1945 1276 aliave
1994 1209 2430 1295 Imperatricis
2479 1208 2962 1296 significatione
2987 1256 3008 1287 ,

587 1315 797 1405 qualis
858 1323 1065 1384 aetate
1126 1316 1471 1384 Iustiniani
1516 1315 1847 1382 sollemnis
1893 1317 2022 1382 fuit
2067 1316 2501 1396 δέσποινα,
2549 1322 2628 1382 ut
2675 1316 3012 1382 discimus

585 1446 666 1490 ex
726 1445 861 1509 cap.
926 1423 1014 1488 30
1071 1422 1240 1510 526.
1308 1423 1514 1505 Quare
1562 1422 1860 1489 lubenter
1907 1421 2343 1510 suppleverim
2393 1425 2426 1498 ή
2475 1421 3006 1515 δ<έσ,ποινα>.

586 1531 759 1612 Quot
794 1537 1014 1597 autem
1060 1530 1306 1596 lacunis
1352 1531 1687 1611 (brevibus
1735 1533 2140 1616 praesertim)
2187 1536 2430 1597 scateat
2477 1550 2638 1616 opus
2687 1528 3006 1615 Procopii

586 1637 689 1704 vel
736 1639 939 1705 obiter
981 1639 1265 1723 inspecta
1309 1638 1465 1704 haec
1513 1637 1712 1703 editio
1759 1637 2055 1703 ostendit.

680 1856 833 1945 Gap.
882 1857 978 1922 III
1021 1853 1185 1943 §2¹7.
1236 1854 1479 1937 ὕστερον
1528 1855 1591 1922 δὲ
1641 1857 1668 1922 ὃ
1720 1855 2038 1937 προφήτης
2090 1856 2258 1936 αὐτῷ
2301 1854 2588 1938 (Photio)
2631 1854 2988 1937 Ζαχαρίας

594 1965 856 2036 ἐπιστὰς
920 1963 1060 2043 ὄναρ
1124 1961 1423 2044 ὅρκοις,
1490 1964 1708 2042 Φασίν,
1774 1947 2060 2027 ἐκέλευσε
2109 1961 2395 2042 Φεύγειν,
2443 1962 2876 2042 συλλήψεσθαι
2929 1961 2994 2025 οἱ

589 2073 648 2136 ἐν
695 2074 777 2152 τῷ
830 2069 984 2152 ἔργῳ
1034 2073 1184 2152 τῷδε
1233 2069 1779 2148 ὁμολογήσας.
1829 2068 1953 2135 Vix
2001 2074 2172 2137 recte
2211 2068 2350 2135 loco
2389 2090 2505 2134 suo
2541 2068 2680 2156 legi
2717 2069 2996 2136 videtur

586 2175 807 2259 ὅρκοις,
847 2180 1082 2264 quippe
1126 2177 1298 2263 quod
1336 2175 1547 2242 multo
1585 2179 1802 2263 aptius
1839 2178 2150 2263 iungatur
2188 2196 2337 2241 cum
2363 2175 2755 2254 ὁμολογήσας
2785 2197 2994 2262 quam

516 2359 521 2364 .
587 2305 735 2350 cum
784 2285 1089 2350 ἐκέλευσε.
1140 2284 1347 2365 Quare
1397 2283 1541 2350 vide
1589 2305 1670 2350 an
1710 2283 2255 2368 transponendum
2294 2284 2382 2348 sit
2419 2289 2563 2367 post
2601 2281 2757 2364 ἔργῳ
2804 2283 2990 2364 τῷδε.

678 2501 832 2589 Cap.
880 2501 967 2568 IV
1016 2501 1141 2589 §5.
1206 2501 1525 2569 Notabilis
1586 2500 1826 2568 locutio
1881 2501 2238 2588 Byzantina
2283 2502 2554 2579 μεστὴ
2603 2507 2744 2589 (pro
2793 2504 2990 2582 ὀργῆς

584 2613 817 2690 μεστὴ)
864 2611 1161 2688 ἐγεγόνει.
1224 2609 1439 2675 Simili
1486 2608 1702 2695 ellipsi
1751 2615 2102 2695 usurpatur
2147 2610 2438 2675 verbum·
2471 2633 2718 2688 μεστο
2742 2614 2946 2675 ῦσθα
2969 2634 2991 2673 ι

584 2739 718 2803 cap.
743 2716 904 2782 XIII
928 2719 963 2803 ξ
990 2716 1050 2784 3.
1094 2715 1333 2782 Melius
1374 2736 1568 2801 quam
1610 2737 1732 2803 ego
1775 2715 2004 2801 Haury
2042 2718 2110 2780 in
2147 2715 2653 2804 Byzantinorum
2679 2716 2990 2804 operibus

582 2826 1063 2890 versatissimus
1086 2823 1293 2889 dicere
1316 2824 1555 2908 poterit
1581 2828 1803 2887 utrum
1827 2820 1972 2887 aliis
1995 2820 2152 2888 locis
2179 2828 2469 2888 occurrat
2493 2821 2735 2889 locutio
2759 2824 2988 2888 minus

584 2935 904 3009 accurata,
971 2932 1272 3016 quamvis
1333 2927 1812 3015 intelligibilis,
1877 2928 2125 3009 πότερον
2183 2931 2279 3004 ήμ
2302 2930 2441 3009 ἐρα
2503 2929 2538 3005 ἢ
2607 2929 2832 3008 νύκτωρ
2881 2928 2982 3002 εἴη

582 3058 697 3123 pro
748 3036 1051 3116 ἡμέρας
1101 3042 1214 3102 aut
1260 3035 1429 3112 μεθ’
1481 3033 1821 3114 ἡμέραν,
1874 3041 1948 3100 ut
1994 3034 2204 3101 solent
2247 3040 2495 3101 veteres
2539 3034 2769 3113 dicere,
2811 3055 2984 3120 quae

581 3142 826 3229 legitur
884 3163 1034 3208 mox
1097 3145 1133 3228 ᾖ
1175 3141 1236 3207 9.
1300 3141 1561 3207 Etenim
1622 3148 1738 3207 aut
1801 3140 2034 3222 ἡμέρας
2097 3148 2471 3228 expectatur
2531 3148 2646 3209 aut
2704 3140 2810 3217 νύξ
2856 3162 2983 3227 pro

584 3251 831 3329 νύκτωρ.

674 3451 826 3539 Gap.
875 3452 962 3517 IV
1008 3452 1177 3539 §30,
1222 3454 1336 3519 ubi
1384 3453 1460 3522 de
1504 3451 1816 3519 Belisario
1864 3453 2167 3519 scribitur
2202 3453 2306 3518 καὶ
2352 3453 2512 3534 χειρὶ
2555 3455 2670 3531 μὲν
2708 3454 2977 3540 ἑκατέρᾳ

582 3560 935 3641 περιλαβὼν
984 3562 1178 3634 αὐτῆς
1229 3558 1649 3642 (Theodorae)
1712 3557 1912 3641 ἄμφω
1970 3560 2088 3633 τὰς
2150 3560 2426 3640 κνήμας,
2485 3560 2594 3636 rhu
2649 3560 2710 3625 δὲ
2765 3568 2978 3639 γλῶσ-

479 3667 484 3671 ’
582 3690 700 3731 σαν
762 3667 857 3731 ἀεὶ
924 3674 1040 3731 τῶν
1102 3672 1413 3746 ταρσῶν
1475 3670 1581 3745 (=
1629 3668 1744 3730 τῶν
1813 3665 2031 3747 ποδῶν)
2096 3672 2206 3741 τῆς
2270 3664 2561 3745 γυναικὸς
2628 3666 2982 3745 μεταβι-

580 3774 631 3851 β
646 3772 749 3855 αἰζ
764 3800 805 3839 ω
827 3798 885 3850 ν,
936 3778 1042 3839 τοῦ
1091 3774 1205 3850 μὲν
1254 3771 1395 3850 βίον
1446 3773 1548 3835 καὶ
1600 3778 1710 3845 τῆς
1760 3773 2058 3852 σωτηρίας
2107 3772 2318 3837 αἰτίαν
2368 3773 2579 3838 ἐκάλει
2620 3773 2770 3852 ιιι-ὲ,
2819 3795 2980 3840 eun-

582 3879 730 3945 dem
787 3882 1257 3968 interrogatum
1305 3876 1505 3946 velim
1552 3884 1780 3943 utrum
1828 3880 2140 3944 sermonis
2191 3878 2531 3965 Byzantini
2579 3878 2836 3966 legibus
2882 3883 2980 3947 sic

580 3988 857 4071 exprimi
927 3989 1211 4072 potuerit
1280 3987 1631 4051 sententia:
1721 3986 2051 4051 hominem
2123 3984 2491 4051 alternatim
2561 3984 2792 4072 lingua
2857 4008 2980 4053 sua

581 4094 877 4177 tetigisse
937 4093 1128 4178 pedes
1196 4092 1666 4179 Imperatricis,
1733 4111 1812 4157 an
1873 4093 2092 4177 potius
2137 4098 2284 4158 ante
2332 4098 2448 4156 τῶν
2497 4088 2733 4173 ταρσῶν
2779 4094 2982 4160 verba

585 4199 667 4261 ἐκ
718 4197 1052 4278 θατέρου
1118 4200 1194 4271 ἐς
1259 4200 1595 4279 θάτερον
1662 4203 1768 4280 (=
1816 4198 1918 4263 τὸν
1967 4195 2186 4278 ἕτερον,
2249 4203 2324 4263 ut
2372 4195 2534 4264 solet
2579 4198 2978 4286 Procopius),

583 4306 846 4389 periisse
909 4305 1217 4369 censenda
1271 4307 1416 4370 sint.
1483 4304 1579 4370 De
1627 4305 1746 4370 hoc
1793 4305 2038 4370 abiecto
2085 4304 2388 4368 adorandi
2434 4326 2666 4391 genere
2711 4308 2780 4370 in
2827 4306 2979 4373 aula

582 4410 925 4476 Iustiniani
960 4409 1261 4498 legantur
1300 4431 1460 4496 quae
1495 4411 1718 4477 scribit
1757 4411 2104 4497 Procopius
2145 4432 2281 4497 cap.
2310 4410 2397 4476 30
2436 4410 2620 4497 §232
2659 4410 2971 4490 βασιλίδα
