3246 5085
1332 353 1644 403 noiurus.
2555 338 2686 405 407

302 516 635 603 indigna’',
702 517 909 595 „velit
969 517 1175 583 nolit’'
1240 516 1429 598 (EM
1479 519 1577 585 W.
1604 526 1687 600 0.)
1830 520 1917 585 60
1941 519 2038 601 (l)
2105 521 2369 599 „Nescis
2431 524 2542 609 qui
2591 526 2690 589 vir

302 622 487 701 siet’',
534 629 601 688 et
639 628 764 705 (ex.
813 623 1073 703 falsum,
1125 625 1223 691 W.
1250 631 1355 706 c.).

390 840 476 903 In
527 838 1051 905 Phormione.

389 943 557 1012 Cum
600 948 665 1010 in
714 946 1122 1011 Phormionis
1162 952 1523 1012 commento
1562 947 2032 1026 additamenta,
2072 955 2150 1013 ut
2188 956 2684 1015 consentaneum

295 1057 427 1129 est,
491 1055 603 1118 vix
664 1054 1077 1117 inveniantur
1138 1062 1281 1137 post
1335 1051 1397 1117 ΙΙ
1448 1052 1487 1117 3
1535 1054 1806 1138 ideoque
1855 1057 2154 1141 pauciora
2197 1058 2325 1121 sint
2375 1078 2684 1135 numero,

294 1179 367 1223 ea
414 1158 612 1224 simul
658 1162 874 1225 omnia
920 1158 1454 1244 comprehendam
1502 1162 1639 1224 sine
1686 1158 2150 1245 particularum
2198 1161 2625 1229 distinctione.

384 1264 553 1330 Prol.
604 1264 691 1329 28
751 1266 897 1332 Non
960 1286 1113 1352 ergo
1174 1286 1341 1330 nunc
1390 1268 1678 1351 primum
1725 1274 1943 1331 actum
1992 1266 2182 1346 dicit,
2233 1269 2342 1333 sed
2389 1289 2678 1335 summas

293 1377 524 1455 partes.
572 1370 701 1451 (W.
744 1377 847 1453 c.).
1010 1369 1095 1437 32
1120 1370 1219 1453 (2)
1280 1370 1455 1457 Ergo
1518 1374 1794 1457 proprie.
1843 1370 1971 1451 (W.
2012 1380 2112 1453 c.).
2261 1373 2346 1439 33
2372 1374 2471 1455 (2)
2530 1374 2682 1442 Ideo

296 1477 591 1556 „virtus”
643 1485 758 1544 est.

382 1584 415 1649 I
468 1585 525 1651 1.
555 1584 593 1650 6
621 1585 716 1665 (6)
762 1584 849 1650 Et
896 1587 1173 1663 „corrasi
1222 1586 1480 1650 omnia’'
1532 1590 1657 1664 (ex.
1695 1583 1833 1650 fals.
1873 1585 1973 1650 W.
2002 1592 2107 1667 c.).
2247 1586 2310 1652 2.
2340 1586 2502 1668 6(1)
2540 1587 2682 1653 Ηο0

290 1694 465 1756 enim
527 1692 849 1778 significat
906 1691 1105 1776 „quid
1152 1690 1427 1756 reddit'’.
1476 1689 1605 1769 (W.
1633 1698 1716 1771 0.)
1859 1690 2063 1772 12(1)
2113 1691 2277 1772 Quia
2319 1696 2528 1779 igitur
2573 1694 2681 1759 ob-

288 1795 603 1884 loquendo
665 1798 1094 1883 impediverat
1155 1804 1568 1862 narraturum
1635 1796 1875 1883 „ergo”
1941 1798 2128 1863 dixit.
2194 1804 2396 1886 (mag.
2455 1802 2532 1879 A,
2599 1800 2676 1865 cf.

290 1924 496 1989 praec.
542 1902 705 1969 Don.
733 1903 833 1970 W.
860 1911 963 1984 c.).
1108 1902 1188 1968 31
1220 1903 1316 1983 (2)
1356 1902 1523 1968 Nam
1562 1903 1708 1969 ideo
1735 1902 2176 1989 „puellulam”
2215 1903 2390 1971 dicit.
2418 1905 2546 1985 (W.
2573 1913 2677 1986 c.).

291 2008 377 2074 36
404 2010 502 2091 (2)
563 2010 737 2075 Hinc
798 2016 863 2076 et
922 2009 1452 2095 philosophorum
1512 2015 1740 2075 sectae.
1790 2010 1916 2089 (W.
1943 2018 2026 2090 0.)
2165 2010 2250 2075 55
2277 2012 2375 2092 (1)
2421 2012 2679 2077 Adest

288 2119 463 2181 enim
526 2116 594 2182 id
656 2117 824 2201 quod
886 2120 1091 2182 iuvat.
1142 2113 1241 2198 (ἵ).
1385 2114 1471 2181 56
1498 2115 1595 2209 (l)
1663 2116 1982 2193 „Passus”
2045 2122 2284 2182 temere
2333 2118 2674 2203 dispersus.

286 2221 417 2300 (W.
445 2229 547 2303 c.).
707 2220 791 2289 57
819 2223 915 2303 (4)
972 2222 1146 2309 Ergo
1194 2226 1259 2287 et
1304 2220 1631 2309 Vergilius
1678 2224 1769 2287 sic
1816 2224 1941 2287 ait:
1994 2229 2060 2288 at
2107 2223 2270 2288 mihi
2316 2244 2450 2289 sese
2495 2223 2678 2290 offert

286 2327 461 2393 ultro
524 2350 706 2394 meus
766 2332 947 2415 ignis
1000 2329 1343 2415 Amyntas
1395 2328 1541 2414 (Ex.
1590 2331 1886 2413 ineptum
1935 2328 2104 2408 Ed).
2247 2328 2332 2394 59
2358 2330 2455 2410 (3)
2501 2329 2676 2417 Ergo

284 2434 732 2501 indifferenter.
782 2443 982 2521 (mag.
1032 2438 1135 2516 A).
1294 2433 1378 2499 65
1405 2435 1502 2516 (1)
1558 2434 1741 2500 Unde
1790 2435 2222 2521 superlativus
2268 2436 2507 2523 gradus
2555 2459 2675 2525 op-

286 2546 636 2608 timates
684 2542 870 2628 facit,
925 2545 1073 2628 quia
1123 2542 1361 2620 bonus,
1410 2540 1661 2620 melior,
1713 2545 1996 2628 optimus
2042 2541 2296 2610 dicitur.
2345 2542 2470 2624 (W.
2499 2553 2600 2627 c.).

287 2648 373 2714 70
398 2649 496 2729 (1)
543 2649 1006 2714 Insinuandum
1052 2651 1263 2735 igitur
1310 2649 1470 2713 fuit:
1518 2649 1638 2714 hoc
1687 2652 1860 2715 enim
1908 2653 2032 2715 erit
2079 2670 2268 2716 omne
2309 2650 2670 2736 periculum

280 2753 533 2821 fabulae
578 2768 779 2842 (mag.
829 2759 906 2821 A.
956 2756 1035 2821 cf.
1078 2755 1197 2837 (2).
1236 2753 1335 2821 W.
1363 2762 1466 2835 c.).
1607 2754 1696 2821 80
1721 2755 1817 2838 (3)
1857 2755 2025 2821 Nam
2065 2762 2210 2841 post
2246 2761 2672 2823 enumeratio-

279 2883 429 2928 nem
468 2867 715 2928 veteres
754 2862 908 2927 haec
944 2861 1259 2927 dicebant.
1295 2860 1439 2940 (Ed.
1484 2863 1551 2926 in
1576 2862 1746 2927 med.
1776 2861 1938 2927 Don.
1965 2859 2064 2926 W.
2093 2868 2197 2938 c.).
2313 2861 2400 2928 83
2427 2862 2523 2944 (3)
2561 2861 2668 2928 Sic

280 2971 455 3034 enim
518 2973 763 3035 veteres
827 2966 1035 3053 „quod
1082 2969 1370 3034 faustum
1416 2966 1698 3052 felixque
1745 2967 1872 3032 sit'’
1925 2965 2214 3033 dicebant
2262 2967 2507 3054 aliquid
2553 2988 2668 3054 ag-

277 3079 565 3161 gressuri
610 3075 754 3154 (Ed.
804 3074 883 3139 cf.
932 3093 1138 3159 praec.
1189 3073 1402 3152 Don.).
1545 3073 1632 3138 92
1658 3074 1755 3153 (1)
1803 3073 1979 3159 Ergo
2026 3094 2128 3138 ars
2175 3077 2526 3159 precatoria
2571 3079 2669 3140 est

278 3182 581 3267 mitigare
618 3182 1006 3266 praesentia,
1048 3181 1267 3245 futura
1289 3180 1684 3264 permittere.
1712 3178 1839 3258 (W.
1866 3200 1919 3245 0.
1947 3176 2156 3262 Ed.?).
2267 3179 2328 3244 3.
2361 3180 2444 3245 10
2469 3179 2568 3261 (3)
2593 3179 2665 3245 Id

278 3293 409 3352 est:
460 3309 533 3352 eo
582 3285 751 3372 quod
798 3285 1147 3363 desideras,
1200 3285 1503 3350 abundas.
1554 3283 1680 3366 (Of.
1731 3306 1936 3371 praec.
1986 3284 2150 3351 Don.
2200 3286 2315 3367 (2).
2364 3283 2572 3366 EM).

280 3391 369 3457 20
395 3392 491 3472 (3)
531 3393 705 3480 Ergo
748 3395 913 3478 „ipsi
952 3391 1132 3469 nos’',
1174 3393 1423 3476 inquit,
1453 3396 1716 3469 „nostra
1740 3393 2277 3458 contemnimus''.
2304 3394 2406 3473 (A.
2437 3393 2533 3460 W.
2561 3401 2663 3474 c.).

280 3497 365 3562 36
392 3497 489 3579 (2)
533 3497 701 3564 Nam
752 3501 861 3577 „vi
908 3502 1202 3563 coactum
1248 3496 1425 3562 csse”
1474 3496 1651 3562 idem
1695 3497 2018 3584 significat
2056 3497 2227 3585 quod
2269 3501 2662 3578 „invit-um''.

278 3603 379 3669 W.
407 3610 509 3685 0.).
650 3600 734 3668 47
759 3603 857 3684 (2)
903 3603 989 3667 Et
1034 3604 1153 3668 hoc
1200 3603 1445 3668 factum
1492 3609 1589 3668 est
1636 3611 1898 3689 propter
1943 3605 2240 3670 iambica.
2287 3604 2417 3684 (W.
2443 3613 2544 3686 c.).

368 3710 430 3775 II
480 3710 538 3777 1.
572 3711 604 3775 l
632 3711 729 3792 (1)
775 3709 950 3797 Ergo
998 3712 1451 3776 controversia.
1495 3709 1625 3790 (W.
1652 3716 1756 3789 c.).
1873 3710 1956 3775 21
1985 3711 2084 3792 (2)
2132 3711 2306 3798 Ergo
2345 3714 2666 3796 sapienter

276 3814 463 3883 Geta.
503 3817 629 3895 (W.
658 3823 761 3897 c.).
904 3815 987 3882 65
1015 3816 1113 3897 (2)
1159 3815 1300 3882 Hoc
1346 3822 1478 3880 est:
1528 3838 1655 3881 non
1704 3815 1942 3881 dicitur
1982 3819 2306 3896 „maxime
2343 3819 2660 3904 cognata’'

273 3931 339 3988 et
388 3925 699 4001 „minime
745 3921 1081 4009 cognata”.
1133 3921 1260 4008 (W.
1286 3929 1367 4000 0).
1485 3922 1548 3987 2.
1581 3921 1665 3986 10
1691 3921 1804 4003 (8)δ
1826 3922 2002 4008 Ergo
2042 3922 2420 3988 fortitudine
2459 3926 2663 3990 nimia

273 4050 457 4114 saepe
506 4030 713 4105 vinci,
763 4047 949 4113 saepe
998 4027 1207 4112 decipi
1246 4029 1583 4114 contingit.
1628 4029 1735 4108 (cf.
1771 4049 1965 4113 supra
2005 4051 2066 4114 p.
2091 4027 2221 4093 323
2239 4025 2313 4110 ἵ).
2458 4029 2499 4094 3
2539 4030 2661 4111 (De

273 4136 468 4201 huius
514 4155 773 4201 scaenae
820 4133 1079 4200 scholiis
1126 4154 1317 4218 supra
1363 4137 1618 4220 egimus
1666 4156 1729 4219 p.
1777 4133 1910 4199 288
1936 4142 2120 4219 sqq.).

362 4240 448 4306 IV
497 4240 558 4306 3.
590 4239 677 4304 30
700 4238 796 4320 (2)
844 4239 1020 4327 Ergo
1068 4238 1225 4304 duas
1272 4261 1369 4304 res
1417 4239 1740 4326 significat
1789 4239 1911 4304 hoc
1958 4261 2162 4305 unum
2210 4241 2503 4309 verbum.
2551 4243 2656 4324 (A.

276 4348 374 4413 W.
402 4354 504 4427 c.).
648 4347 733 4410 54
801 4346 980 4412 Idem
1050 4349 1225 4413 enim
1297 4346 1472 4414 volet
1542 4347 1852 4426 „utrum”
1925 4347 2093 4433 quod
2160 4346 2350 4425 „an''.
2421 4351 2527 4431 (A,
2577 4351 2654 4415 cf.

270 4475 476 4544 praec.
526 4452 735 4536 Don.>.
