3246 5085
572 321 705 388 412
1613 340 1925 389 nonnus.

573 508 680 587 „id
735 508 873 573 est'’
923 514 1071 573 cett.
1125 529 1162 573 a
1211 508 1647 573 Wessnero
1693 511 1825 573 iam
1869 508 2232 587 eliminata,
2281 530 2399 575 nec
2438 531 2561 575 non
2606 509 2704 591 (5)
2743 516 2806 575 et
2844 508 2985 590 (7),

568 636 852 700 quocum
900 615 1113 681 confer
1159 613 1340 680 Serv.
1389 614 1467 679 ad
1516 616 1671 681 Aen.
1722 613 1753 679 1
1803 613 1966 679 423:
2011 613 2187 691 „Alii
2231 615 2605 693 „ardentes”
2646 618 2985 702 ingeniosi

569 723 924 807 accipiunt3
968 743 1121 786 nam
1163 742 1274 806 per
1313 724 1705 786 contrarium
1747 742 2044 809 segnem,
2086 722 2151 786 id
2191 729 2288 787 est
2326 725 2463 787 sine
2501 725 2662 809 igni,
2702 726 2983 809 ingenio

569 834 888 893 carentem
956 828 1267 906 dicimus,
1334 828 1502 892 unde
1565 835 1631 892 et
1687 849 1723 893 a
1771 826 2012 893 Graeco
2060 831 2240 894 venit
2287 836 2564 908 catus,
2610 831 2675 893 id
2726 838 2823 895 est
2868 832 2979 894 in-

566 936 904 1020 geniosus,
956 934 1078 998 ἀπὸ
1129 940 1233 998 τοῦ
1287 933 1635 999 καίεσθαι”.
1688 935 1991 999 Attamen
2041 941 2329 1001 extrema
2366 938 2786 1001 asseveratio:
2831 937 2978 1013 „in-

567 1043 906 1127 geniorum
971 1043 1209 1105 etenim
1273 1044 1502 1127 igneus
1554 1044 1743 1126 vigor
1788 1041 1951 1119 est'',
2002 1039 2393 1107 reddendum
2442 1049 2537 1108 est
2584 1040 2971 1128 philosopho

567 1154 807 1225 nostr0,
870 1167 1022 1212 nam
1085 1169 1119 1213 e
1181 1147 1390 1214 Servii
1439 1146 1627 1236 loco,
1691 1150 1803 1233 qui
1848 1150 2139 1233 sequitur
2186 1147 2418 1214 Donati
2467 1170 2699 1213 comm.
2739 1147 2973 1235 Vergi-

568 1253 848 1332 lianum,
891 1260 1154 1340 apparet
1194 1253 1362 1319 hunc
1404 1275 1532 1319 non
1573 1256 1890 1340 cogitasse
1931 1252 2006 1318 de
2047 1253 2352 1340 dogmate
2386 1253 2623 1320 Stoico.
2669 1254 2970 1340 Denique

569 1359 767 1426 schol.
817 1359 913 1439 (6)
960 1362 1145 1425 iuxta
1193 1359 1291 1440 (7)
1341 1359 1589 1426 Donato
1636 1359 1895 1425 concedi
1942 1381 2067 1424 non
2116 1366 2347 1446 potest.
2456 1352 2464 1358 ’

661 1466 834 1553 Ergo
893 1468 1146 1533 invenit
1207 1466 1431 1531 Editor
1491 1468 1558 1530 in
1626 1471 1989 1532 commento
2036 1468 2245 1551 primo
2292 1465 2437 1547 (1)⁸,
2486 1466 2602 1546 (2),
2650 1466 2794 1547 (3)=,
2844 1468 2969 1549 (5),

569 1572 731 1653 (7)¹²;
780 1576 917 1658 ipse
961 1575 1233 1638 inseruit
1282 1570 1430 1652 (Db,
1473 1570 1619 1653 (3)b,
1666 1571 1794 1651 (w,
1840 1579 1902 1637 et
1949 1571 2342 1658 Compilator
2386 1594 2421 1639 e
2468 1576 2757 1660 margine
2796 1573 2920 1655 (6).

659 1678 862 1744 Ibid.
915 1676 968 1741 V
1019 1678 1077 1743 6.
1107 1678 1263 1764 5sq.
1339 1676 1718 1765 Glycerium
1767 1700 1912 1744 suos
1960 1686 2252 1764 parentes
2304 1683 2583 1765 repperit
2772 1682 2973 1746 Pater

437 1822 448 1831 ·
569 1786 817 1850 amicus
863 1806 1160 1851 summus
1207 1786 1388 1852 nobis
1447 1818 1456 1827 ·

660 1890 822 1957 Don.
864 1891 943 1957 ad
983 1875 1022 1956 5
1049 1892 1144 1972 (1)
1195 1891 1368 1957 Haec
1405 1894 1497 1956 ita
1537 1898 1879 1957 narrantur
1918 1891 2113 1976 Davo,
2160 1898 2234 1957 ut
2272 1892 2494 1958 eadem
2534 1913 2721 1978 opera
2759 1895 2965 1958 etiam

571 1996 892 2065 Charinus
958 1998 1196 2064 audiat.
1337 1999 1453 2064 Ed.
1519 2000 1639 2064 hoc
1688 2001 1991 2085 repetivit
2036 1999 2115 2063 ad
2166 1998 2205 2063 6
2232 2000 2327 2079 (1)
2373 1998 2548 2064 Haec
2594 2002 2845 2077 omnia,
2892 2007 2971 2063 uc

576 2105 858 2183 diximus,
908 2113 1170 2192 propter
1215 2104 1570 2173 Charinum
1620 2106 1943 2184 dicuntur,
1992 2112 2068 2171 ut
2112 2107 2350 2173 audiat.

662 2211 1095 2277 Simillimum
1143 2212 1510 2298 exemplum
1560 2215 1957 2298 repetitionis
2003 2234 2118 2297 per
2156 2220 2224 2301 πή
2259 2213 2521 2276 diximus
2558 2216 2727 2277 intra
2765 2214 2969 2277 unius

575 2318 802 2384 scholii
850 2322 1128 2404 spatium
1179 2340 1371 2404 snpra
1417 2318 1810 2384 attendimus
1858 2318 1936 2384 ad
1980 2318 2147 2383 Eun.
2195 2317 2256 2382 II
2306 2317 2365 2383 3.
2397 2319 2479 2382 14
2505 2318 2600 2398 (2)
2648 2324 2712 2383 et
2748 2318 2866 2397 (4).

662 2424 1093 2509 Adelphos
1155 2423 1218 2489 ΙΙ
1284 2424 1413 2488 3.5
1459 2446 1550 2510 sq.
1615 2424 1841 2510 Itaque
1904 2446 2098 2489 unam
2163 2424 2324 2488 hanc
2388 2446 2525 2489 rem
2574 2444 2677 2489 me
2725 2422 2969 2488 habere

568 2537 821 2618 praeter
879 2530 1036 2598 alios
1097 2534 1506 2617 praecipuam
1571 2530 1868 2609 arbitror,
1932 2532 2194 2597 fratrem
2242 2531 2488 2597 homini
2534 2532 2776 2597 nemini
2820 2552 2969 2597 esse

571 2641 926 2725 primarum
978 2641 1215 2704 artium
1265 2641 1475 2725 magis
1520 2640 1877 2725 principem

635 2733 758 2827 ’(1)
807 2744 986 2812 Nove
1036 2746 1200 2810 dixit
1249 2767 1485 2823 „unam
1536 2746 1716 2810 rem”
1773 2745 2139 2824 „fratrem''.
2310 2745 2407 2825 (2)
2454 2745 2579 2810 Sed
2628 2765 2748 2832 ego
2796 2751 2967 2829 puto

570 2853 876 2932 „fratrem
942 2875 1064 2917 non
1126 2852 1779 2939 subdistinguendum
1844 2852 1952 2917 sed
2012 2849 2359 2938 legendum
2414 2857 2707 2916 contexte
2752 2871 2966 2935 usque

567 2959 648 3024 ad
691 2960 1127 3043 „principem”
1149 2977 1166 3036 ς
1210 2979 1358 3022 nam
1400 2961 1455 3022 si
1499 2959 1869 3024 distinxeris
1914 2957 2286 3036 „fratrem’',
2328 2958 2425 3022 bis
2450 2959 2573 3022 erit
2600 2956 2983 3034 „arbitror”2

565 3063 1110 3141 subaudiendum,
1163 3069 1227 3129 et
1274 3085 1469 3150 supra
1515 3071 1580 3130 et
1627 3065 1794 3130 infra
1810 3087 1825 3144 ;
1876 3063 2101 3150 quodsi
2157 3063 2501 3142 „fratrem”
2547 3063 2965 3128 inferioribus

562 3172 848 3234 iunxeris
887 3175 992 3234 -et
1067 3191 1217 3234 cum
1299 3170 1722 3235 admiratione
1809 3169 2329 3255 pronuntiabitur
2400 3173 2465 3233 et
2534 3168 2963 3234 subaudietur

567 3296 804 3361 „quam
854 3276 1082 3340 mihi”.
1130 3276 1313 3341 Hanc
1359 3297 1508 3342 sane
1544 3275 1935 3342 locutionem
1976 3280 2135 3340 scire
2175 3275 2481 3340 debemus
2520 3281 2779 3361 propter
2814 3297 2961 3361 per-

563 3401 786 3445 sonam
835 3381 996 3461 (scil.
1046 3381 1366 3468 loquentis
1413 3381 1845 3468 Ctesiphonis)
1895 3381 2320 3447 elaboratam:
2372 3402 2520 3446 nam
2565 3387 2628 3447 et
2671 3382 2951 3446 nimium

563 3487 808 3574 gaudet
869 3494 934 3552 et
997 3492 1275 3554 rusticus
1323 3489 1692 3554 adulescens
1740 3495 1870 3568 est,
1922 3492 2031 3574 qui
2076 3495 2344 3554 conatur
2390 3486 2651 3553 laudare
2696 3489 2957 3553 Aeschi-

565 3616 726 3660 num
777 3595 1074 3660 tibubans
1123 3617 1194 3661 ac
1241 3617 1436 3682 paene
1477 3596 1861 3662 balbutiens.
2001 3593 2100 3675 (3)
2149 3595 2537 3672 „Hominem
2579 3594 2948 3660 neminem'’

565 3723 729 3768 nove
794 3703 1056 3768 auribus
1119 3705 1385 3780 nostris,
1451 3703 1559 3768 sed
1617 3710 1911 3768 veterum
1975 3701 2440 3767 consuetudine
2503 3699 2756 3767 locutus
2817 3707 2952 3779 est,

563 3829 715 3873 nam
764 3830 911 3875 cum
959 3812 1281 3875 neminem
1335 3808 1423 3895 <n
1443 3811 1522 3899 e>
1573 3809 1990 3876 hominem
2041 3805 2587 3896 significet,'quid
2629 3828 2787 3892 opus
2824 3807 2956 3873 fuit

481 3981 489 3988 ,
563 3916 769 3981 dicere
820 3917 1190 3992 „hominem
1237 3912 1651 3980 neminem’'?
1835 3914 1931 3996 (4)
1980 3915 2137 3997 Sed,
2182 3921 2247 3978 ut
2286 3915 2569 3992 diximus,
2609 3913 2817 4000 figura
2854 3919 2957 3978 est

564 4022 942 4100 ἁρχαισμὸς.

653 4127 746 4192 Ut
807 4131 874 4191 in
937 4130 1261 4214 superiore
1321 4129 1458 4194 loco
1520 4129 1748 4194 Editor
1807 4129 1911 4194 hic
1976 4148 2226 4214 quoque
2288 4130 2356 4192 in
2421 4129 2517 4209 (4)
2579 4148 2691 4213 per
2734 4129 2841 4190 sed
2882 4134 2957 4190 ut

567 4232 830 4296 diximus
879 4237 1100 4298 statim
1149 4237 1384 4320 repetit
1427 4237 1690 4299 initium
1738 4235 2172 4320 praecedentis
2220 4233 2335 4314 (3).

655 4336 914 4404 Scholia
953 4339 1051 4419 (1)
1090 4345 1154 4404 et
1191 4339 1286 4415 (2)
1324 4339 1560 4408 idcirco
1601 4339 1861 4418 rettuli,
1903 4343 2055 4425 quia
2098 4342 2164 4404 in
2197 4340 2394 4424 huius
2420 4361 2670 4425 quoque
2695 4336 2953 4405 fabulae

557 4449 918 4512 commento
956 4445 1326 4532 exemplum
1367 4447 1670 4532 praebent
1704 4448 1998 4527 rationis,
2040 4465 2235 4533 quam
2275 4445 2475 4514 semel
2508 4449 2871 4534 iterumque
2910 4467 2951 4512 a
