3246 5085
583 324 715 391 154
1591 331 1967 382 rumonim.

578 506 631 570 οἷ
695 502 971 583 ἡμέτεροι
1035 498 1296 578 ἀδελφοὶ
1363 500 1422 563 οί
1491 498 1568 563 ἐν
1613 496 1879 563 ’Λιδου
1926 496 2188 576 νόμοι,
2238 497 2349 564 sed
2400 502 2802 583 postremum
2847 498 2975 563 hoc

575 609 988 696 Hirschigiue
1033 609 1183 672 iam‘
1214 605 1487 672 viderat.

666 842 828 909 Ibid.
895 840 1087 906 5113:
1158 844 1407 919 μᾶλλον
1482 838 1769 904 θωπεύειν
1836 838 1932 903 δεῖ
1996 812 2271 918 πατρίδα
2340 840 2857 918 χαλεπαίνουσαν
2928 840 2969 915 ἢ

578 948 930 1026 πατέρα·
997 948 1102 1013 hic
1151 948 1408 1013 etiamsi
1453 945 1635 1011 brevi
1683 950 1829 1032 poet
1874 952 2213 1030 sequatur:
2263 945 2595 1027 βιάζεσθαι
2643 948 2762 1027 οὐχ
2810 942 2973 1012 ὅσιον

579 1055 718 1121 οὔτε
765 1056 1004 1133 μητέρα
1051 1051 1190 1118 οὔτε
1237 1052 1520 1131 πατέρα,
1568 1050 1731 1116 πολὺ
1780 1051 1842 1115 δὲ
1890 1054 2118 1118 τούτων
2168 1050 2258 1116 ἔτι
2302 1049 2481 1129 ἦττον
2519 1056 2628 1127 τὴν
2669 1052 2968 1131 πατρίδα,

577 1162 994 1227 temerarium
1041 1158 1304 1223 fortasse
1351 1158 1518 1223 foret
1561 1155 1978 1242 interpolare:
2029 1156 2062 1231 ἢ
2102 1158 2349 1234 πατέρα
2392 1156 2557 1237 (καὶ
2600 1155 2969 1238 μητέρα),

579 1268 704 1332 nisi
763 1265 882 1332 hoc
945 1267 1163 1351 ipsum
1226 1269 1475 1329 extaret
1531 1263 1702 1349 apud
1748 1262 2095 1329 Stobaeum
2141 1262 2313 1328 Flor.
2362 1262 2652 1327 XXXIX
2695 1262 2804 1342 23,
2856 1266 2971 1349 qui

581 1378 785 1438 totam
833 1373 1174 1457 pericopen
1220 1369 1573 1454 descripsit.
1799 1368 1807 1381 '

671 1605 833 1670 Ibid.
894 1603 1088 1669 53D:
1152 1603 1290 1675 ἴσως
1354 1602 1431 1668 ἂν
1493 1602 1675 1677 ἡδέως
1737 1624 1845 1666 σου
1903 1600 2174 1666 αἰιούοιεν
2220 1602 2299 1674 ὥς
2346 1605 2696 1679 γελοίως
2745 1604 2813 1668 ἐκ
2859 1608 2969 1669 τοῦ

583 1710 989 1788 δεσμωτηρίου
1052 1708 1495 1787 ὦπεδίδρασκες
1553 1710 1775 1782 σκευήν
1837 1704 1907 1769 τὲ
1972 1730 2109 1770 τινα
2160 1708 2544 1785 περιθέμενος
2594 1708 2629 1784 ἢ
2679 1708 2969 1787 διφθέραν

586 1816 823 1890 λαβών.
890 1814 1138 1900 Nempe
1202 1815 1442 1893 γελοί
1456 1837 1549 1885 ως
1609 1816 1708 1878 est
1770 1810 2031 1876 lectoris
2096 1812 2460 1892 adnotatio,
2535 1816 2641 1879 cui
2702 1812 2970 1881 ridicula

585 1922 806 2005 imago
855 1917 1197 1985 videbatur
1243 1918 1520 1984 Socratis
1565 1916 1685 1981 sub
1729 1915 2023 1982 indecora
2070 1917 2236 2003 pelle
2279 1917 2618 1984 latitantis,

677 2152 838 2220 Ibid.
907 2151 1100 2217 53E:
1169 2150 1588 2230 εὐωχούμενος
1653 2151 1711 2214 ἒν
1775 2150 2244 2233 Θετταλία,
2301 2147 2499 2230 ὥσπερ
2566 2151 2665 2215 ἐπὶ
2730 2151 2971 2216 δεῖπνον

584 2257 1060 2334 ἆποδεδημηκὼς
1124 2258 1211 2330 είς
1260 2244 1642 2321 Θετταλίαν.
1709 2254 1886 2321 Idem
1934 2254 2320 2322 vocabulum
2365 2276 2595 2342 parum
2641 2254 2975 2345 eleganter

593 2368 944 2451 repetitur:
1009 2363 1317 2428 scribam:
1391 2364 1450 2425 ἐν
1511 2362 1762 2445 θαλίςι
1823 2360 1929 2427 vel
2001 2362 2267 2428 fortasse
2341 2365 2398 2426 ἐν
2469 2364 2753 2440 θαλίαις,
2820 2363 2973 2430 coll.

587 2472 746 2556 Rep.
811 2470 907 2534 IX
971 2466 1214 2533 573D:
1288 2468 1485 2548 ἑορταὶ
1558 2468 1883 2546 γίγνονται
1950 2444 2097 2551 παρ’
2161 2469 2372 2539 αὐτοῖς
2436 2468 2537 2532 καὶ
2602 2475 2791 2542 κῶμοι
2861 2471 2967 2534 καὶ

593 2578 804 2642 θαλίαι
856 2576 958 2639 καὶ
1011 2575 1248 2652 ἑταῖραι
1299 2574 1400 2638 καὶ
1452 2575 1534 2638 τὰ
1577 2579 1838 2638 τοιαῦτα
1882 2557 2117 2637 πάντα.
2160 2571 2459 2638 Ceterum
2500 2574 2975 2640 concedendum

586 2688 680 2749 eet
720 2681 1056 2747 Platonem
1093 2686 1170 2746 ut
1208 2679 1567 2764 plurimum
1599 2681 1787 2753 θοίνην
1820 2678 2171 2764 appellare,
2211 2678 2478 2745 Phaedr.
2507 2679 2707 2745 2363
2747 2679 2879 2746 247
2894 2681 2971 2760 B,

587 2789 816 2877 Symp.
887 2784 1101 2864 1740,
1164 2785 1424 2852 Theaet.
1480 2784 1611 2851 178
1630 2785 1705 2861 D,
1764 2784 2043 2869 Sophiet.
2096 2784 2299 2850 251ss
2344 2793 2659 2872 eruntque
2704 2785 2975 2853 fortasse

588 2898 700 2982 qui
760 2894 882 2959 hoc
927 2896 1145 2979 ipsum
1191 2891 1572 2979 praeferant.
1619 2890 1967 2956 Schanzius
2016 2896 2235 2956 autem
2281 2891 2347 2957 et
2392 2890 2506 2957 alii
2551 2897 2698 2978 poet
2738 2890 2977 2958 Soban-

583 2993 759 3065 zium
824 2999 883 3062 ἐν
936 3000 1263 3080 Θετταλίᾳ
1310 3017 1345 3062 e
1395 3002 1580 3062 textu
1626 2994 2063 3060 eliminarunt.

1507 3262 1596 3309 AD
1640 3261 1939 3309 PHAEDON
1944 3261 2053 3309 BH.

677 3458 750 3526 P.
803 3457 997 3524 5¹7A:
1062 3455 1242 3533 ἡδέως
1306 3455 1433 3536 γὰρ
1497 3455 1574 3523 ἂν
1636 3457 1758 3535 ἐγὼ
1808 3456 2143 3532 ἀκούσαιμι
2190 3455 2294 3521 καὶ
2344 3457 2475 3536 γὰρ
2522 3457 2661 3523 οὔτε
2705 3464 2824 3522 τῶν
2870 3482 2981 3524 πο-

586 3572 769 3633 λιτῶν
849 3562 1156 3630 Φλιασίων
1223 3561 1420 3634 οὐδεὶς
1492 3563 1659 3628 πάνυ
1727 3587 1784 3627 τι
1859 3560 2247 3645 ἐπιχωριάζει
2320 3563 2404 3628 τὰ
2475 3568 2575 3627 νῦν
2646 3563 2978 3646 Ἀθήναζε.

589 3671 898 3738 Omnium
944 3673 1228 3754 primum
1275 3668 1622 3754 supplebo:
1677 3668 1861 3744 ἡδέως
1908 3669 2033 3748 γὰρ
2082 3667 2157 3733 ἂν
2205 3669 2327 3746 ἐγώ
2375 3674 2565 3748 (σου)
2605 3669 2977 3751 ἀκούσαιμι,

584 3779 696 3845 sed
738 3779 960 3863 gravis
1008 3778 1216 3840 oritur
1261 3772 1580 3840 dubitatio
1631 3777 1796 3840 circa
1846 3775 2279 3841 Phliasiorum
2323 3777 2657 3861 proprium
2702 3798 2935 3843 nomen
2956 3826 2979 3856 ,

583 3882 752 3970 quod
798 3887 942 3968 post
985 3879 1396 3946 Schaeferum
1443 3879 1706 3945 fuerunt
1744 3883 1855 3965 qui
1893 3879 2101 3946 delere
2139 3879 2413 3957 vellent,
2454 3901 2659 3966 quum
2699 3880 2981 3949 Wolfiue

581 3992 818 4053 inserto
879 3985 1149 4053 articulo
1210 3984 1440 4051 mallet
1500 3991 1616 4050 τῶν
1674 3988 1935 4052 πολιτῶν
1999 3991 2170 4065 (τῶν)
2234 3987 2559 4051 Φλιασίων.
2622 3985 2725 4052 Ad
2783 3986 2977 4053 illam

582 4097 897 4160 rationem
959 4094 1170 4178 mag-ie
1216 4090 1484 4157 inclinat
1530 4094 1786 4156 animus
1834 4113 1947 4156 nec
1993 4091 2158 4156 mihi
2205 4095 2348 4176 quie
2395 4093 2650 4156 obiiciat
2695 4091 2975 4160 sciolum

579 4202 741 4266 scire
813 4219 937 4263 non
1007 4201 1294 4282 potuisse
1356 4201 1534 4262 cuias
1597 4201 1763 4262 esset
1825 4195 2234 4274 EchecrateS,
2300 4217 2453 4262 nam
2515 4197 2979 4265 verosimiliter

581 4305 851 4372 habebat
909 4302 1163 4368 aditum
1227 4303 1306 4367 ad
1365 4302 1570 4368 fontes
1634 4301 1823 4368 hodie
1868 4303 2053 4368 nobie
2099 4300 2461 4387 praeclusos
2476 4322 2494 4379 3
2544 4304 2700 4386 quin
2745 4309 2813 4368 et
2854 4327 2975 4372 noe

581 4411 840 4479 aliunde
877 4409 1282 4495 compertum
1321 4408 1634 4476 habemus
1672 4429 1835 4494 quae
1874 4409 2239 4476 Echecratis
2262 4411 2471 4494 patria
2492 4409 2710 4488 fuerit,
2736 4430 2971 4496 nempe
