3246 5085
593 305 678 371 12
1634 317 1947 367 nonnae.

586 490 872 554 dixerat:
931 487 1086 552 dum
1139 491 1393 572 tempus
1439 506 1494 551 e.
1523 506 1582 569 q.
1609 506 1659 550 e.
1701 484 1756 564 (Ι
1796 484 1857 550 2.
1889 483 2020 564 17).
2207 483 2291 550 13
2317 486 2412 566 (2)
2460 506 2717 571 prorsus
2757 485 2989 552 eadem

584 596 785 662 verba
832 594 1162 680 leguntur,
1217 593 1324 657 sed
1374 613 1524 657 cum
1575 591 1934 657 observatio
1980 595 2295 676 pertineat
2332 597 2588 656 tantum
2630 591 2708 656 ad
2747 613 2842 658 vs.
2872 592 2987 670 12,

584 702 886 786 repetitio
937 706 1076 763 orta
1122 698 1381 764 videtur
1429 719 1463 763 e
1508 697 1757 763 librarii
1803 717 2031 763 errore.

679 805 772 870 ΙΙΙ
827 803 887 870 5.
919 803 1067 885 2(Ι)
1114 806 1250 868 sine
1296 808 1453 880 arte,
1503 803 1568 867 id
1617 808 1715 867 est
1752 804 1887 866 eine
1933 803 2142 882 ἀρετῇ.
2282 800 2605 883 Confinxit
2644 802 2763 868 hoc
2802 824 2983 889 mag.

589 933 667 976 ex
714 911 743 975 1
795 911 854 976 1.
884 909 924 974 3
952 908 1066 990 (5).

684 1016 772 1081 IV
820 1016 882 1080 4.
916 1014 999 1079 12
1024 1022 1046 1082 (
1056 1016 1123 1091 1)
1170 1017 1290 1078 Au
1335 1016 1695 1078 interiectio
1742 1019 1836 1078 est
1882 1019 2319 1078 consternatae
2364 1012 2677 1078 mulieris·
2815 1014 2983 1078 Ibid.

595 1122 682 1188 42
731 1143 828 1187 an
877 1122 1237 1186 interiectio
1284 1127 1380 1185 est
1425 1120 1836 1185 conturbatae
1881 1118 2193 1184 mulierie.

683 1342 878 1408 Eun.
945 1342 975 1406 I
1043 1341 1107 1408 2.
1134 1340 1221 1407 23
1263 1341 1362 1419 (3)
1433 1337 1783 1418 „Contineo
1846 1339 2131 1424 optime’'
2195 1341 2451 1425 proprie
2514 1359 2551 1404 a
2609 1339 2991 1424 metaphora

591 1452 760 1514 vasis
825 1447 1172 1513 transtulit
1220 1447 1434 1514 verba.
1620 1446 1720 1510 IP
1769 1452 1896 1522 eet,
1948 1447 2191 1530 opinor,
2239 1448 2351 1530 qui
2395 1445 2517 1510 hoc
2562 1448 2850 1510 ornatius
2896 1467 2992 1509 re-

589 1556 822 1640 petivit
882 1561 948 1618 et
1015 1553 1222 1618 affixit
1295 1551 1539 1617 scholio
1602 1551 1699 1632 (6)
1760 1550 1995 1616 Donati
2057 1550 2135 1614 ad
2199 1549 2305 1627 24,
2357 1553 2481 1615 sic:
2532 1549 2628 1632 (7)
2674 1549 2988 1616 translata

591 1665 811 1723 autem
875 1666 973 1723 est
1036 1660 1115 1723 ab
1163 1661 1428 1742 aquario
1475 1679 1626 1723 vase
1676 1655 1879 1722 fictili.
2064 1655 2412 1721 Sabbad.
2463 1659 2715 1722 cursivo
2761 1656 2985 1721 edidit.

681 1763 731 1828 Ι.
803 1763 1020 1828 1.112
1087 1762 1306 1840 „Isto”
1373 1764 1530 1828 bene
1592 1762 1885 1828 additum
1947 1764 2129 1847 quasi
2192 1763 2517 1840 odioso,
2567 1769 2643 1827 ut
2687 1761 2843 1826 alibi
2886 1765 2984 1840 (in

591 1868 894 1954 Adelph.)
942 1875 1006 1934 et
1057 1868 1244 1955 Verg.
1295 1868 1416 1948 (IX
1464 1867 1576 1947 94)
1628 1917 1642 1933 .
1674 1914 1689 1931 .
1718 1917 1732 1932 .
1783 1868 1937 1932 haec
1986 1870 2158 1931 enim
2204 1870 2582 1952 pronomina
2626 1870 2985 1953 spernentis

593 1983 746 2040 sunt
804 1975 1153 2059 odiumque
1216 1976 1651 2039 monstrantis.
1837 1971 1942 2038 Sic
2004 1971 2104 2050 D„
2170 1994 2357 2058 quem
2409 1975 2705 2038 imitatus
2752 1979 2848 2038 eet
2895 1972 2984 2036 IP

597 2081 675 2145 ad
714 2079 777 2144 II
818 2079 880 2145 3.
909 2079 993 2146 74
1018 2080 1116 2160 (1)
1160 2079 1451 2157 „Istum”
1495 2100 1682 2165 saepe
1722 2079 2166 2144 adnotavimus
2196 2079 2243 2158 ¹)
2284 2086 2398 2144 ant
2437 2079 2514 2144 ad
2538 2085 2985 2164 contemptum

594 2194 707 2251 aut
753 2187 831 2251 ad
880 2188 1099 2252 odium
1149 2186 1406 2263 referri,
1455 2192 1531 2250 ut
1576 2185 1766 2270 Verg.
1809 2184 1880 2264 (l.
1906 2183 1981 2263 l.)
2017 2190 2081 2249 et
2120 2183 2273 2265 (XII
2316 2183 2475 2266 808)
2520 2188 2685 2263 „isto
2720 2185 2985 2270 quidem

596 2293 790 2377 quia”
843 2299 992 2359 cett.
2530 2290 2764 2356 Sabb.
2812 2313 2985 2356 cure.

686 2397 749 2462 II
801 2398 858 2462 1.
888 2396 974 2463 24
1001 2398 1097 2476 (2)
1147 2397 1375 2476 „Facie
1423 2398 1708 2462 honesta.
1759 2396 1863 2462 Sic
1914 2395 2102 2482 Verg.
2144 2396 2201 2476 (Ι
2244 2395 2403 2475 591)
2439 2402 2503 2461 et
2538 2395 2743 2462 laetos
2782 2395 2990 2462 oculis

595 2503 838 2569 afflarat
865 2492 1172 2570 honores,
1334 2502 1396 2568 11
1445 2502 1506 2568 3.
1537 2502 1620 2568 66
1650 2503 1745 2584 (1)
1790 2502 2292 2581 „Inhonestum”
2332 2503 2609 2584 foedum,
2650 2511 2725 2568 ut
2764 2508 2989 2569 contra

594 2609 685 2690 (ΙΙ
735 2610 792 2676 1.
821 2608 935 2691 24)
988 2610 1186 2687 „facie
1225 2610 1554 2675 honesta’'.
1605 2608 1701 2689 (2)
1740 2616 1815 2674 ut
1852 2609 2025 2695 apud
2066 2608 2253 2695 Verg.
2304 2614 2422 2673 etc.
2553 2608 2646 2673 ΙΙΙ
2684 2606 2747 2674 2.
2774 2608 2855 2673 21
2885 2608 2986 2689 (2)

599 2714 966 2793 „Honestus
1013 2716 1152 2779 est'’
1213 2714 1496 2799 pulcher.
1545 2713 1738 2800 Verg.
1788 2720 1907 2780 etc.
2092 2713 2483 2799 Exemplum
2529 2713 2721 2800 Verg.
2770 2736 2807 2781 a
2854 2736 2989 2780 ma-

593 2823 818 2905 gistris
842 2823 1190 2906 repetitum
1216 2842 1250 2886 e
1275 2823 1484 2906 prima
1506 2821 1806 2884 citatione
1830 2818 2061 2884 Donati
2087 2820 2165 2883 ad
2188 2818 2251 2883 II
2282 2822 2337 2885 l.
2366 2820 2472 2883 24.
2538 2820 2583 2885 S
2602 2820 2695 2885 ab
2713 2820 2773 2885 b.
2816 2841 2984 2885 cure.

682 2924 745 2990 II
794 2926 856 2991 2.
887 2926 926 2990 6
953 2927 1050 3005 (1)
1116 2925 1326 3006 „Quid
1389 2929 1594 3005 istuc,
1660 2928 1957 3010 inquam,
2010 2928 2217 2989 ornati
2264 2925 2404 2990 est’'
2455 2924 2629 2990 Scire
2676 2947 2791 2991 noe
2838 2947 2984 2991 con-

591 3034 804 3107 venit,
854 3052 1004 3095 cum
1051 3038 1224 3096 recto
1267 3052 1417 3097 casu
1455 3031 1779 3117 profertur
1815 3033 2237 3116 interrogatio
2255 3078 2271 3109 ,
2319 3052 2444 3095 non
2486 3052 2622 3096 esee
2662 3039 2985 3097 contume-

591 3136 869 3212 liosum,
920 3142 996 3200 nt
1043 3140 1097 3201 ei
1143 3137 1393 3202 dicatur
1443 3140 1630 3223 „quie
1676 3139 1782 3201 hic
1828 3138 2021 3201 homo
2069 3138 2207 3201 est’'
2256 3136 2547 3216 (Phorm.
2597 3137 2649 3201 V
2700 3137 2760 3202 9.
2788 3136 2853 3202 2.
2900 3138 2980 3203 cf.

592 3242 758 3307 Eun.
805 3240 891 3305 IV
942 3242 1003 3307 4.
1033 3241 1122 3321 9),
1171 3246 1225 3306 ei
1273 3248 1490 3307 autem
1541 3264 1701 3320 non,
1749 3247 2196 3327 contemptum
2246 3243 2627 3329 significari,
2669 3251 2745 3307 ut
2785 3244 2983 3329 „quid

593 3349 711 3413 hoc
753 3353 847 3411 eet
885 3347 1205 3412 hominie”
1247 3346 1438 3427 (Eun.
1481 3347 1574 3413 III
1615 3348 1677 3413 4.
1708 3346 1797 3428 8),
1851 3347 2047 3433 „quid
2071 3347 2405 3413 mulierie”
2432 3348 2613 3428 (Hec.
2643 3348 2730 3413 IV
2756 3347 2816 3414 4.
2844 3348 2981 3429 21),

671 3600 721 3662 1)
775 3597 886 3645 Non
943 3598 1140 3662 „saepe”
1193 3598 1272 3646 scd
1312 3596 1474 3657 semel,
1520 3613 1687 3663 nempe
1734 3598 1793 3646 ad
1831 3598 1855 3647 1
1892 3598 1937 3647 1.
1961 3598 2070 3649 112.
2109 3598 2355 3648 Eiusmodi
2388 3599 2689 3663 exaggeratio
2722 3603 2771 3649 et
2804 3602 2983 3665 figurae

594 3679 751 3745 qualis
799 3694 904 3727 mox
956 3683 1067 3728 ‚aut
1102 3680 1160 3728 ad
1193 3696 1233 3731 c.
1266 3682 1352 3729 aut
1385 3680 1444 3728 ad
1479 3678 1589 3728 od.”
1636 3680 1718 3740 (cf.
1750 3678 1894 3728 verba
1930 3682 2073 3743 Don.)
2106 3680 2156 3729 in
2192 3681 2376 3730 deliciis
2408 3685 2521 3731 sunt
2555 3682 2900 3748 Interpolatori
2934 3686 2984 3731 et

593 3762 856 3811 identidem
908 3776 1101 3810 manum
1154 3762 1256 3811 eius
1305 3761 1529 3827 produnt.
1585 3763 1810 3811 Ceterum
1864 3763 1988 3826 qnod
2043 3762 2165 3813 dixit
2220 3763 2630 3823 ‚adnotavimue’2
2682 3770 2736 3814 nt
2779 3780 2924 3829 eupra
2956 3763 2983 3811 I

601 3846 640 3892 l.
666 3844 834 3905 100(2)
875 3843 1206 3892 -notnvimus”
1238 3847 1286 3893 et
1321 3844 1434 3893 alibi
1475 3849 1558 3893 ‚nt
1593 3842 1852 3903 diximus”,
1886 3844 2047 3894 minor
2080 3846 2135 3893 fit
2170 3846 2284 3895 haee
2318 3846 2609 3909 arrogantie.
2638 3847 2678 3895 ei
2706 3845 2807 3911 ipae
2834 3861 2984 3894 novus

593 3926 850 3975 commenti
899 3926 1055 3975 editor
1104 3925 1302 3976 exstitit.
1359 3930 1430 3975 De
1478 3942 1564 3976 sno
1616 3926 1802 3977 addidit
1848 3926 2056 3976 alterum
2108 3927 2377 3993 exemplum
2424 3926 2561 3991 Verg.
2611 3942 2703 3976 non
2749 3928 2983 3993 ineptum.

595 4007 667 4056 Cf.
704 4006 833 4055 infra
868 4008 976 4056 adn.
1013 4009 1072 4057 ad
1107 4009 1252 4057 Andr.
1293 4008 1333 4055 V
1371 4010 1415 4057 6.
1439 4012 1468 4057 5
1504 4013 1552 4058 et
1587 4008 1743 4059 multo
1778 4012 1887 4074 poet
1924 4010 1982 4057 ad
2017 4010 2140 4058 Eun.
2176 4009 2203 4059 1
2236 4010 2282 4058 2.
2303 4011 2382 4060 ⁹8.

661 4089 718 4153 2)
753 4090 965 4138 Attende
998 4105 1140 4153 quam
1177 4090 1301 4139 nihil
1335 4092 1458 4139 decit
1494 4091 1604 4140 huic
1638 4090 1821 4140 scholio
1856 4090 1915 4139 ad
1950 4090 2141 4156 plenam
2178 4092 2246 4140 rei
2279 4090 2648 4154 intelligentiam
2678 4094 2725 4139 et
2754 4090 2988 4156 exemplo-

595 4186 703 4221 rum
739 4172 940 4235 copiam.
979 4170 1084 4219 Hoc
1117 4187 1287 4221 moneo
1323 4178 1490 4221 contra
1523 4188 1617 4233 eoa,
1652 4174 1735 4237 qui
1772 4178 2073 4237 excerpta
2106 4176 2296 4222 tantum
2329 4173 2523 4237 genuini
2562 4172 2739 4223 Donati
2771 4172 2906 4222 nobie
2934 4174 2985 4222 in

594 4258 862 4303 commento
908 4269 1148 4317 superesse
1181 4256 1484 4304 contendant.
1523 4256 1679 4304 Immo
1714 4256 1940 4320 pleraque
1979 4256 2159 4305 scholia
2194 4254 2409 4305 Donatea
2444 4254 2660 4305 absoluta
2694 4260 2741 4304 et
2776 4256 2985 4322 perfecta

594 4352 648 4383 ee
700 4335 907 4383 rotunda
957 4340 1084 4393 sunt,
1118 4336 1158 4383 si
1189 4336 1326 4384 inodo
1361 4336 1756 4399 interpolationes
1790 4338 2058 4387 demantur.
2096 4340 2255 4402 Quam
2288 4338 2376 4385 hoc
2410 4353 2575 4387 verum
2608 4338 2673 4386 eit
2704 4338 2983 4403 plerumque

594 4418 710 4483 ipsis
745 4416 999 4465 lectoribus
1033 4416 1378 4468 observandum
1415 4417 1697 4481 relinquam.
1724 4418 1863 4487 ‘Er-it,
1898 4418 1980 4469 ubi
2008 4421 2066 4468 ad
2098 4420 2218 4469 hanc
2244 4419 2599 4469 adnotationem
2628 4436 2707 4469 eos
2737 4419 2981 4469 revocabo.
