3246 5085
1299 351 1610 398 nonnus.
2598 331 2636 396 5

257 521 478 582 mento
543 537 677 581 esse
740 521 952 602 potest
1000 541 1114 592 -3
1167 518 1440 602 denique
1502 517 1578 582 de
1643 513 2117 582 Commentario
2178 519 2405 602 Aspri,
2456 520 2639 581 cuius

255 644 338 687 ne
398 627 571 687 aetas
629 622 886 707 quidem
948 629 1119 687 certo
1168 622 1416 688 definiri
1461 628 1704 707 potest,
1753 621 1963 706 qualis
2008 622 2240 700 fuerit,
2288 622 2453 687 nihil
2498 644 2641 688 con-

257 733 388 793 stat
433 735 614 792 extra
658 727 830 792 locos
875 729 1101 793 citatos
1149 749 1184 792 a
1229 727 1510 805 Donate,
1561 733 1626 792 et
1672 727 1843 812 quod
1888 727 2037 792 inde
2082 727 2489 793 coniectando
2530 727 2642 793 ali-

255 819 574 919 quatenus
637 833 866 898 deduci
926 836 1160 919 possit,
1226 840 1300 898 ut
1363 836 1677 898 iniustum
1730 835 1817 898 sit
1860 835 2099 898 incerta
2142 840 2207 898 et
2253 836 2465 920 ignoti
2510 836 2640 899 fere

253 941 538 1004 hominis
600 942 988 1025 praestantia
1048 940 1228 1004 abuti
1285 939 1364 1003 ad
1411 941 1738 1003 notissimi
1782 939 2065 1004 hominis
2111 939 2354 1003 famam
2403 940 2641 1004 obtrec-

253 1045 536 1110 tandam.
586 1045 673 1108 At
723 1065 908 1122 vere,
959 1047 1154 1110 etiam
1202 1046 1260 1110 si
1297 1064 1331 1109 e
1368 1050 1466 1110 tot
1505 1045 1896 1109 scholiorum
1937 1043 2227 1109 millibus
2266 1066 2466 1130 pauca
2501 1044 2636 1122 illa,

254 1153 372 1216 ubi
436 1158 683 1217 veteres
747 1154 1045 1230 citantur,
1108 1154 1266 1236 ipsis
1327 1150 1562 1216 fabulis
1607 1172 1733 1215 non
1778 1153 2082 1237 inspectis
2130 1150 2444 1236 descripta
2491 1158 2641 1215 sunt

255 1279 335 1323 ex
385 1257 589 1344 Aspro
633 1257 738 1322 vel
786 1257 1028 1335 Probo,
1075 1256 1244 1343 quod
1290 1257 1499 1322 adhuc
1544 1277 1659 1320 nec
1704 1278 1870 1342 nego
1918 1277 2121 1342 neque
2160 1256 2455 1335 adfirmo,
2497 1257 2641 1322 ideo

254 1363 387 1428 illis
425 1361 660 1428 Donati
698 1364 1089 1440 virtutibus,
1129 1383 1288 1449 quas
1333 1383 1524 1448 supra
1564 1366 2071 1428 commemoravi
2108 1369 2173 1427 et
2210 1363 2379 1427 unde
2411 1362 2641 1448 ponde-

253 1471 384 1533 rari
431 1468 619 1533 debet
655 1468 1047 1533 scholiorum
1085 1468 1452 1546 authentia,
1494 1468 1662 1533 nihil
1703 1468 2082 1545 detrahitur,
2121 1468 2634 1552 quandoquidem

257 1573 506 1639 dicendi
574 1573 922 1661 elegantia,
995 1575 1221 1639 iudicii
1285 1557 1528 1639 sanitas
1590 1574 1789 1639 simul
1842 1579 1915 1656 ‚et
1975 1573 2333 1661 subtilitas,
2394 1577 2643 1660 ingenii

258 1701 562 1758 acumen,
628 1680 877 1766 aliaque
927 1680 1244 1745 eiusmodi
1288 1681 1488 1757 bona,
1537 1679 1874 1745 facultates
1922 1687 2073 1745 sunt
2121 1701 2158 1744 a
2206 1683 2458 1746 nemine
2502 1702 2642 1745 mu-

258 1793 372 1852 tuo
422 1791 719 1872 sumptae
765 1786 874 1852 sed
922 1786 1065 1851 Aeli
1111 1789 1425 1872 propriae.

346 1892 483 1958 Iam
544 1913 696 1958 vero
758 1894 940 1957 iuxta
1005 1895 1446 1977 quaestionem
1508 1891 1585 1956 de
1648 1891 2038 1957 scholiorum
2104 1893 2472 1956 auctoribus
2517 1891 2641 1956 alia

255 2005 354 2064 est
398 2019 524 2064 non
573 2001 790 2063 minus
834 1999 1132 2064 intricata
1176 2003 1242 2064 et
1289 1997 1565 2062 difficilis
1613 1997 1689 2062 de
1738 1995 2103 2063 Commenti
2148 2000 2638 2082 compositione,

255 2125 486 2190 nempe
547 2125 672 2189 qua
731 2107 978 2169 ratione
1037 2104 1520 2169 adnotationum
1574 2103 1829 2188 farrago
1877 2104 2147 2189 originis
2191 2109 2255 2168 et
2304 2103 2641 2188 dignitatis

256 2218 392 2275 tam
457 2212 672 2276 variae
733 2209 1048 2294 paulatim
1110 2208 1438 2274 coaluerit.
1511 2208 1653 2273 Hoc
1698 2211 2029 2293 aenigma,
2082 2208 2250 2293 quod
2298 2207 2643 2273 Sabbadini

263 2336 414 2382 vere
480 2313 830 2400 appellavit
903 2314 1006 2392 „la
1074 2314 1276 2400 sfinge
1345 2313 1745 2379 Donatiana'’
1816 2313 1907 2394 (II
1972 2313 2103 2394 12),
2173 2314 2638 2400 pedetemptim

262 2421 646 2486 solvendum
707 2427 802 2486 est
864 2441 978 2507 per
1023 2421 1446 2507 hypotheses,
1498 2441 1659 2504 quae
1705 2419 1999 2506 deinceps
2044 2421 2403 2506 ponendae,
2453 2441 2639 2485 excu-

257 2527 557 2605 tiendae,-
628 2528 1070 2614 corrigendae,
1142 2527 1511 2593 refutandae
1574 2532 1763 2604 sunt,
1836 2527 2029 2593 donec
2098 2527 2357 2593 taudem
2428 2527 2640 2615 aliqua

253 2639 571 2710 nascatur,
612 2654 774 2718 quae
812 2633 890 2698 ad
920 2635 1265 2700 veritatem
1289 2635 1578 2717 proxime
1600 2633 1890 2699 accedere
1916 2632 2230 2698 videatur.
2272 2634 2640 2700 Permultas

254 2740 570 2806 eiusmodi
634 2740 968 2805 doctorum
1030 2741 1423 2805 coniecturas
1482 2742 1799 2804 recensuit
1860 2738 2011 2803 Sab
2032 2740 2322 2804 badini
2387 2739 2507 2819 (St.
2555 2739 2635 2805 It.

253 2846 317 2911 Π
367 2844 635 2924 5—15),
689 2847 919 2930 quibus
966 2848 1220 2911 reiectis
1267 2848 1405 2930 ipse
1443 2865 1673 2910 novam
1716 2844 2007 2929 protulit,
2050 2865 2245 2929 quam
2287 2846 2641 2910 Wessne-

255 2972 390 3015 rus
434 2951 733 3035 probavit
779 2958 842 3015 et
887 2954 1245 3017 accuratius
1291 2954 1380 3017 sic
1426 2950 1765 3035 descripsit
1811 2951 1877 3012 in
1925 2950 2120 3034 praef.
2171 2972 2232 3035 p.
2282 2968 2413 3015 xnv
2440 2972 2530 3035 sq.

349 3054 597 3135 „Quem
668 3059 780 3135 (sc.
851 3055 1222 3137 Sabbadini)
1292 3056 1702 3143 potissimum
1774 3060 2034 3119 secutus
2104 3058 2195 3120 sic
2263 3056 2428 3121 mihi
2498 3078 2637 3122 rem

256 3164 624 3247 composui:
689 3164 1048 3247 genuinum
1098 3163 1331 3228 Donati
1381 3160 1835 3229 Commentum
1886 3164 1955 3225 in
2001 3161 2273 3226 duorum
2322 3170 2637 3249 excerpto-

254 3287 404 3332 rum
443 3287 670 3331 manus
706 3266 936 3331 incidit
973 3271 1083 3352 qui
1123 3276 1375 3334 servato
1413 3270 1691 3333 auctoris
1730 3268 1989 3331 nomina
2026 3267 2263 3333 scholia
2284 3271 2638 3334 maximam

253 3378 507 3458 partem
567 3371 714 3457 plus
776 3374 1074 3439 minusve
1137 3375 1588 3439 transformata
1643 3376 1709 3438 in
1772 3373 2302 3438 Terentianorum
2348 3374 2641 3441 codicum

255 3480 618 3564 marg-inem
679 3477 1162 3543 transtulerunt.
1227 3480 1616 3545 Procedente
1678 3486 1965 3564 tempore
2026 3482 2244 3543 evenit
2304 3486 2379 3543 ut
2426 3482 2640 3545 variae

256 3584 690 3649 adnotationes
751 3584 1037 3651 diversae
1099 3587 1366 3672 orig-inis
1426 3587 1562 3650 sive
1621 3586 1701 3650 ab
1760 3587 1921 3670 ipsis
1984 3587 2455 3671 excerptoribus
2503 3590 2640 3653 sive

256 3691 336 3755 ab
397 3688 544 3755 aliis
605 3689 1024 3756 edicerentur.
1083 3691 1251 3757 Tum
1298 3700 1476 3757 sexto
1525 3690 1777 3757 saeculo
1810 3691 1857 3772 ¹)
1905 3694 2117 3756 nescio
2165 3694 2308 3776 quis
2356 3692 2481 3757 duo
2526 3692 2641 3758 illa

255 3792 644 3863 scholiorum
705 3818 968 3883 corpora
1025 3798 1371 3864 admodum
1435 3804 1622 3864 aucta
1680 3801 1748 3862 in
1811 3820 2015 3863 unum
2077 3820 2302 3884 cogere
2350 3799 2638 3876 studuit,

255 3910 446 3989 atque
506 3924 642 3968 rem
687 3907 780 3969 ita
826 3907 1113 3969 instituit
1159 3912 1232 3970 ut
1277 3908 1562 3990 primum
1612 3904 1901 3991 sing-ulos
1948 3904 2340 3970 scholiorum
2389 3906 2643 3971 ordines

319 4210 368 4272 1)
419 4207 757 4259 Sebbedini
811 4208 862 4257 11
908 4208 971 4257 Βῆ
1018 4208 1125 4257 edu.
1176 4208 1432 4257 commenti
1478 4208 1632 4257 nostri
1676 4211 1863 4257 textum
1908 4208 2221 4258 coustitutum
2268 4224 2367 4257 esee
2426 4210 2639 4275 disputat

250 4294 382 4342 intra
426 4308 542 4341 saec.
591 4292 666 4340 VI
699 4296 748 4339 et
782 4290 893 4350 vn,
931 4292 1292 4339 Wessnerue
1327 4290 1474 4357 praef.
1513 4306 1558 4355 p.
1593 4304 1695 4339 xcv
1729 4290 2001 4339 accuratius
2035 4294 2223 4355 tempus
2256 4291 2491 4352 definivit,
2524 4309 2631 4341 con·

255 4375 473 4425 cludens:
513 4374 697 4423 ‚Nulla
733 4390 783 4421 re
818 4373 968 4437 igitur
1003 4372 1311 4437 impedimur,
1347 4373 1463 4436 quin
1501 4373 1658 4421 medio
1694 4374 1792 4421 fere
1825 4372 2012 4421 sacculo
2044 4372 2113 4422 VI
2148 4388 2250 4421 eam
2289 4390 2409 4437 quae
2443 4378 2645 4423 aetatem

256 4458 372 4507 tulit
405 4458 696 4507 scholiorum
734 4456 1132 4505 Terentianorum
1170 4456 1488 4505 recensionem
1525 4472 1623 4504 esse
1662 4460 1819 4504 ortem
1852 4470 2109 4504 sumamus.
