3246 5085
578 321 710 388 348
1637 337 1890 387 numus.

583 489 829 577 iterum
890 510 1193 595 scriptam
1212 529 1228 587 ;
1286 508 1750 574 restituendam
1812 526 1950 573 esse
2003 509 2276 574 formam
2333 505 2686 573 archaicam
2733 529 2819 570 em
2866 505 2987 573 vel

580 616 681 694 im,
729 637 881 681 nam
930 621 1201 701 utraque
1250 620 1666 693 memoratur,
1709 620 1772 679 et
1809 616 1874 679 in
1910 635 2005 680 vs.
2047 613 2176 680 251
2217 615 2374 678 bunc
2410 614 2795 679 mutandum
2833 635 2986 680 esse

574 726 644 788 in
691 746 851 787 nune

1306 853 1389 894 em
1436 852 1630 894 mores
1675 837 2009 916 veteresque
2051 851 2344 914 novosque
2387 835 2674 893 tenentem
2719 848 2854 913 sqq.

849 939 1029 1002 Nunc
1072 938 1233 1002 inter
1270 959 1512 1020 puynas
1556 937 1850 1002 Servilius
1893 937 1984 1002 sic
2024 936 2360 1019 compellat.

673 1151 778 1218 Vs.
826 1150 961 1218 260

852 1258 1037 1342 Sulph
1050 1282 1225 1324 areas
1262 1260 1477 1342 posuit
1519 1259 1860 1343 spiramina
1904 1260 2101 1324 Naris
2145 1261 2228 1323 ad
2269 1261 2484 1324 undas.

670 1365 805 1432 Alii
846 1366 1031 1432 aliter
1070 1369 1195 1432 viri
1236 1365 1407 1432 docti
1449 1367 1618 1431 hunc
1661 1387 1922 1431 versum
1959 1369 2365 1452 interpretati
2401 1372 2574 1431 sunt.
2615 1365 2686 1431 L.
2730 1363 2988 1430 Muller

580 1473 735 1563 quid
783 1472 940 1538 velit
988 1495 1113 1538 non
1152 1472 1469 1559 explieat,
1507 1473 1611 1538 sed
1657 1472 1953 1538 adnotat:
2001 1474 2198 1553 „haec
2238 1494 2363 1560 quo
2404 1479 2694 1559 spectent
2736 1493 2982 1558 parum

579 1581 900 1657 constat'’;
946 1579 1145 1644 simul
1184 1579 1393 1658 addit,
1434 1579 1720 1665 Bergkio
1750 1580 1956 1646 videri
1997 1580 2153 1646 haec
2192 1582 2510 1665 pertinere
2549 1579 2630 1645 ad
2665 1600 2770 1658 ea,
2809 1597 2984 1663 quae

581 1685 759 1751 affert
804 1683 982 1750 Serv.
1030 1688 1098 1749 in
1147 1686 1304 1750 Aen.
1354 1683 1473 1749 VII
1516 1684 1678 1750 563:
1726 1707 1921 1771 prope
1971 1687 2351 1771 Ampsancti
2389 1686 2632 1751 fontem
2679 1686 2983 1750 victimas

580 1814 705 1857 non
766 1791 1093 1856 immolari
1154 1791 1263 1858 sed
1326 1791 1517 1858 odore
1581 1794 1789 1878 perire
1849 1792 1928 1857 ad
1991 1813 2226 1878 aquam
2291 1791 2662 1878 applicat-as.
2727 1790 2984 1856 Vahlen

579 1905 834 1964 tantum
900 1899 1087 1976 dicit,
1153 1898 1422 1985 Bergkii
1468 1901 2063 1986 interpretationem
2097 1901 2259 1984 qui,
2307 1906 2522 1978 ratus,
2569 1898 2982 1964 Priscianum

581 2005 660 2070 ad
721 2004 959 2070 flumen
1006 2005 1176 2071 hunc
1225 2003 1439 2071 locum
1488 2005 1869 2070 referentem
1917 2007 2261 2084 erravisse,
2313 2005 2592 2071 voluerit
2637 2005 2982 2088 spiramina

580 2111 783 2188 naris,
847 2115 891 2176 i.
919 2133 971 2176 e.
1036 2112 1328 2193 spiritus,
1392 2112 1517 2177 sibi
1578 2113 1948 2198 improbari.
2005 2110 2322 2177 Similiter
2365 2110 2581 2178 locum
2627 2111 2986 2198 explicavit

583 2217 777 2304 Hug,
835 2221 947 2302 qui
996 2218 1137 2284 coll.
1189 2217 1326 2284 Val.
1377 2219 1555 2282 Max.
1596 2217 1763 2298 (VII,
1806 2219 1868 2297 8,
1897 2218 1965 2299 8)
2003 2218 2339 2301 spiramina
2363 2241 2592 2301 ponere
2627 2218 2799 2284 idem
2837 2239 2984 2284 esse

585 2325 750 2390 dixit
799 2324 967 2411 quod
1012 2325 1271 2389 animam
1318 2325 1645 2407 exspirare.
1695 2325 1774 2390 Ei
1827 2322 2168 2412 Valmaggi
2215 2325 2664 2411 adstipulatur.

677 2429 801 2496 Sed
862 2434 930 2496 in
976 2431 1185 2498 Ennio
1230 2433 1708 2518 interpretando
1757 2431 2048 2498 Valerius
2094 2433 2425 2498 Maximus
2475 2439 2696 2500 auctor
2741 2453 2984 2520 parum

584 2536 883 2617 idoneus,
933 2560 1057 2623 quo
1104 2538 1333 2605 melior
1378 2561 1524 2606 mea
1568 2542 1886 2606 sententia
1933 2541 2196 2625 reperiri
2238 2546 2470 2626 potest.
2519 2539 2612 2606 Hi
2649 2546 2802 2606 sunt
2840 2563 2990 2607 ver-

586 2666 693 2710 sus
742 2644 1013 2732 Vergilii
1059 2647 1242 2729 (Aen.
1298 2645 1412 2711 VII
1460 2646 1591 2711 568
1616 2654 1780 2733 sqq.)

858 2754 984 2817 Hic
1026 2776 1233 2836 specus
1280 2754 1636 2818 horrendum
1683 2761 1740 2818 et
1784 2755 1951 2817 saevi
1995 2754 2304 2835 spiracula
2346 2754 2520 2819 Ditis

856 2867 1264 2924 monstrantur
1309 2867 1601 2945 ruptoque
1645 2861 1853 2941 inqens
1899 2860 2226 2924 Acheronte
2271 2882 2486 2943 voraqo

845 2968 1192 3052 pestiferas
1238 2968 1441 3049 aperit
1474 2969 1704 3052 fauces

580 3076 649 3137 in
713 3073 945 3157 quibus
1003 3074 1313 3156 spiracula
1374 3074 1546 3138 Ditis
1608 3074 1855 3151 fauces,
1920 3077 2162 3140 ostium
2221 3073 2572 3140 inferorum
2639 3096 2772 3140 esse
2818 3079 2986 3143 satis

584 3178 859 3244 dilucide
900 3186 1180 3264 apparet.
1224 3180 1393 3245 Hinc
1434 3182 1631 3245 etiam
1674 3179 1850 3245 locus
1891 3179 2222 3246 Ennianus
2261 3203 2445 3246 suam
2478 3180 2689 3247 lucem
2715 3184 2981 3267 accipit;

584 3284 772 3350 Naris
844 3285 924 3350 ad
992 3286 1193 3352 undas
1260 3287 1613 3353 inferorum
1677 3290 2064 3373 spiramina,
2137 3288 2350 3353 fauces
2410 3288 2645 3373 quibus
2707 3287 2982 3354 nebulae

582 3390 969 3475 sulphureae
1032 3395 1463 3478 exspirarent,
1532 3394 1686 3459 deus
1750 3396 2038 3479 posuisse
2101 3395 2367 3461 dicitur:
2431 3414 2628 3482 quam
2689 3395 2769 3460 ob
2832 3415 2980 3459 rem

586 3501 783 3564 etiam
829 3497 981 3564 illae
1030 3500 1236 3565 undae
1283 3499 1666 3585 sulphureae
1713 3506 1883 3565 sunt.

679 3711 784 3777 Vs.
836 3711 969 3777 282

857 3819 1103 3905 Iamque
1134 3820 1283 3905 sere
1317 3819 1531 3902 pulvis
1576 3822 1662 3884 ad
1704 3820 1927 3883 caelum
1975 3826 2149 3883 vasta
2193 3820 2446 3883 videtur.

676 3927 747 3991 In
812 3925 1209 3993 Praefatione
1274 3927 1571 3993 editionis
1635 3947 1788 3991 suae
1836 3925 2082 3991 Vahlen
2147 3948 2296 3991 cum
2359 3947 2512 3992 cura
2555 3929 2899 4013 inquisivit
2927 3929 2981 4009 ¹)

584 4053 746 4118 quae
792 4036 1099 4118 cuiusque
1148 4036 1476 4119 scriptoris
1517 4035 1585 4097 in
1626 4033 1896 4098 citandis
1933 4032 2128 4097 Ennii
2167 4032 2546 4119 fragmentis
2585 4036 2748 4099 ratio
2785 4041 2978 4099 esset.

586 4138 769 4204 Nihil
830 4138 1111 4223 profecto
1172 4142 1421 4207 sanius.
1452 4147 1519 4205 et
1562 4140 1732 4225 quod
1779 4146 1966 4226 putes
2013 4142 2079 4203 in
2126 4138 2520 4206 emendando
2567 4139 2715 4226 plus
2763 4141 2982 4226 profu-

652 4399 705 4461 l)
741 4398 1051 4463 Quantopere
1082 4397 1129 4447 id
1169 4412 1351 4447 necesse
1388 4400 1524 4457 esset,
1558 4396 1656 4447 iam
1695 4396 1884 4447 monuit
1916 4396 1971 4447 L.
2009 4396 2196 4446 Miiller
2229 4397 2280 4446 in
2310 4396 2518 4447 editione
2553 4414 2640 4447 sua
2669 4399 2810 4461 (Λᾶν.
2847 4398 2978 4450 Eun.

586 4482 701 4547 Cap.
740 4480 797 4543 1).
