<?xml version="1.0" encoding="UTF-8"?>
<!DOCTYPE html PUBLIC "-//W3C//DTD XHTML 1.0 Transitional//EN"
    "http://www.w3.org/TR/xhtml1/DTD/xhtml1-transitional.dtd">
<html xmlns="http://www.w3.org/1999/xhtml" xml:lang="en" lang="en">
 <head>
  <title>
</title>
<meta http-equiv="Content-Type" content="text/html;charset=utf-8" />
  <meta name='ocr-system' content='tesseract 3.04.00' />
  <meta name='ocr-capabilities' content='ocr_page ocr_carea ocr_par ocr_line ocrx_word'/>
</head>
<body>
  <div class='ocr_page' id='page_1' title='image "./mnemosynevolume03verdgoog_0367.png"; bbox 0 0 3246 5085; ppageno 0'>
   <div class='ocr_carea' id='block_1_1' title="bbox 1106 297 2694 364">
    <p class='ocr_par' dir='ltr' id='par_1_1' title="bbox 1106 297 2694 364">
     <span class='ocr_line' id='line_1_1' title="bbox 1106 297 2694 364; baseline 0 -1"><span class='ocrx_word' id='word_1_1' title='bbox 1106 315 1193 363; x_wconf 77' lang='lat' dir='ltr'><strong>nn</strong></span> <span class='ocrx_word' id='word_1_2' title='bbox 1239 313 1563 364; x_wconf 76' lang='lat' dir='ltr'><strong>nummus</strong></span> <span class='ocrx_word' id='word_1_3' title='bbox 1608 314 1926 364; x_wconf 73' lang='lat' dir='ltr'><strong>marmoo,</strong></span> <span class='ocrx_word' id='word_1_4' title='bbox 2562 297 2694 363; x_wconf 84' lang='lat'><strong>359</strong></span> 
     </span>
    </p>
   </div>
   <div class='ocr_carea' id='block_1_2' title="bbox 302 479 2695 883">
    <p class='ocr_par' dir='ltr' id='par_1_2' title="bbox 302 479 2695 670">
     <span class='ocr_line' id='line_1_2' title="bbox 304 479 2695 564; baseline 0.003 -18"><span class='ocrx_word' id='word_1_5' title='bbox 304 479 412 546; x_wconf 76' lang='grc' dir='ltr'><strong>καὶ</strong></span> <span class='ocrx_word' id='word_1_6' title='bbox 476 481 505 546; x_wconf 82' lang='grc' dir='ltr'><em>ὃ</em></span> <span class='ocrx_word' id='word_1_7' title='bbox 570 480 671 546; x_wconf 82' lang='grc' dir='ltr'><strong>τὸν</strong></span> <span class='ocrx_word' id='word_1_8' title='bbox 734 481 1037 562; x_wconf 74' lang='grc' dir='ltr'><strong><em>Πειρίθουν</em></strong></span> <span class='ocrx_word' id='word_1_9' title='bbox 1082 480 1343 563; x_wconf 69' lang='grc' dir='ltr'><em>γράψας</em></span> <span class='ocrx_word' id='word_1_10' title='bbox 1391 480 1519 548; x_wconf 71' lang='grc' dir='ltr'><strong>εἴτε</strong></span> <span class='ocrx_word' id='word_1_11' title='bbox 1572 481 1821 562; x_wconf 75' lang='grc' dir='ltr'><strong>Κριτίας</strong></span> <span class='ocrx_word' id='word_1_12' title='bbox 1873 480 2038 546; x_wconf 73' lang='grc' dir='ltr'><strong><em>ἐστὶν</em></strong></span> <span class='ocrx_word' id='word_1_13' title='bbox 2086 482 2114 548; x_wconf 78' lang='grc' dir='ltr'><em>ὃ</em></span> <span class='ocrx_word' id='word_1_14' title='bbox 2164 483 2444 564; x_wconf 76' lang='grc' dir='ltr'><strong><em>τύραννος</em></strong></span> <span class='ocrx_word' id='word_1_15' title='bbox 2496 483 2530 561; x_wconf 71' lang='grc' dir='ltr'>ἢ</span> <span class='ocrx_word' id='word_1_16' title='bbox 2578 486 2695 552; x_wconf 83' lang='grc' dir='ltr'><strong>Εὐ·</strong></span> 
     </span>
     <span class='ocr_line' id='line_1_3' title="bbox 302 586 1096 670; baseline 0.001 -17"><span class='ocrx_word' id='word_1_17' title='bbox 302 588 573 670; x_wconf 74' lang='grc' dir='ltr'><strong>ριπίὸης,</strong></span> <span class='ocrx_word' id='word_1_18' title='bbox 622 588 825 668; x_wconf 75' lang='grc' dir='ltr'><strong><em>λέγων</em></strong></span> <span class='ocrx_word' id='word_1_19' title='bbox 873 586 1096 661; x_wconf 75' lang='grc' dir='ltr'><strong><em>οὕτως·</em></strong></span> 
     </span>
    </p>

    <p class='ocr_par' dir='ltr' id='par_1_3' title="bbox 846 691 2032 777">
     <span class='ocr_line' id='line_1_4' title="bbox 846 691 2032 777; baseline -0.003 -15"><span class='ocrx_word' id='word_1_20' title='bbox 846 691 944 762; x_wconf 73' lang='grc' dir='ltr'><strong>ἵνα</strong></span> <span class='ocrx_word' id='word_1_21' title='bbox 994 694 1373 777; x_wconf 74' lang='grc' dir='ltr'><strong><em>πλημοχόας</em></strong></span> <span class='ocrx_word' id='word_1_22' title='bbox 1421 693 1603 762; x_wconf 72' lang='grc' dir='ltr'>τάσδ’</span> <span class='ocrx_word' id='word_1_23' title='bbox 1657 696 1744 767; x_wconf 78' lang='grc' dir='ltr'><strong>εἷς</strong></span> <span class='ocrx_word' id='word_1_24' title='bbox 1793 692 2032 775; x_wconf 76' lang='grc' dir='ltr'><strong><em>χθόνιον</em></strong></span> 
     </span>
    </p>

    <p class='ocr_par' dir='ltr' id='par_1_4' title="bbox 856 801 1920 883">
     <span class='ocr_line' id='line_1_5' title="bbox 856 801 1920 883; baseline 0.001 -16"><span class='ocrx_word' id='word_1_25' title='bbox 856 816 860 819; x_wconf 86' lang='grc'><strong>’</strong></span> <span class='ocrx_word' id='word_1_26' title='bbox 934 802 1146 883; x_wconf 69' lang='grc' dir='ltr'><strong><em>χάσμ’</em></strong></span> <span class='ocrx_word' id='word_1_27' title='bbox 1192 803 1490 883; x_wconf 67' lang='grc' dir='ltr'><strong><em>εὐφήμως</em></strong></span> <span class='ocrx_word' id='word_1_28' title='bbox 1538 801 1920 883; x_wconf 73' lang='grc' dir='ltr'><strong><em>προχέωμεν.</em></strong></span> 
     </span>
    </p>
   </div>
   <div class='ocr_carea' id='block_1_3' title="bbox 392 907 2814 1001">
    <p class='ocr_par' dir='ltr' id='par_1_5' title="bbox 392 907 2814 1001">
     <span class='ocr_line' id='line_1_6' title="bbox 392 907 2814 1001; baseline 0 -29"><span class='ocrx_word' id='word_1_29' title='bbox 392 907 568 974; x_wconf 90' lang='lat' dir='ltr'><strong>Haec</strong></span> <span class='ocrx_word' id='word_1_30' title='bbox 615 911 833 974; x_wconf 90' lang='lat' dir='ltr'><strong>omnia</strong></span> <span class='ocrx_word' id='word_1_31' title='bbox 886 929 1090 994; x_wconf 88' lang='lat' dir='ltr'><strong>usque</strong></span> <span class='ocrx_word' id='word_1_32' title='bbox 1152 909 1233 975; x_wconf 91' lang='lat' dir='ltr'><strong>ad</strong></span> <span class='ocrx_word' id='word_1_33' title='bbox 1295 915 1615 975; x_wconf 82' lang='lat' dir='ltr'><strong>extremos</strong></span> <span class='ocrx_word' id='word_1_34' title='bbox 1679 928 1900 974; x_wconf 83' lang='lat' dir='ltr'><strong>versus</strong></span> <span class='ocrx_word' id='word_1_35' title='bbox 1955 911 2385 994; x_wconf 87' lang='lat' dir='ltr'><strong>anapaesticos</strong></span> <span class='ocrx_word' id='word_1_36' title='bbox 2439 913 2692 1001; x_wconf 86' lang='lat' dir='ltr'><strong>integra</strong></span> <span class='ocrx_word' id='word_1_37' title='bbox 2807 965 2814 972; x_wconf 85' lang='lat'><strong>.</strong></span> 
     </span>
    </p>
   </div>
   <div class='ocr_carea' id='block_1_4' title="bbox 296 1013 2693 1101">
    <p class='ocr_par' dir='ltr' id='par_1_6' title="bbox 296 1013 2693 1101">
     <span class='ocr_line' id='line_1_7' title="bbox 296 1013 2693 1101; baseline 0.002 -20"><span class='ocrx_word' id='word_1_38' title='bbox 296 1014 379 1081; x_wconf 87' lang='lat' dir='ltr'><strong>ab</strong></span> <span class='ocrx_word' id='word_1_39' title='bbox 419 1014 745 1081; x_wconf 81' lang='lat' dir='ltr'><strong>Athenaeo</strong></span> <span class='ocrx_word' id='word_1_40' title='bbox 784 1036 862 1080; x_wconf 87' lang='lat' dir='ltr'><strong>ex</strong></span> <span class='ocrx_word' id='word_1_41' title='bbox 903 1013 1233 1101; x_wconf 81' lang='lat' dir='ltr'><strong>Pamphili</strong></span> <span class='ocrx_word' id='word_1_42' title='bbox 1269 1013 1473 1080; x_wconf 83' lang='lat' dir='ltr'><strong>lexico</strong></span> <span class='ocrx_word' id='word_1_43' title='bbox 1514 1014 1853 1100; x_wconf 87' lang='lat' dir='ltr'><strong>desumpta</strong></span> <span class='ocrx_word' id='word_1_44' title='bbox 1891 1034 2026 1080; x_wconf 90' lang='lat' dir='ltr'><strong>esse</strong></span> <span class='ocrx_word' id='word_1_45' title='bbox 2066 1018 2122 1080; x_wconf 92' lang='lat' dir='ltr'><strong>si</strong></span> <span class='ocrx_word' id='word_1_46' title='bbox 2160 1014 2693 1086; x_wconf 77' lang='lat' dir='ltr'><strong>demonstraveris</strong></span> 
     </span>
    </p>
   </div>
   <div class='ocr_carea' id='block_1_5' title="bbox 296 1120 2777 1218">
    <p class='ocr_par' dir='ltr' id='par_1_7' title="bbox 296 1120 2777 1218">
     <span class='ocr_line' id='line_1_8' title="bbox 296 1120 2777 1218; baseline 0.001 -30"><span class='ocrx_word' id='word_1_47' title='bbox 296 1131 469 1188; x_wconf 87' lang='lat' dir='ltr'><strong>certe</strong></span> <span class='ocrx_word' id='word_1_48' title='bbox 533 1123 975 1187; x_wconf 88' lang='lat' dir='ltr'><strong>testimonium</strong></span> <span class='ocrx_word' id='word_1_49' title='bbox 1037 1121 1113 1187; x_wconf 88' lang='lat' dir='ltr'><strong>de</strong></span> <span class='ocrx_word' id='word_1_50' title='bbox 1158 1120 1353 1186; x_wconf 85' lang='lat' dir='ltr'><strong>dubia</strong></span> <span class='ocrx_word' id='word_1_51' title='bbox 1400 1120 1734 1186; x_wconf 78' lang='lat' dir='ltr'><strong>authentia</strong></span> <span class='ocrx_word' id='word_1_52' title='bbox 1780 1121 2062 1186; x_wconf 89' lang='lat' dir='ltr'><strong>Pirithoi</strong></span> <span class='ocrx_word' id='word_1_53' title='bbox 2107 1120 2360 1188; x_wconf 84' lang='lat' dir='ltr'><strong>fabulae</strong></span> <span class='ocrx_word' id='word_1_54' title='bbox 2405 1123 2484 1189; x_wconf 90' lang='lat' dir='ltr'><strong>ad</strong></span> <span class='ocrx_word' id='word_1_55' title='bbox 2533 1127 2693 1191; x_wconf 86' lang='lat' dir='ltr'><strong>anti·</strong></span> <span class='ocrx_word' id='word_1_56' title='bbox 2769 1211 2777 1218; x_wconf 36' lang='lat'><strong>·</strong></span> 
     </span>
    </p>
   </div>
   <div class='ocr_carea' id='block_1_6' title="bbox 273 1225 2688 3229">
    <p class='ocr_par' dir='ltr' id='par_1_8' title="bbox 273 1225 2688 3229">
     <span class='ocr_line' id='line_1_9' title="bbox 296 1225 2688 1317; baseline 0.002 -23"><span class='ocrx_word' id='word_1_57' title='bbox 296 1231 588 1315; x_wconf 90' lang='lat' dir='ltr'><strong>quiorem</strong></span> <span class='ocrx_word' id='word_1_58' title='bbox 654 1226 1169 1295; x_wconf 83' lang='lat' dir='ltr'><strong>Grammaticum</strong></span> <span class='ocrx_word' id='word_1_59' title='bbox 1186 1275 1203 1306; x_wconf 92' lang='lat'><strong>,</strong></span> <span class='ocrx_word' id='word_1_60' title='bbox 1268 1234 1459 1313; x_wconf 89' lang='lat' dir='ltr'><strong>atque</strong></span> <span class='ocrx_word' id='word_1_61' title='bbox 1520 1248 1675 1292; x_wconf 88' lang='lat' dir='ltr'><strong>eum</strong></span> <span class='ocrx_word' id='word_1_62' title='bbox 1736 1225 2268 1308; x_wconf 87' lang='lat' dir='ltr'><strong>Alexandrinum,</strong></span> <span class='ocrx_word' id='word_1_63' title='bbox 2316 1232 2688 1317; x_wconf 83' lang='lat' dir='ltr'><strong>graviorem</strong></span> 
     </span>
     <span class='ocr_line' id='line_1_10' title="bbox 290 1333 2687 1422; baseline 0.002 -22"><span class='ocrx_word' id='word_1_64' title='bbox 290 1337 512 1421; x_wconf 87' lang='lat' dir='ltr'><strong>itaque</strong></span> <span class='ocrx_word' id='word_1_65' title='bbox 572 1337 640 1399; x_wconf 90' lang='lat' dir='ltr'><strong>in</strong></span> <span class='ocrx_word' id='word_1_66' title='bbox 710 1335 901 1400; x_wconf 88' lang='lat' dir='ltr'><strong>rebus</strong></span> <span class='ocrx_word' id='word_1_67' title='bbox 972 1336 1209 1400; x_wconf 88' lang='lat' dir='ltr'><strong>criticis</strong></span> <span class='ocrx_word' id='word_1_68' title='bbox 1271 1334 1482 1400; x_wconf 88' lang='lat' dir='ltr'><strong>multo</strong></span> <span class='ocrx_word' id='word_1_69' title='bbox 1544 1353 1738 1418; x_wconf 91' lang='lat' dir='ltr'><strong>quam</strong></span> <span class='ocrx_word' id='word_1_70' title='bbox 1802 1333 2206 1399; x_wconf 83' lang='lat' dir='ltr'><strong>Athenaeum</strong></span> <span class='ocrx_word' id='word_1_71' title='bbox 2269 1341 2687 1422; x_wconf 81' lang='lat' dir='ltr'><strong>promoveris.</strong></span> 
     </span>
     <span class='ocr_line' id='line_1_11' title="bbox 292 1439 2688 1530; baseline 0.002 -23"><span class='ocrx_word' id='word_1_72' title='bbox 292 1441 421 1507; x_wconf 84' lang='lat' dir='ltr'><strong>Sed</strong></span> <span class='ocrx_word' id='word_1_73' title='bbox 483 1447 865 1527; x_wconf 82' lang='lat' dir='ltr'><strong>poteruntne</strong></span> <span class='ocrx_word' id='word_1_74' title='bbox 914 1439 1071 1506; x_wconf 88' lang='lat' dir='ltr'><strong>talia</strong></span> <span class='ocrx_word' id='word_1_75' title='bbox 1115 1443 1304 1506; x_wconf 89' lang='lat' dir='ltr'><strong>certis</strong></span> <span class='ocrx_word' id='word_1_76' title='bbox 1354 1441 1756 1526; x_wconf 81' lang='lat' dir='ltr'><strong>argumentis</strong></span> <span class='ocrx_word' id='word_1_77' title='bbox 1801 1443 1914 1504; x_wconf 88' lang='lat' dir='ltr'><strong>aut</strong></span> <span class='ocrx_word' id='word_1_78' title='bbox 1962 1441 2215 1526; x_wconf 90' lang='lat' dir='ltr'><strong>probari</strong></span> <span class='ocrx_word' id='word_1_79' title='bbox 2260 1446 2372 1507; x_wconf 89' lang='lat' dir='ltr'><strong>aut</strong></span> <span class='ocrx_word' id='word_1_80' title='bbox 2419 1443 2688 1530; x_wconf 78' lang='lat' dir='ltr'><strong>negari?</strong></span> 
     </span>
     <span class='ocr_line' id='line_1_12' title="bbox 296 1545 2684 1634; baseline 0.001 -22"><span class='ocrx_word' id='word_1_81' title='bbox 296 1547 473 1612; x_wconf 88' lang='lat' dir='ltr'><strong>Mihi</strong></span> <span class='ocrx_word' id='word_1_82' title='bbox 535 1547 792 1634; x_wconf 88' lang='lat' dir='ltr'><strong>quidem</strong></span> <span class='ocrx_word' id='word_1_83' title='bbox 854 1551 1118 1633; x_wconf 89' lang='lat' dir='ltr'><strong>propter</strong></span> <span class='ocrx_word' id='word_1_84' title='bbox 1176 1545 1343 1612; x_wconf 92' lang='lat' dir='ltr'><strong>illud</strong></span> <span class='ocrx_word' id='word_1_85' title='bbox 1406 1545 1535 1610; x_wconf 73' lang='lat' dir='ltr'><strong>xa&gt;</strong></span> <span class='ocrx_word' id='word_1_86' title='bbox 1603 1551 1751 1610; x_wconf 84' lang='lat' dir='ltr'><strong>ante</strong></span> <span class='ocrx_word' id='word_1_87' title='bbox 1813 1545 2008 1611; x_wconf 85' lang='lat' dir='ltr'><strong>verba</strong></span> <span class='ocrx_word' id='word_1_88' title='bbox 2053 1546 2080 1610; x_wconf 84' lang='grc' dir='ltr'>ὅ</span> <span class='ocrx_word' id='word_1_89' title='bbox 2129 1548 2246 1611; x_wconf 80' lang='grc' dir='ltr'><strong>τῶν</strong></span> <span class='ocrx_word' id='word_1_90' title='bbox 2295 1557 2374 1613; x_wconf 86' lang='grc' dir='ltr'><strong>Π.</strong></span> <span class='ocrx_word' id='word_1_91' title='bbox 2422 1550 2684 1630; x_wconf 65' lang='grc' dir='ltr'><strong>γράψας</strong></span> 
     </span>
     <span class='ocr_line' id='line_1_13' title="bbox 292 1651 2686 1740; baseline 0 -20"><span class='ocrx_word' id='word_1_92' title='bbox 292 1675 492 1740; x_wconf 87' lang='lat' dir='ltr'><strong>aeque</strong></span> <span class='ocrx_word' id='word_1_93' title='bbox 538 1651 861 1740; x_wconf 87' lang='lat' dir='ltr'><strong>probabile</strong></span> <span class='ocrx_word' id='word_1_94' title='bbox 908 1652 1167 1719; x_wconf 81' lang='lat' dir='ltr'><strong>videtur</strong></span> <span class='ocrx_word' id='word_1_95' title='bbox 1212 1654 1431 1738; x_wconf 89' lang='lat' dir='ltr'><strong>ipsum</strong></span> <span class='ocrx_word' id='word_1_96' title='bbox 1475 1651 1886 1716; x_wconf 88' lang='lat' dir='ltr'><strong>Athenaeum</strong></span> <span class='ocrx_word' id='word_1_97' title='bbox 1932 1671 2056 1716; x_wconf 90' lang='lat' dir='ltr'><strong>non</strong></span> <span class='ocrx_word' id='word_1_98' title='bbox 2105 1672 2140 1717; x_wconf 91' lang='lat' dir='ltr'><strong>e</strong></span> <span class='ocrx_word' id='word_1_99' title='bbox 2185 1652 2528 1740; x_wconf 86' lang='lat' dir='ltr'><strong>Pamphilo</strong></span> <span class='ocrx_word' id='word_1_100' title='bbox 2575 1657 2686 1723; x_wconf 88' lang='lat' dir='ltr'><strong>sed</strong></span> 
     </span>
     <span class='ocr_line' id='line_1_14' title="bbox 289 1758 2684 1848; baseline 0 -21"><span class='ocrx_word' id='word_1_101' title='bbox 289 1782 367 1827; x_wconf 87' lang='lat' dir='ltr'><strong>ex</strong></span> <span class='ocrx_word' id='word_1_102' title='bbox 416 1759 541 1826; x_wconf 92' lang='lat' dir='ltr'><strong>alio</strong></span> <span class='ocrx_word' id='word_1_103' title='bbox 588 1760 761 1826; x_wconf 88' lang='lat' dir='ltr'><strong>fonte</strong></span> <span class='ocrx_word' id='word_1_104' title='bbox 800 1758 1033 1825; x_wconf 88' lang='lat' dir='ltr'><strong>ultima</strong></span> <span class='ocrx_word' id='word_1_105' title='bbox 1072 1758 1390 1824; x_wconf 80' lang='lat' dir='ltr'><strong>addidisse</strong></span> <span class='ocrx_word' id='word_1_106' title='bbox 1408 1805 1425 1838; x_wconf 89' lang='lat'><strong>,</strong></span> <span class='ocrx_word' id='word_1_107' title='bbox 1467 1778 1615 1823; x_wconf 90' lang='lat' dir='ltr'><strong>cum</strong></span> <span class='ocrx_word' id='word_1_108' title='bbox 1657 1758 2035 1842; x_wconf 85' lang='lat' dir='ltr'><strong>praesertim</strong></span> <span class='ocrx_word' id='word_1_109' title='bbox 2074 1779 2276 1844; x_wconf 88' lang='lat' dir='ltr'><strong>neque</strong></span> <span class='ocrx_word' id='word_1_110' title='bbox 2313 1758 2684 1848; x_wconf 83' lang='lat' dir='ltr'><strong>Hesychius</strong></span> 
     </span>
     <span class='ocr_line' id='line_1_15' title="bbox 286 1863 2684 1953; baseline 0.001 -21"><span class='ocrx_word' id='word_1_111' title='bbox 286 1869 359 1948; x_wconf 88' lang='lat' dir='ltr'><strong>(i.</strong></span> <span class='ocrx_word' id='word_1_112' title='bbox 412 1889 473 1932; x_wconf 83' lang='lat' dir='ltr'><strong>v.</strong></span> <span class='ocrx_word' id='word_1_113' title='bbox 545 1865 979 1947; x_wconf 76' lang='grc' dir='ltr'><strong>Πλημοχόας),</strong></span> <span class='ocrx_word' id='word_1_114' title='bbox 1050 1866 1235 1930; x_wconf 90' lang='lat' dir='ltr'><strong>cuius</strong></span> <span class='ocrx_word' id='word_1_115' title='bbox 1306 1863 1786 1930; x_wconf 87' lang='lat' dir='ltr'><strong>adnotationem</strong></span> <span class='ocrx_word' id='word_1_116' title='bbox 1847 1866 2162 1949; x_wconf 79' lang='lat' dir='ltr'><strong>excerptis</strong></span> <span class='ocrx_word' id='word_1_117' title='bbox 2235 1863 2684 1953; x_wconf 88' lang='lat' dir='ltr'><strong>Diogenianeis</strong></span> 
     </span>
     <span class='ocr_line' id='line_1_16' title="bbox 284 1963 2680 2059; baseline 0 -20"><span class='ocrx_word' id='word_1_118' title='bbox 284 1993 449 2059; x_wconf 91' lang='lat' dir='ltr'><strong>quae</strong></span> <span class='ocrx_word' id='word_1_119' title='bbox 487 1994 565 2038; x_wconf 88' lang='lat' dir='ltr'><strong>ex</strong></span> <span class='ocrx_word' id='word_1_120' title='bbox 606 1970 945 2058; x_wconf 88' lang='lat' dir='ltr'><strong>Pamphilo</strong></span> <span class='ocrx_word' id='word_1_121' title='bbox 986 1963 1311 2036; x_wconf 80' lang='lat' dir='ltr'><strong>fluxerunt</strong></span> <span class='ocrx_word' id='word_1_122' title='bbox 1346 1970 1563 2036; x_wconf 89' lang='lat' dir='ltr'><strong>deberi</strong></span> <span class='ocrx_word' id='word_1_123' title='bbox 1598 1974 1887 2048; x_wconf 87' lang='lat' dir='ltr'><strong>constat,</strong></span> <span class='ocrx_word' id='word_1_124' title='bbox 1943 1990 2148 2055; x_wconf 91' lang='lat' dir='ltr'><strong>neque</strong></span> <span class='ocrx_word' id='word_1_125' title='bbox 2189 1969 2430 2038; x_wconf 85' lang='lat' dir='ltr'><strong>Pollux</strong></span> <span class='ocrx_word' id='word_1_126' title='bbox 2469 1973 2534 2038; x_wconf 86' lang='lat' dir='ltr'>X</span> <span class='ocrx_word' id='word_1_127' title='bbox 2573 1973 2680 2056; x_wconf 88' lang='lat'><strong>74,</strong></span> 
     </span>
     <span class='ocr_line' id='line_1_17' title="bbox 285 2075 2684 2166; baseline 0 -19"><span class='ocrx_word' id='word_1_128' title='bbox 285 2084 401 2147; x_wconf 86' lang='lat' dir='ltr'><strong>aut</strong></span> <span class='ocrx_word' id='word_1_129' title='bbox 464 2079 849 2145; x_wconf 82' lang='lat' dir='ltr'><strong>Eustathius</strong></span> <span class='ocrx_word' id='word_1_130' title='bbox 913 2078 992 2144; x_wconf 85' lang='lat' dir='ltr'><strong>ad</strong></span> <span class='ocrx_word' id='word_1_131' title='bbox 1066 2077 1141 2143; x_wconf 89' lang='lat'><strong>11.</strong></span> <span class='ocrx_word' id='word_1_132' title='bbox 1207 2087 1257 2143; x_wconf 87' lang='lat' dir='ltr'>E</span> <span class='ocrx_word' id='word_1_133' title='bbox 1311 2075 1463 2144; x_wconf 83' lang='lat'><strong>598.</strong></span> <span class='ocrx_word' id='word_1_134' title='bbox 1509 2076 1615 2155; x_wconf 87' lang='grc'><strong>18,</strong></span> <span class='ocrx_word' id='word_1_135' title='bbox 1694 2076 1858 2142; x_wconf 87' lang='lat' dir='ltr'><strong>hanc</strong></span> <span class='ocrx_word' id='word_1_136' title='bbox 1920 2076 2250 2163; x_wconf 84' lang='lat' dir='ltr'><strong>Pamphili</strong></span> <span class='ocrx_word' id='word_1_137' title='bbox 2309 2081 2684 2166; x_wconf 89' lang='lat' dir='ltr'><strong>interpreta-</strong></span> 
     </span>
     <span class='ocr_line' id='line_1_18' title="bbox 286 2181 2681 2273; baseline 0.001 -22"><span class='ocrx_word' id='word_1_138' title='bbox 286 2188 531 2252; x_wconf 88' lang='lat' dir='ltr'><strong>tionem</strong></span> <span class='ocrx_word' id='word_1_139' title='bbox 591 2186 969 2263; x_wconf 87' lang='lat' dir='ltr'><strong>referentes,</strong></span> <span class='ocrx_word' id='word_1_140' title='bbox 1033 2205 1256 2251; x_wconf 80' lang='lat' dir='ltr'><strong>versus</strong></span> <span class='ocrx_word' id='word_1_141' title='bbox 1318 2205 1396 2249; x_wconf 91' lang='lat' dir='ltr'><strong>ex</strong></span> <span class='ocrx_word' id='word_1_142' title='bbox 1459 2182 1752 2248; x_wconf 89' lang='lat' dir='ltr'><strong>Pirithoo</strong></span> <span class='ocrx_word' id='word_1_143' title='bbox 1811 2181 2066 2248; x_wconf 91' lang='lat' dir='ltr'><strong>addant.</strong></span> <span class='ocrx_word' id='word_1_144' title='bbox 2122 2183 2522 2273; x_wconf 83' lang='lat' dir='ltr'><strong>Quapropter</strong></span> <span class='ocrx_word' id='word_1_145' title='bbox 2569 2189 2681 2253; x_wconf 86' lang='lat' dir='ltr'><strong>vix</strong></span> 
     </span>
     <span class='ocr_line' id='line_1_19' title="bbox 284 2289 2679 2380; baseline 0.001 -24"><span class='ocrx_word' id='word_1_146' title='bbox 284 2291 638 2379; x_wconf 87' lang='lat' dir='ltr'><strong>quidquam</strong></span> <span class='ocrx_word' id='word_1_147' title='bbox 698 2313 813 2358; x_wconf 92' lang='lat' dir='ltr'><strong>nos</strong></span> <span class='ocrx_word' id='word_1_148' title='bbox 876 2291 1128 2358; x_wconf 89' lang='lat' dir='ltr'><strong>docebit</strong></span> <span class='ocrx_word' id='word_1_149' title='bbox 1189 2311 1301 2376; x_wconf 92' lang='lat' dir='ltr'><strong>pro</strong></span> <span class='ocrx_word' id='word_1_150' title='bbox 1362 2295 1537 2355; x_wconf 88' lang='lat' dir='ltr'><strong>certo</strong></span> <span class='ocrx_word' id='word_1_151' title='bbox 1600 2289 1965 2355; x_wconf 87' lang='lat' dir='ltr'><strong>Athenaeus</strong></span> <span class='ocrx_word' id='word_1_152' title='bbox 2027 2310 2221 2376; x_wconf 90' lang='lat' dir='ltr'><strong>quam</strong></span> <span class='ocrx_word' id='word_1_153' title='bbox 2268 2290 2386 2356; x_wconf 89' lang='lat' dir='ltr'><strong>hoc</strong></span> <span class='ocrx_word' id='word_1_154' title='bbox 2407 2340 2425 2370; x_wconf 92' lang='lat'><strong>,</strong></span> <span class='ocrx_word' id='word_1_155' title='bbox 2472 2295 2679 2380; x_wconf 84' lang='lat' dir='ltr'><strong>ipsius</strong></span> 
     </span>
     <span class='ocr_line' id='line_1_20' title="bbox 282 2385 2677 2482; baseline 0.001 -18"><span class='ocrx_word' id='word_1_156' title='bbox 282 2403 493 2464; x_wconf 78' lang='lat' dir='ltr'><strong>aetate</strong></span> <span class='ocrx_word' id='word_1_157' title='bbox 552 2398 749 2464; x_wconf 88' lang='lat' dir='ltr'><strong>fuisse</strong></span> <span class='ocrx_word' id='word_1_158' title='bbox 812 2398 1104 2462; x_wconf 89' lang='lat' dir='ltr'><strong>homines</strong></span> <span class='ocrx_word' id='word_1_159' title='bbox 1165 2398 1279 2482; x_wconf 87' lang='lat' dir='ltr'><strong>qui</strong></span> <span class='ocrx_word' id='word_1_160' title='bbox 1341 2396 1710 2461; x_wconf 84' lang='lat' dir='ltr'><strong>dubitarent</strong></span> <span class='ocrx_word' id='word_1_161' title='bbox 1758 2393 2078 2463; x_wconf 86' lang='lat' dir='ltr'><strong>Critiaene</strong></span> <span class='ocrx_word' id='word_1_162' title='bbox 2126 2385 2468 2464; x_wconf 87' lang='lat' dir='ltr'><strong>tribuenda</strong></span> <span class='ocrx_word' id='word_1_163' title='bbox 2511 2407 2677 2467; x_wconf 87' lang='lat' dir='ltr'><strong>esset</strong></span> 
     </span>
     <span class='ocr_line' id='line_1_21' title="bbox 281 2500 2675 2589; baseline 0.001 -19"><span class='ocrx_word' id='word_1_164' title='bbox 281 2505 613 2571; x_wconf 86' lang='lat' dir='ltr'><strong>Pirithous</strong></span> <span class='ocrx_word' id='word_1_165' title='bbox 688 2502 903 2571; x_wconf 85' lang='lat' dir='ltr'><strong>fabula</strong></span> <span class='ocrx_word' id='word_1_166' title='bbox 979 2522 1063 2569; x_wconf 90' lang='lat' dir='ltr'><strong>an</strong></span> <span class='ocrx_word' id='word_1_167' title='bbox 1137 2500 1455 2589; x_wconf 84' lang='lat' dir='ltr'><strong>Euripidi.</strong></span> <span class='ocrx_word' id='word_1_168' title='bbox 1535 2500 1913 2569; x_wconf 86' lang='lat' dir='ltr'><strong>Cuiusmodi</strong></span> <span class='ocrx_word' id='word_1_169' title='bbox 1975 2502 2170 2569; x_wconf 87' lang='lat' dir='ltr'><strong>dubia</strong></span> <span class='ocrx_word' id='word_1_170' title='bbox 2232 2504 2675 2586; x_wconf 85' lang='lat' dir='ltr'><strong>Athenaeum,</strong></span> 
     </span>
     <span class='ocr_line' id='line_1_22' title="bbox 281 2608 2676 2695; baseline 0.001 -18"><span class='ocrx_word' id='word_1_171' title='bbox 281 2618 357 2677; x_wconf 90' lang='lat' dir='ltr'><strong>ut</strong></span> <span class='ocrx_word' id='word_1_172' title='bbox 425 2611 781 2678; x_wconf 87' lang='lat' dir='ltr'><strong>doctrinam</strong></span> <span class='ocrx_word' id='word_1_173' title='bbox 848 2609 1169 2675; x_wconf 85' lang='lat' dir='ltr'><strong>affectaret</strong></span> <span class='ocrx_word' id='word_1_174' title='bbox 1240 2610 1527 2675; x_wconf 89' lang='lat' dir='ltr'><strong>criticam</strong></span> <span class='ocrx_word' id='word_1_175' title='bbox 1547 2659 1563 2685; x_wconf 90' lang='lat'><strong>,</strong></span> <span class='ocrx_word' id='word_1_176' title='bbox 1635 2608 1810 2675; x_wconf 88' lang='lat' dir='ltr'><strong>haud</strong></span> <span class='ocrx_word' id='word_1_177' title='bbox 1877 2611 2181 2695; x_wconf 84' lang='lat' dir='ltr'><strong>ignotum</strong></span> <span class='ocrx_word' id='word_1_178' title='bbox 2244 2616 2342 2677; x_wconf 88' lang='lat' dir='ltr'><strong>est</strong></span> <span class='ocrx_word' id='word_1_179' title='bbox 2401 2610 2676 2679; x_wconf 87' lang='lat' dir='ltr'><strong>libenter</strong></span> 
     </span>
     <span class='ocr_line' id='line_1_23' title="bbox 277 2715 2675 2809; baseline 0 -24"><span class='ocrx_word' id='word_1_180' title='bbox 277 2718 657 2805; x_wconf 85' lang='lat' dir='ltr'><strong>protulisse,</strong></span> <span class='ocrx_word' id='word_1_181' title='bbox 744 2738 1137 2803; x_wconf 86' lang='lat' dir='ltr'><strong>quamquam</strong></span> <span class='ocrx_word' id='word_1_182' title='bbox 1205 2718 1274 2781; x_wconf 91' lang='lat' dir='ltr'><strong>in</strong></span> <span class='ocrx_word' id='word_1_183' title='bbox 1346 2717 1573 2781; x_wconf 89' lang='lat' dir='ltr'><strong>ceteris</strong></span> <span class='ocrx_word' id='word_1_184' title='bbox 1643 2736 1770 2781; x_wconf 90' lang='lat' dir='ltr'><strong>non</strong></span> <span class='ocrx_word' id='word_1_185' title='bbox 1841 2715 1968 2781; x_wconf 89' lang='lat' dir='ltr'><strong>fuit</strong></span> <span class='ocrx_word' id='word_1_186' title='bbox 2036 2716 2488 2809; x_wconf 77' lang='grc' dir='ltr'><strong><em>κριτικώτοιτος.</em></strong></span> <span class='ocrx_word' id='word_1_187' title='bbox 2573 2718 2675 2786; x_wconf 91' lang='lat' dir='ltr'><strong>Ita</strong></span> 
     </span>
     <span class='ocr_line' id='line_1_24' title="bbox 276 2821 2672 2912; baseline -0 -19"><span class='ocrx_word' id='word_1_188' title='bbox 276 2826 665 2893; x_wconf 82' lang='lat' dir='ltr'><strong>testimoniis</strong></span> <span class='ocrx_word' id='word_1_189' title='bbox 702 2823 994 2912; x_wconf 84' lang='lat' dir='ltr'><strong>Lysiacis</strong></span> <span class='ocrx_word' id='word_1_190' title='bbox 1030 2826 1099 2888; x_wconf 91' lang='lat' dir='ltr'><strong>in</strong></span> <span class='ocrx_word' id='word_1_191' title='bbox 1138 2821 1435 2908; x_wconf 90' lang='lat' dir='ltr'><strong>catalogo</strong></span> <span class='ocrx_word' id='word_1_192' title='bbox 1477 2822 1886 2887; x_wconf 84' lang='lat' dir='ltr'><strong>hetaerarum</strong></span> <span class='ocrx_word' id='word_1_193' title='bbox 1926 2842 2104 2901; x_wconf 90' lang='lat' dir='ltr'><strong>usus,</strong></span> <span class='ocrx_word' id='word_1_194' title='bbox 2144 2842 2308 2907; x_wconf 89' lang='lat' dir='ltr'><strong>quae</strong></span> <span class='ocrx_word' id='word_1_195' title='bbox 2331 2822 2672 2911; x_wconf 81' lang='lat' dir='ltr'><strong>neglegere</strong></span> 
     </span>
     <span class='ocr_line' id='line_1_25' title="bbox 276 2927 2671 3014; baseline -0.002 -15"><span class='ocrx_word' id='word_1_196' title='bbox 276 2954 430 2999; x_wconf 92' lang='lat' dir='ltr'><strong>eum</strong></span> <span class='ocrx_word' id='word_1_197' title='bbox 498 2953 621 2997; x_wconf 89' lang='lat' dir='ltr'><strong>non</strong></span> <span class='ocrx_word' id='word_1_198' title='bbox 692 2934 846 2996; x_wconf 85' lang='lat' dir='ltr'><strong>sinit</strong></span> <span class='ocrx_word' id='word_1_199' title='bbox 914 2929 1226 3008; x_wconf 89' lang='lat' dir='ltr'><strong>eruditio,</strong></span> <span class='ocrx_word' id='word_1_200' title='bbox 1298 2930 1666 3014; x_wconf 84' lang='lat' dir='ltr'><strong>frequenter</strong></span> <span class='ocrx_word' id='word_1_201' title='bbox 1726 2927 1905 2994; x_wconf 89' lang='lat' dir='ltr'><strong>addit</strong></span> <span class='ocrx_word' id='word_1_202' title='bbox 1964 2928 2016 2994; x_wconf 78' lang='grc' dir='ltr'><strong>εἰ</strong></span> <span class='ocrx_word' id='word_1_203' title='bbox 2078 2930 2325 3006; x_wconf 71' lang='grc' dir='ltr'><strong><em>γνήσιος</em></strong></span> <span class='ocrx_word' id='word_1_204' title='bbox 2389 2930 2417 2995; x_wconf 82' lang='grc' dir='ltr'><em>ὃ</em></span> <span class='ocrx_word' id='word_1_205' title='bbox 2480 2929 2671 3009; x_wconf 71' lang='grc' dir='ltr'><strong><em>λόγος</em></strong></span> 
     </span>
     <span class='ocr_line' id='line_1_26' title="bbox 274 3033 2670 3126; baseline -0.001 -21"><span class='ocrx_word' id='word_1_206' title='bbox 274 3046 368 3126; x_wconf 89' lang='lat' dir='ltr'><strong>(p.</strong></span> <span class='ocrx_word' id='word_1_207' title='bbox 420 3037 623 3105; x_wconf 68' lang='lat' dir='ltr'>586ss</span> <span class='ocrx_word' id='word_1_208' title='bbox 683 3044 749 3103; x_wconf 91' lang='lat' dir='ltr'><strong>et</strong></span> <span class='ocrx_word' id='word_1_209' title='bbox 812 3058 873 3123; x_wconf 90' lang='lat' dir='ltr'><strong>p.</strong></span> <span class='ocrx_word' id='word_1_210' title='bbox 924 3036 1127 3101; x_wconf 73' lang='lat' dir='ltr'><strong>592E</strong></span> <span class='ocrx_word' id='word_1_211' title='bbox 1199 3055 1278 3100; x_wconf 87' lang='lat' dir='ltr'><strong>ex</strong></span> <span class='ocrx_word' id='word_1_212' title='bbox 1325 3037 1612 3101; x_wconf 89' lang='lat' dir='ltr'><strong>oratione</strong></span> <span class='ocrx_word' id='word_1_213' title='bbox 1660 3036 1728 3098; x_wconf 89' lang='lat' dir='ltr'><strong>in</strong></span> <span class='ocrx_word' id='word_1_214' title='bbox 1776 3033 2041 3100; x_wconf 74' lang='lat' dir='ltr'><strong>LaIdem</strong></span> <span class='ocrx_word' id='word_1_215' title='bbox 2089 3033 2512 3122; x_wconf 88' lang='lat' dir='ltr'><strong>neglegenter</strong></span> <span class='ocrx_word' id='word_1_216' title='bbox 2571 3036 2670 3103; x_wconf 90' lang='lat' dir='ltr'><strong>bis</strong></span> 
     </span>
     <span class='ocr_line' id='line_1_27' title="bbox 273 3138 2669 3229; baseline 0 -18"><span class='ocrx_word' id='word_1_217' title='bbox 273 3145 449 3211; x_wconf 90' lang='lat' dir='ltr'><strong>idem</strong></span> <span class='ocrx_word' id='word_1_218' title='bbox 486 3145 762 3211; x_wconf 87' lang='lat' dir='ltr'><strong>referens</strong></span> <span class='ocrx_word' id='word_1_219' title='bbox 800 3143 1276 3229; x_wconf 86' lang='lat' dir='ltr'><strong>fragmentum,</strong></span> <span class='ocrx_word' id='word_1_220' title='bbox 1321 3162 1386 3227; x_wconf 95' lang='lat' dir='ltr'><strong>p.</strong></span> <span class='ocrx_word' id='word_1_221' title='bbox 1432 3138 1634 3208; x_wconf 82' lang='lat'>5920</span> <span class='ocrx_word' id='word_1_222' title='bbox 1674 3162 1752 3205; x_wconf 90' lang='lat' dir='ltr'><strong>ex</strong></span> <span class='ocrx_word' id='word_1_223' title='bbox 1792 3142 2075 3207; x_wconf 88' lang='lat' dir='ltr'><strong>oratione</strong></span> <span class='ocrx_word' id='word_1_224' title='bbox 2121 3143 2190 3206; x_wconf 93' lang='lat' dir='ltr'><strong>in</strong></span> <span class='ocrx_word' id='word_1_225' title='bbox 2234 3140 2669 3226; x_wconf 89' lang='lat' dir='ltr'><strong>Philonidem)</strong></span> 
     </span>
    </p>
   </div>
   <div class='ocr_carea' id='block_1_7' title="bbox 276 3247 2798 3336">
    <p class='ocr_par' dir='ltr' id='par_1_9' title="bbox 276 3247 2798 3336">
     <span class='ocr_line' id='line_1_28' title="bbox 276 3247 2798 3336; baseline -0.001 -19"><span class='ocrx_word' id='word_1_226' title='bbox 276 3258 341 3317; x_wconf 89' lang='lat' dir='ltr'><strong>et</strong></span> <span class='ocrx_word' id='word_1_227' title='bbox 380 3249 545 3317; x_wconf 90' lang='lat' dir='ltr'><strong>illud</strong></span> <span class='ocrx_word' id='word_1_228' title='bbox 583 3250 846 3336; x_wconf 88' lang='lat' dir='ltr'><strong>quidem</strong></span> <span class='ocrx_word' id='word_1_229' title='bbox 885 3249 1152 3315; x_wconf 88' lang='lat' dir='ltr'><strong>fortasse</strong></span> <span class='ocrx_word' id='word_1_230' title='bbox 1194 3268 1452 3314; x_wconf 91' lang='lat' dir='ltr'><strong>summo</strong></span> <span class='ocrx_word' id='word_1_231' title='bbox 1490 3250 1632 3314; x_wconf 91' lang='lat' dir='ltr'><strong>iure</strong></span> <span class='ocrx_word' id='word_1_232' title='bbox 1671 3247 1858 3326; x_wconf 86' lang='lat' dir='ltr'><strong>facit,</strong></span> <span class='ocrx_word' id='word_1_233' title='bbox 1901 3254 2119 3312; x_wconf 91' lang='lat' dir='ltr'><strong>tamen</strong></span> <span class='ocrx_word' id='word_1_234' title='bbox 2159 3250 2323 3313; x_wconf 89' lang='lat' dir='ltr'><strong>mire</strong></span> <span class='ocrx_word' id='word_1_235' title='bbox 2357 3248 2673 3315; x_wconf 89' lang='lat' dir='ltr'><strong>afficimur</strong></span> <span class='ocrx_word' id='word_1_236' title='bbox 2787 3258 2798 3270; x_wconf 88' lang='lat'>’</span> 
     </span>
    </p>
   </div>
   <div class='ocr_carea' id='block_1_8' title="bbox 272 3351 2670 3547">
    <p class='ocr_par' dir='ltr' id='par_1_10' title="bbox 272 3351 2670 3547">
     <span class='ocr_line' id='line_1_29' title="bbox 276 3351 2668 3439; baseline -0.001 -15"><span class='ocrx_word' id='word_1_237' title='bbox 276 3362 335 3424; x_wconf 90' lang='lat' dir='ltr'><strong>si</strong></span> <span class='ocrx_word' id='word_1_238' title='bbox 402 3357 699 3425; x_wconf 85' lang='lat' dir='ltr'><strong>videmus</strong></span> <span class='ocrx_word' id='word_1_239' title='bbox 768 3354 1174 3422; x_wconf 87' lang='lat' dir='ltr'><strong>Athenaeum</strong></span> <span class='ocrx_word' id='word_1_240' title='bbox 1244 3353 1464 3421; x_wconf 91' lang='lat' dir='ltr'><strong>eodem</strong></span> <span class='ocrx_word' id='word_1_241' title='bbox 1537 3351 1693 3419; x_wconf 87' lang='lat' dir='ltr'><strong>folio</strong></span> <span class='ocrx_word' id='word_1_242' title='bbox 1762 3374 1888 3439; x_wconf 90' lang='lat' dir='ltr'><strong>quo</strong></span> <span class='ocrx_word' id='word_1_243' title='bbox 1961 3356 2181 3420; x_wconf 88' lang='lat' dir='ltr'><strong>emisit</strong></span> <span class='ocrx_word' id='word_1_244' title='bbox 2242 3352 2409 3420; x_wconf 92' lang='lat' dir='ltr'><strong>illud</strong></span> <span class='ocrx_word' id='word_1_245' title='bbox 2471 3355 2530 3421; x_wconf 75' lang='grc' dir='ltr'><strong>εἴ</strong></span> <span class='ocrx_word' id='word_1_246' title='bbox 2589 3380 2668 3435; x_wconf 69' lang='grc' dir='ltr'><strong>γε</strong></span> 
     </span>
     <span class='ocr_line' id='line_1_30' title="bbox 272 3458 2670 3547; baseline -0 -18"><span class='ocrx_word' id='word_1_247' title='bbox 272 3466 523 3543; x_wconf 69' lang='grc' dir='ltr'><strong><em>γνήσιος</em></strong></span> <span class='ocrx_word' id='word_1_248' title='bbox 585 3463 613 3529; x_wconf 78' lang='grc' dir='ltr'><em>ὃ</em></span> <span class='ocrx_word' id='word_1_249' title='bbox 677 3462 865 3541; x_wconf 71' lang='grc' dir='ltr'><strong><em>λόγος</em></strong></span> <span class='ocrx_word' id='word_1_250' title='bbox 922 3459 1420 3529; x_wconf 85' lang='lat' dir='ltr'><strong>historiunculas</strong></span> <span class='ocrx_word' id='word_1_251' title='bbox 1464 3460 1746 3547; x_wconf 83' lang='lat' dir='ltr'><strong>proferre</strong></span> <span class='ocrx_word' id='word_1_252' title='bbox 1793 3459 1869 3526; x_wconf 90' lang='lat' dir='ltr'><strong>de</strong></span> <span class='ocrx_word' id='word_1_253' title='bbox 1914 3458 2225 3547; x_wconf 80' lang='lat' dir='ltr'><strong>Sophocle</strong></span> <span class='ocrx_word' id='word_1_254' title='bbox 2271 3481 2556 3528; x_wconf 88' lang='lat' dir='ltr'><strong>amorem</strong></span> <span class='ocrx_word' id='word_1_255' title='bbox 2601 3466 2670 3528; x_wconf 91' lang='lat' dir='ltr'><strong>in</strong></span> 
     </span>
    </p>
   </div>
   <div class='ocr_carea' id='block_1_9' title="bbox 274 3567 2670 3761">
    <p class='ocr_par' dir='ltr' id='par_1_11' title="bbox 274 3567 2670 3761">
     <span class='ocr_line' id='line_1_31' title="bbox 276 3567 2670 3654; baseline -0.002 -17"><span class='ocrx_word' id='word_1_256' title='bbox 276 3568 759 3637; x_wconf 87' lang='lat' dir='ltr'><strong>meretriculam</strong></span> <span class='ocrx_word' id='word_1_257' title='bbox 821 3567 1201 3634; x_wconf 83' lang='lat' dir='ltr'><strong>Theoridem</strong></span> <span class='ocrx_word' id='word_1_258' title='bbox 1248 3589 1362 3654; x_wconf 86' lang='lat' dir='ltr'><strong>per</strong></span> <span class='ocrx_word' id='word_1_259' title='bbox 1408 3568 1642 3634; x_wconf 86' lang='lat' dir='ltr'><strong>cantici</strong></span> <span class='ocrx_word' id='word_1_260' title='bbox 1690 3587 1951 3632; x_wconf 86' lang='lat' dir='ltr'><strong>versum</strong></span> <span class='ocrx_word' id='word_1_261' title='bbox 2001 3567 2203 3646; x_wconf 56' lang='grc' dir='ltr'><strong><em>»φίλη</em></strong></span> <span class='ocrx_word' id='word_1_262' title='bbox 2251 3567 2375 3647; x_wconf 75' lang='grc' dir='ltr'><strong>γὰρ</strong></span> <span class='ocrx_word' id='word_1_263' title='bbox 2424 3570 2459 3641; x_wconf 76' lang='grc' dir='ltr'><em>ἧ</em></span> <span class='ocrx_word' id='word_1_264' title='bbox 2511 3577 2670 3635; x_wconf 78' lang='grc' dir='ltr'><strong>Θεω-</strong></span> 
     </span>
     <span class='ocr_line' id='line_1_32' title="bbox 274 3670 2668 3761; baseline -0.001 -19"><span class='ocrx_word' id='word_1_265' title='bbox 274 3676 408 3756; x_wconf 79' lang='grc' dir='ltr'><strong><em>ρ1ς”</em></strong></span> <span class='ocrx_word' id='word_1_266' title='bbox 473 3674 893 3761; x_wconf 83' lang='lat' dir='ltr'><strong>significante.</strong></span> <span class='ocrx_word' id='word_1_267' title='bbox 958 3674 1083 3753; x_wconf 78' lang='lat' dir='ltr'><strong>Qui</strong></span> <span class='ocrx_word' id='word_1_268' title='bbox 1143 3679 1405 3739; x_wconf 87' lang='lat' dir='ltr'><strong>eatenus</strong></span> <span class='ocrx_word' id='word_1_269' title='bbox 1466 3674 1863 3738; x_wconf 88' lang='lat' dir='ltr'><strong>comicorum</strong></span> <span class='ocrx_word' id='word_1_270' title='bbox 1924 3670 2075 3737; x_wconf 89' lang='lat' dir='ltr'><strong>lusu</strong></span> <span class='ocrx_word' id='word_1_271' title='bbox 2133 3673 2257 3738; x_wconf 89' lang='lat' dir='ltr'><strong>sibi</strong></span> <span class='ocrx_word' id='word_1_272' title='bbox 2301 3674 2551 3758; x_wconf 91' lang='lat' dir='ltr'><strong>imponi</strong></span> <span class='ocrx_word' id='word_1_273' title='bbox 2596 3694 2668 3740; x_wconf 89' lang='lat' dir='ltr'><strong>ac</strong></span> 
     </span>
    </p>
   </div>
   <div class='ocr_carea' id='block_1_10' title="bbox 271 3778 2668 4187">
    <p class='ocr_par' dir='ltr' id='par_1_12' title="bbox 272 3778 2668 3975">
     <span class='ocr_line' id='line_1_33' title="bbox 272 3778 2668 3868; baseline -0.002 -18"><span class='ocrx_word' id='word_1_274' title='bbox 272 3786 445 3850; x_wconf 87' lang='lat' dir='ltr'><strong>iocos</strong></span> <span class='ocrx_word' id='word_1_275' title='bbox 489 3803 607 3868; x_wconf 91' lang='lat' dir='ltr'><strong>pro</strong></span> <span class='ocrx_word' id='word_1_276' title='bbox 650 3784 814 3847; x_wconf 89' lang='lat' dir='ltr'><strong>serio</strong></span> <span class='ocrx_word' id='word_1_277' title='bbox 854 3780 1171 3847; x_wconf 80' lang='lat' dir='ltr'><strong>venditari</strong></span> <span class='ocrx_word' id='word_1_278' title='bbox 1209 3780 1332 3845; x_wconf 87' lang='lat' dir='ltr'><strong>sibi</strong></span> <span class='ocrx_word' id='word_1_279' title='bbox 1374 3781 1563 3859; x_wconf 90' lang='lat' dir='ltr'><strong>sinit,</strong></span> <span class='ocrx_word' id='word_1_280' title='bbox 1606 3778 1800 3845; x_wconf 89' lang='lat' dir='ltr'><strong>illene</strong></span> <span class='ocrx_word' id='word_1_281' title='bbox 1839 3779 2076 3865; x_wconf 89' lang='lat' dir='ltr'><strong>dignus</strong></span> <span class='ocrx_word' id='word_1_282' title='bbox 2116 3784 2213 3845; x_wconf 90' lang='lat' dir='ltr'><strong>est</strong></span> <span class='ocrx_word' id='word_1_283' title='bbox 2252 3780 2437 3844; x_wconf 90' lang='lat' dir='ltr'><strong>cuius</strong></span> <span class='ocrx_word' id='word_1_284' title='bbox 2476 3780 2668 3847; x_wconf 83' lang='lat' dir='ltr'><strong>verba</strong></span> 
     </span>
     <span class='ocr_line' id='line_1_34' title="bbox 272 3882 1983 3975; baseline -0.003 -22"><span class='ocrx_word' id='word_1_285' title='bbox 272 3890 805 3975; x_wconf 82' lang='lat' dir='ltr'><strong>pro⁰gravissimi</strong></span> <span class='ocrx_word' id='word_1_286' title='bbox 851 3888 1045 3953; x_wconf 86' lang='lat' dir='ltr'><strong>testis</strong></span> <span class='ocrx_word' id='word_1_287' title='bbox 1081 3885 1503 3951; x_wconf 87' lang='lat' dir='ltr'><strong>declaratione</strong></span> <span class='ocrx_word' id='word_1_288' title='bbox 1553 3882 1983 3971; x_wconf 82' lang='lat' dir='ltr'><strong>accipiamus?</strong></span> 
     </span>
    </p>

    <p class='ocr_par' dir='ltr' id='par_1_13' title="bbox 271 3990 2667 4187">
     <span class='ocr_line' id='line_1_35' title="bbox 365 3990 2664 4080; baseline -0 -20"><span class='ocrx_word' id='word_1_289' title='bbox 365 3993 551 4060; x_wconf 91' lang='lat' dir='ltr'><strong>Nihil</strong></span> <span class='ocrx_word' id='word_1_290' title='bbox 608 3995 828 4079; x_wconf 88' lang='lat' dir='ltr'><strong>itaque</strong></span> <span class='ocrx_word' id='word_1_291' title='bbox 888 4013 1010 4080; x_wconf 88' lang='lat' dir='ltr'><strong>ego</strong></span> <span class='ocrx_word' id='word_1_292' title='bbox 1071 4014 1149 4059; x_wconf 84' lang='lat' dir='ltr'><strong>ex</strong></span> <span class='ocrx_word' id='word_1_293' title='bbox 1214 3992 1529 4058; x_wconf 87' lang='lat' dir='ltr'><strong>Athenaei</strong></span> <span class='ocrx_word' id='word_1_294' title='bbox 1584 3992 1955 4058; x_wconf 89' lang='lat' dir='ltr'><strong>testimonio</strong></span> <span class='ocrx_word' id='word_1_295' title='bbox 2017 3990 2220 4056; x_wconf 88' lang='lat' dir='ltr'><strong>efficio</strong></span> <span class='ocrx_word' id='word_1_296' title='bbox 2266 4011 2464 4077; x_wconf 87' lang='lat' dir='ltr'><strong>quam</strong></span> <span class='ocrx_word' id='word_1_297' title='bbox 2508 3992 2664 4059; x_wconf 88' lang='lat' dir='ltr'><strong>hoc:</strong></span> 
     </span>
     <span class='ocr_line' id='line_1_36' title="bbox 271 4096 2667 4187; baseline -0.001 -21"><span class='ocrx_word' id='word_1_298' title='bbox 271 4100 527 4167; x_wconf 86' lang='lat' dir='ltr'><strong>saeculo</strong></span> <span class='ocrx_word' id='word_1_299' title='bbox 590 4098 710 4165; x_wconf 85' lang='lat' dir='ltr'><strong>1V⁰</strong></span> <span class='ocrx_word' id='word_1_300' title='bbox 768 4100 966 4165; x_wconf 81' lang='lat' dir='ltr'><strong>fuisse</strong></span> <span class='ocrx_word' id='word_1_301' title='bbox 1010 4100 1125 4184; x_wconf 87' lang='lat' dir='ltr'><strong>qui</strong></span> <span class='ocrx_word' id='word_1_302' title='bbox 1170 4097 1577 4177; x_wconf 88' lang='lat' dir='ltr'><strong>dubitarent,</strong></span> <span class='ocrx_word' id='word_1_303' title='bbox 1636 4103 1860 4163; x_wconf 87' lang='lat' dir='ltr'><strong>utrum</strong></span> <span class='ocrx_word' id='word_1_304' title='bbox 1907 4096 2278 4163; x_wconf 87' lang='lat' dir='ltr'><strong>Pirithoum</strong></span> <span class='ocrx_word' id='word_1_305' title='bbox 2326 4096 2667 4187; x_wconf 85' lang='lat' dir='ltr'><strong>Euripides</strong></span> 
     </span>
    </p>
   </div>
   <div class='ocr_carea' id='block_1_11' title="bbox 271 4205 1063 4294">
    <p class='ocr_par' dir='ltr' id='par_1_14' title="bbox 271 4205 1063 4294">
     <span class='ocr_line' id='line_1_37' title="bbox 271 4205 1063 4294; baseline -0.003 -19"><span class='ocrx_word' id='word_1_306' title='bbox 271 4228 355 4275; x_wconf 82' lang='lat' dir='ltr'><strong>an</strong></span> <span class='ocrx_word' id='word_1_307' title='bbox 402 4205 641 4277; x_wconf 83' lang='lat' dir='ltr'><strong>Critias</strong></span> <span class='ocrx_word' id='word_1_308' title='bbox 687 4207 1063 4294; x_wconf 88' lang='lat' dir='ltr'><strong>scripsisset.</strong></span> 
     </span>
    </p>
   </div>
  </div>
 </body>
</html>
