3246 5085
643 338 772 407 374
1433 360 1520 413 nn
1563 358 1883 409 nummus
1929 358 2245 408 maimoo.

641 530 880 613 speeies
942 529 1002 593 ei
1062 526 1336 593 adscribi
1396 529 1696 594 sinerent.
1756 526 1879 592 Sed
1927 528 2115 593 venio
2176 547 2347 593 nunc
2410 526 2489 593 ad
2535 526 2602 591 id
2649 526 2820 611 quod
2872 527 3054 592 mihi

639 641 833 720 caput
877 637 970 700 rei
1011 640 1141 719 est3
1178 637 1312 700 iam
1351 654 1655 720 quaeram
1690 656 1849 699 num
1886 636 1955 699 in
1994 634 2378 720 fragmentis
2419 654 2581 719 qnae
2620 654 2698 699 ex
2736 633 3054 699 Pirithoo

639 746 881 806 restant
926 740 1196 819 indicia,
1245 743 1657 826 opinionesve
1707 740 2106 826 proferantur
2152 739 2519 827 Euripideis
2567 742 2949 806 contrariae.

730 845 1140 914 Coniunctim
1181 847 1523 933 spectanda
1559 854 1712 912 sunt
1751 846 1829 911 fr.
1857 845 1988 912 597
2014 851 2079 913 et
2105 846 2183 912 fr.
2210 844 2363 911 598.
2413 847 2635 912 Priore
2668 847 3050 934 fragmento

639 961 829 1039 poeta
888 956 1058 1019 inter
1119 975 1186 1019 se
1248 956 1517 1040 opponit
1575 952 1744 1040 legis
1807 958 1999 1040 atque
2062 974 2319 1018 morum
2369 955 2507 1020 vim
2554 955 2619 1018 in
2667 953 3046 1039 republica:

640 1060 890 1127 firmius
949 1081 1082 1125 esse
1143 1060 1640 1126 fundamentum
1695 1063 1765 1125 in
1811 1060 2058 1125 civium
2104 1062 2338 1125 animis
2383 1080 2577 1145 quam
2623 1062 2692 1124 in
2737 1059 3043 1147 legibus;

641 1167 754 1232 has
809 1169 977 1231 enim
1027 1173 1266 1234 temere
1315 1168 1392 1233 ab
1441 1169 1798 1233 oratoribus
1843 1168 1957 1252 qui
2002 1168 2247 1232 civium
2294 1167 2584 1254 partibus
2630 1170 2922 1252 praesint.
2972 1169 3045 1231 in

639 1275 985 1359 perniciem
1030 1275 1311 1340 civitatis
1351 1276 1657 1340 converti.
1698 1273 1919 1338 Animi
1942 1277 2163 1338 autem
2187 1275 2550 1357 mentisque
2574 1274 3048 1359 praestantiam

641 1377 920 1446 alterum
959 1380 1181 1446 laudat
1221 1381 1691 1467 fragmentum,
1728 1381 2160 1446 certissimum
2202 1380 2261 1443 ἐν
2300 1380 2384 1459 τῷ
2409 1386 2648 1459 φρονεῖν
2672 1379 3045 1445 subsidium

641 1507 777 1552 esse
846 1487 1246 1573 praedicans,
1318 1492 1703 1572 quapropter
1762 1489 1931 1551 recte
1990 1484 2184 1550 illum
2247 1485 2580 1550 hominem
2637 1485 2861 1551 fecisse
2929 1488 3045 1571 qui

641 1596 894 1659 mutato
941 1598 1156 1660 vetere
1203 1594 1538 1680 proverbio
1585 1599 1825 1658 sortem
1871 1592 2179 1657 adiuvare
2228 1591 2572 1679 prudentes
2617 1592 2944 1659 docuerit:

730 1700 808 1766 fr.
859 1697 991 1766 597
1091 1700 1309 1779 τρόπος
1357 1699 1418 1764 δὲ
1467 1699 1741 1780 χρηστὸς
1790 1699 2262 1778 ἀσφαλέστερος
2310 1697 2528 1775 νόμου·

1096 1809 1197 1871 τὸν
1243 1806 1357 1883 μὲν
1405 1805 1531 1885 γὰρ
1579 1805 1767 1877 οὐδεὶς
1818 1803 2317 1887 ἄν’διαστρέψαι
2366 1805 2515 1870 ποτὲ

1095 1910 1279 1990 λόγος
1331 1911 1610 1991 δύναιτο,
1661 1913 1762 1978 τὸν
1810 1911 1862 1977 δ’
1910 1911 2031 1977 ἄνω
2082 1936 2151 1976 τε
2202 1912 2306 1976 καὶ
2359 1909 2528 1976 κάτω

1097 2018 1284 2100 ῥήτωρ
1332 2018 1709 2100 σπαρίσσων
1756 2017 2066 2091 πολλάκις
2114 2017 2510 2097 λυμαίνεται.

731 2235 808 2301 fr.
859 2232 991 2299 598
1083 2234 1111 2299 ὃ
1163 2238 1392 2313 πρῶτος
1439 2233 1618 2299 εἰπὼν
1668 2234 1774 2301 οὐκ
1819 2232 2208 2313 ἀγυμνάστῳ
2256 2232 2427 2312 Φρενὶ

1098 2338 1333 2420 ἔρριψεν
1379 2337 1546 2413 ὅστις
1595 2338 1755 2405 τόνδ’
1804 2341 2102 2407 ἑκαίνισεν
2148 2338 2356 2419 λόγον,

1099 2447 1177 2519 ὥς
1225 2454 1411 2511 τοῖσιν
1461 2442 1528 2511 εὖ
1576 2450 1860 2527 Φρονοῠσι
1907 2453 2252 2529 συμμαχεῖ
2292 2445 2481 2525 τύχη.

733 2552 986 2619 Dixerit
1045 2554 1312 2619 fortasse
1355 2556 1681 2640 quispiam
1727 2556 2075 2620 sententias
2124 2554 2296 2619 hisce
2344 2551 2593 2618 duobus
2639 2551 3029 2636 fragmentis

642 2658 922 2746 prolatas
960 2661 1070 2724 vix
1109 2666 1244 2725 tam
1284 2661 1640 2746 insignem,
1686 2666 1819 2727 tam
1860 2660 2250 2746 peculiarem
2291 2661 2675 2746 sapientiam
2709 2659 3036 2723 continere

639 2771 716 2831 ut
760 2787 836 2831 ex
884 2767 966 2831 iis
1013 2773 1262 2833 certum
1311 2766 1630 2852 quendam
1678 2771 1935 2852 poetam
1980 2786 2287 2852 agnoscas
2304 2786 2322 2844 3
2370 2764 2527 2830 talia
2572 2764 2700 2830 dici
2744 2765 3033 2850 potuisse

639 2894 676 2938 a
736 2875 966 2959 quovis
1027 2878 1214 2959 poeta
1267 2875 1535 2939 scenice.
1584 2875 1882 2939 Potuisse
1931 2894 2059 2938 non
2109 2872 2377 2960 negabo.
2427 2869 2553 2937 Sed
2601 2891 2794 2937 suum
2839 2870 3034 2939 habet

640 2981 911 3065 quisque
957 2977 1322 3065 disputandi
1353 2979 1746 3064 ‘dicendique
1792 2999 2018 3064 genus.
2070 2977 2254 3059 Quod
2298 2980 2367 3044 in
2412 2977 2586 3043 hisce
2631 2977 2795 3042 mihi
2842 2975 3031 3063 plane

639 3083 1063 3170 Euripideum
1099 3084 1378 3164 videtur,
1413 3082 1881 3150 alienissimum
1917 3085 1995 3149 ab
2021 3083 2329 3169 Euripide
2354 3105 2503 3150 cum
2534 3082 3026 3148 Wilamowitzio

639 3190 826 3256 hodie
872 3191 1158 3256 iudicant
1202 3190 1510 3277 plerique.
1555 3190 1953 3277 Quapropter
1999 3189 2314 3256 audienda
2360 3195 2511 3255 sunt
2556 3211 2719 3275 qnae
2756 3191 2823 3254 in
2859 3190 3029 3254 Ana·

638 3296 825 3362 lectis
889 3295 966 3362 de
1030 3297 1148 3362 hac
1193 3300 1334 3384 ipsa
1378 3317 1444 3363 re
1492 3299 1750 3382 scripsit
1800 3299 1901 3362 vir
1949 3317 2283 3375 summus,
2333 3317 2494 3382 quae
2542 3296 2730 3362 hodie
2776 3316 3023 3382 quoque

639 3402 1018 3488 persuadere
1078 3402 1306 3469 multis
1366 3408 1651 3490 pergunt
1697 3403 2073 3489 Euripidem
2120 3425 2246 3469 non
2292 3405 2387 3468 ita
2433 3405 2753 3469 censuisse
2797 3401 2873 3468 de
2922 3402 3026 3468 ho-
3122 3463 3137 3480 ,

640 3513 898 3576 minum
941 3509 1154 3576 indole
1201 3515 1275 3574 ut
1316 3511 1386 3574 in
1432 3511 1793 3596 fragmento
1840 3509 1993 3576 597.
2044 3508 2176 3575 598
2217 3508 2560 3575 iudicatur.

732 3615 1002 3684 Censuit
1049 3619 1268 3702 itaque
1312 3636 1383 3682 ac
1428 3623 1642 3682 censet
1682 3618 1904 3702 opinor
1937 3615 2365 3682 Wilamowitz
2408 3615 2806 3693 „secundum
2841 3613 3025 3680 Euri-

639 3720 858 3810 pidem
895 3729 1134 3789 certam
1170 3724 1418 3809 ingenii
1451 3728 1518 3789 et
1554 3743 1813 3788 morum
1850 3723 2135 3789 indolem
2152 3701 2530 3788 liominibus
2566 3723 2854 3788 innatam
2889 3740 3023 3786 esse

641 3851 802 3916 quae
839 3828 1016 3894 nulla
1055 3849 1339 3914 unquam
1379 3827 1445 3894 re
1486 3827 1685 3894 deleri
1725 3834 1972 3915 posset,
2014 3831 2195 3912 sequi
2233 3829 2525 3894 homines
2556 3848 2696 3894 eam
2722 3825 2901 3894 fatali
2926 3847 3025 3891 ne-

639 3939 972 4014 cessitate,
1023 3942 1097 4000 ut
1142 3933 1248 4001 vel
1285 3957 1432 4000 cum
1475 3940 1644 4000 recte
1685 3935 2071 4020 honesteque
2111 3935 2315 4001 facere
2353 3933 2630 4013 vellent,
2667 3955 2818 4000 cum
2857 3941 3023 4000 recte

641 4049 706 4108 et
745 4045 1007 4108 honeste
1047 4045 1394 4120 sentirent,
1431 4044 1626 4107 inviti
1668 4063 1924 4128 peccare
1961 4047 2363 4130 cogerentur.
2412 4041 2613 4107 Plane
2644 4043 3024 4107 contrariam

637 4151 848 4234 igitur
903 4148 1200 4234 Euripidi
1263 4147 1576 4234 placuisse
1640 4150 2026 4214 sententiam
2084 4148 2473 4227 Socraticae,
2524 4168 2685 4234 quae
2733 4169 2812 4214 ex
2857 4155 3024 4213 recte

638 4275 916 4341 praveve
964 4253 1310 4320 intellectis
1356 4262 1526 4320 recte
1574 4276 1849 4341 praveve
1887 4256 2053 4321 facta
2093 4254 2473 4321 deduceret'’
2516 4252 2729 4336 (Anal.
2754 4276 2817 4340 p.
2850 4253 3022 4333 165).

733 4360 1122 4446 Opiniones,
1161 4359 1398 4426 iudicia
1437 4359 1741 4440 moralia,
1786 4361 2024 4449 placita
2069 4361 2147 4427 de
2195 4361 2461 4428 deorum
2511 4363 2645 4428 vita
2688 4367 2883 4446 atque
2930 4363 3022 4426 in-

637 4469 830 4556 genio
875 4474 1189 4553 quatenus
1233 4487 1380 4534 suas
1426 4472 1739 4554 quatenus
1784 4467 2023 4536 alienas
2070 4475 2261 4554 poeta
2309 4469 2593 4534 scenicus
2634 4466 2911 4553 proferat
2948 4469 3014 4532 in
