3246 5085
1287 319 1612 394 nolumus(
1824 353 1829 356 ·
2513 328 2646 394 249

187 545 204 558 ·
247 515 396 596 post
418 530 785 576 concessum
804 559 821 588 ,
851 515 924 574 ut
953 512 1236 586 „mirum
1260 512 1386 574 nisi
1409 511 1472 576 h.
1501 533 1560 596 q.
1586 534 1649 597 p.
1678 532 1737 580 0.
1761 511 1923 576 est'’.
1950 547 2035 559 —
2063 509 2159 590 (3)
2185 510 2311 577 Hic
2330 560 2346 590 ,
2392 514 2644 598 inquit,

247 617 568 682 eiusmodi
614 622 742 694 est,
793 622 869 680 ut
915 619 1110 682 etiam
1149 638 1298 682 cum
1346 615 1518 682 mala
1564 617 1927 683 condicione
1973 617 2416 703 paciscendum
2465 621 2570 684 sit.

339 721 550 788 Schol.
615 723 710 802 (2)
781 724 1042 808 respicit
1113 721 1478 789 Gnathonis
1550 724 1743 788 verba
1812 745 1909 788 vs.
1976 722 2058 790 57
2131 725 2364 802 „Prius
2425 727 2646 791 audite

243 833 503 916 paucis;
573 829 741 913 quod
803 850 951 893 cum
1017 829 1265 907 dixer0,
1331 832 1386 894 si
1449 829 1799 915 placuerit,
1859 830 2189 908 facitote’',
2238 852 2351 896 nec
2396 830 2648 898 Donato

243 937 592 1023 indignum
655 935 980 1000 videretur
1043 938 1098 1000 si
1160 935 1477 1001 Phaedria
1522 939 1746 1000 r‘evera
1794 944 1907 1001 aut
1956 935 2490 1003 deliberationem
2538 945 2653 1004 aut

243 1044 714 1110 concessionem
777 1049 1160 1119 recusasset,
1212 1042 1384 1126 quod
1429 1063 1611 1107 secus
1661 1049 1790 1120 est,
1839 1035 1990 1108 nam
2041 1043 2208 1130 nihil
2263 1044 2429 1109 dixit
2476 1067 2652 1130 prae-

241 1157 344 1215 ter
406 1147 489 1216 73
516 1171 610 1234 sq.
679 1148 894 1226 „Hem
955 1148 1397 1233 recipiendum
1415 1145 1483 1212 ?'’
1545 1147 1616 1214 Si
1674 1149 1773 1230 (2)
1829 1171 1941 1235 pro
1988 1148 2483 1234 interpolatione
2532 1150 2642 1216 eli·

241 1259 552 1332 minatur,
617 1253 930 1320 redundat
995 1276 1202 1320 unum
1265 1257 1645 1320 continuum
1693 1253 1976 1321 scholion
2026 1255 2265 1322 Donati
2312 1256 2649 1338 (1)-1-(3)

245 1363 493 1429 bonum
543 1366 610 1426 et
653 1363 1010 1448 integrum.

337 1467 497 1533 Ibid.
549 1465 634 1532 55
706 1467 1087 1553 Recipiatis:
1139 1469 1296 1532 satis
1345 1467 1456 1531 diu
1508 1467 1629 1534 hoc
1677 1469 1807 1532 iam
1859 1488 2089 1532 saxum
2135 1489 2327 1534 vorso

337 1575 444 1641 Sic
489 1573 747 1640 Gnatho
791 1571 1023 1659 lepide.
1077 1574 1200 1639 Pro
1250 1575 1524 1652 „vorso”
1575 1582 2018 1640 commentum
2071 1574 2377 1651 „volvo''.

336 1683 434 1764 (2)
481 1682 905 1748 Proverbium
951 1684 1019 1746 in
1064 1703 1170 1747 eos
1218 1683 1330 1767 qui
1364 1679 1798 1747 inextricabili
1833 1679 2045 1747 labore
2084 1681 2304 1748 afflicti
2340 1688 2521 1760 sunt,
2549 1719 2634 1732 —-

242 1789 342 1869 (3)
404 1787 492 1854 Et
552 1789 710 1853 bene
774 1787 1088 1865 „saxum”
1153 1787 1229 1853 de
1279 1787 1482 1854 stulto
1528 1787 1775 1866 milite,
1824 1793 1891 1853 et
1941 1799 2055 1864 <se
2074 1785 2147 1862 2²>
2199 1790 2416 1874 ipsum
2461 1788 2637 1876 Sisy-

242 1897 452 1982 phum
499 1895 668 1960 fecit.
719 1931 802 1943 —
851 1893 947 1974 (4)
993 1893 1176 1959 velut
1225 1893 1544 1981 Sisyphus
1591 1894 1763 1981 apud
1809 1895 2067 1960 inferos.

337 2000 519 2066 Tolle
563 1999 1121 2087 interpolationem
1170 2007 1235 2066 et
1281 2001 1486 2066 denuo
1532 2002 1817 2087 resurgit
1861 2022 2064 2065 unum
2115 2001 2313 2067 schol.
2364 2003 2639 2088 integer-

242 2110 510 2173 timum.

345 2213 510 2278 Ibid.
561 2211 647 2277 58
718 2211 846 2277 Ubi
894 2215 1026 2290 vis,
1077 2212 1300 2278 accede

337 2319 434 2400 (3)
479 2319 566 2384 Et
617 2319 813 2396 „ubi”
861 2320 987 2383 nisi
1033 2318 1356 2404 quando
1402 2317 1833 2399 intellexeris,
1884 2322 2121 2385 vitium
2173 2327 2289 2386 est.
2430 2320 2641 2385 Adno-

244 2429 408 2492 tatio
448 2424 825 2491 scholastica
869 2447 1355 2510 supervacanea.
1396 2426 1626 2492 Simile
1664 2427 2041 2496 adnotatum
2081 2436 2178 2494 est
2214 2428 2308 2493 III
2339 2430 2395 2493 1.
2428 2428 2511 2492 16
2538 2429 2635 2509 (2)

247 2532 464 2613 „Ubi”
529 2554 644 2617 pro
704 2531 1027 2618 quando
1089 2538 1155 2597 et
1218 2535 1287 2597 in
1351 2533 1453 2598 his
1499 2539 1564 2598 et
1608 2556 1805 2620 supra
1850 2540 1969 2614 (vs.
2030 2534 2158 2617 15),
2206 2535 2315 2601 sed
2364 2537 2630 2614 meritc,

239 2644 395 2727 quia
457 2640 702 2724 ambigi
763 2638 1038 2725 potest’'.
1104 2639 1282 2705 Alibi
1328 2642 1458 2705 iam
1505 2644 1723 2706 notavi
1774 2644 2258 2727 repetitionem:
2315 2641 2512 2720 „Ubi
2563 2648 2633 2707 et

237 2747 464 2813 locum
510 2751 575 2810 et
619 2752 878 2831 tempus
923 2746 1310 2832 significat'',
1359 2745 1451 2810 III
1505 2746 1564 2811 1.
1591 2746 1679 2811 50
1704 2748 1801 2827 (1)
1850 2753 1916 2813 et
1964 2748 2024 2813 5.
2054 2748 2159 2813 52.

332 2852 496 2919 Ibid.
550 2852 634 2918 60
703 2852 790 2917 Et
835 2852 1214 2918 conlaudavi
1257 2852 1609 2919 secundum
1661 2855 1829 2919 facta
1874 2862 1937 2919 et
1986 2857 2266 2920 virtutes
2312 2861 2457 2920 tuas

335 2960 432 3040 (1)
481 2960 566 3025 Et
610 2960 731 3024 hoc
775 2959 1136 3038 ἀμφίβολον
1187 2960 1293 3039 (cf.
1343 2960 1420 3025 ad
1471 2958 1605 3039 59),
1646 2981 1801 3025 nam
1848 2963 2122 3026 virtutes
2171 2961 2480 3039 εἰρωνικῶς
2520 2981 2635 3045 pro

239 3068 427 3133 vitiis
472 3070 821 3150 ponuntur,
877 3070 952 3129 ut
1004 3066 1238 3161 ,meseia
1284 3068 1390 3150 qui
1436 3064 1533 3129 vir
1581 3066 1739 3129 εἰᾶθ’
1783 3066 1930 3146 (Ad.
1972 3066 2059 3131 IV
2087 3064 2147 3133 7.
2178 3066 2246 3148 5)
2287 3074 2345 3130 et
2384 3068 2510 3146 (W.
2552 3074 2636 3147 c.)

241 3178 551 3251 „ornatus
599 3192 766 3237 esses
813 3192 888 3236 ex
937 3174 1070 3237 tuis
1119 3172 1514 3237 virtutibus’'
1563 3171 1711 3251 (Ad.
1760 3172 1823 3237 II
1876 3173 1935 3238 1.
1964 3173 2098 3254 22).
2239 3173 2337 3253 (2)
2375 3174 2637 3259 Proprie

239 3279 567 3345 militibus
612 3277 1064 3343 adscribuntur
1111 3277 1387 3356 „facta'’.
1550 3278 1647 3359 (3)
1698 3280 1996 3345 Amarior
2034 3286 2133 3346 est
2177 3282 2384 3345 ironia
2431 3281 2499 3343 in
2550 3282 2641 3345 vi-

237 3390 442 3453 tiosos
489 3372 783 3450 homines
829 3405 1022 3469 quam
1069 3386 1328 3449 veritas.

332 3491 430 3557 De
474 3492 782 3577 postremi
826 3492 1190 3555 sinceritate
1236 3488 1440 3554 valde
1466 3489 1691 3555 dubito
1710 3540 1725 3569 ,
1769 3495 1939 3577 sapit
1978 3492 2438 3579 philosophum
2476 3494 2633 3559 trita

232 3599 673 3685 profitentem3
715 3597 1094 3682 praecedens
1131 3596 1226 3676 (2)
1275 3595 1663 3662 confidenter
1708 3598 1968 3665 scholiis
2009 3598 2397 3666 militaribus
2439 3599 2633 3665 adnu-

236 3727 416 3771 mero
436 3752 452 3781 ,
504 3724 666 3789 quae
702 3703 935 3768 intulit
978 3701 1224 3769 Editor.

333 3811 497 3877 Ibid.
549 3810 634 3875 62
702 3810 800 3874 Ite
849 3810 968 3875 hac

333 3918 430 3999 (2)
478 3916 614 3997 Quo
663 3923 848 3983 vocat
889 3913 1246 4002 parasitus?
1295 3916 1395 3980 Ad
1438 3920 1840 3983 meretricem
1883 3940 1959 3983 an
2005 3918 2083 3983 ad
2126 3940 2343 3987 cenam
2384 3917 2638 3997 militis,

237 4032 316 4091 ut
361 4027 660 4111 promisit
712 4024 945 4102 „Hunc
992 4022 1454 4089 comedendum
1505 4028 1568 4088 et
1616 4024 2035 4091 deridendum
2085 4026 2349 4091 censeo”
2400 4032 2520 4103 (vs.
2548 4024 2632 4093 57

233 4136 350 4219 qni
373 4138 590 4197 tamen
615 4130 805 4197 aliter
829 4131 1060 4209 audit).
1157 4130 1252 4210 (3)
1280 4128 1729 4197 Comessatum
1754 4131 1834 4196 ad
1861 4131 2145 4198 militem
2176 4133 2280 4198 vel
2306 4131 2637 4199 Thaidem.

324 4237 500 4304 Illud
545 4241 877 4324 spurium,
921 4238 1038 4302 hoc
1077 4257 1484 4323 germanum.
1543 4236 1866 4303 Donatum
1908 4238 2233 4305 dubitasse
2274 4242 2343 4303 in
2382 4261 2449 4304 re
2486 4242 2642 4305 satis

232 4350 410 4412 certa
458 4343 738 4410 ostendit
783 4342 1102 4409 scholium
1150 4342 1266 4423 (4).
