3246 5085
647 303 783 375 256
1700 329 1989 383 monus.

647 513 824 570 -ειος,
889 513 1005 556 eur
1067 491 1384 566 ὥηδόνιος
1447 495 1861 563 scribendum
1906 499 1993 562 sit
2039 501 2257 583 potius
2304 501 2474 586 apud
2520 505 2841 568 comicum
2890 509 3047 585 (tra-

647 601 944 683 gicorum
1005 601 1177 664 enim
1223 599 1349 665 alia
1397 605 1496 665 est
1539 603 1729 680 ratio)
1774 624 1971 688 quem
2022 641 2103 652 —
2152 605 2321 691 quod
2368 606 2681 673 traditum
2732 645 2819 658 -·
2869 609 3051 684 ἀηδό-

649 731 886 785 νειος,
938 727 1041 771 me
1090 705 1280 771 latet:
1335 704 1514 771 ὕπνον
1564 707 1865 781 οὶηδένειον
1910 713 2002 776 ita
2051 711 2296 777 dictum
2344 713 2615 780 arbitror
2663 721 2737 779 ut
2784 716 3050 780 θάνατον

647 813 873 877 κύνειον
923 820 986 878 et
1033 812 1292 878 similia.
1346 812 1570 898 Itaque
1617 817 1709 880 sie
1755 819 2119 901 scripserim
2167 821 2615 903 potissimum:

919 920 968 984 εἶ
1018 921 1327 996 πεύσομαι
1380 922 1481 985 τὸν
1529 922 1831 995 οἱηδόνειον
1882 924 2185 1006 <μόνον>
2235 923 2413 990 ὕπνον

919 1033 1026 1101 τῆς
1078 1026 1290 1099 νυκτὸς
1340 1027 1802 1106 α’ποδαρθόντα,
1853 1031 2079 1096 σαυτὸν
2127 1031 2324 1096 αἰτιῶ.

645 1129 813 1199 Cum
855 1132 1183 1199 Meinekio
1221 1132 1601 1219 Naberoque
1646 1136 2060 1220 expectabam
2103 1137 2351 1209 αὐτός
2397 1143 2545 1203 ante
2588 1139 2833 1219 σαυτόν,
2870 1141 3047 1226 quod

644 1242 858 1303 tamen
904 1240 1039 1304 sine
1086 1240 1288 1303 nimia
1336 1237 1665 1304 violentia*
1698 1260 1820 1306 non
1868 1240 2131 1307 videtur
2174 1263 2357 1329 posse
2402 1245 2618 1310 inseri.

733 1425 908 1506 42,9
955 1461 1036 1486 =
1083 1425 1287 1492 Bekk.
1352 1427 1588 1493 Anecd.
1642 1426 1797 1507 352,
1826 1427 1934 1494 23.
2003 1467 2087 1479 --
2161 1431 2480 1514 Ἀθήναζε.
2544 1433 2812 1500 Πλάτων
2879 1445 3047 1516 Παρ·

641 1533 853 1616 μενίδψ
893 1533 1148 1615 (126a).

731 1641 888 1705 Post
952 1641 1218 1704 Πλάτων
1281 1640 1451 1725 quod
1510 1643 1577 1705 in
1639 1640 1843 1707 lexico
1909 1642 2301 1728 Segueriano
2349 1646 2642 1730 sequitur
2684 1647 3041 1713 absurdum

641 1747 1153 1812 additamentum
1205 1749 1276 1810 ἐν
1329 1749 1800 1831 Ὀδυσσείᾳ,
1840 1754 1906 1813 et
1943 1747 2286 1815 delendum
2328 1772 2462 1818 esse
2499 1759 2707 1837 patet,
2758 1762 2820 1819 et
2871 1752 3041 1819 olim

641 1855 754 1940 qui
826 1857 1151 1941 perspexit
1211 1853 1468 1920 Mehler
1529 1855 1877 1935 (Mnemos.
1947 1855 2127 1928 1855,
2170 1879 2231 1942 p.
2287 1857 2465 1938 146),
2531 1865 2715 1924 acute
2764 1865 3041 1926 eonieeit

641 1981 720 2024 ex
781 1958 906 2025 alia
967 1959 1214 2045 glossa:
1287 1959 1610 2041 ,,ἄθυρμα·
1664 1971 1957 2041 Κρατῖνος
2008 1963 2081 2026 ἐν
2132 1963 2711 2031 Ὀδυσσεῦσιν”
2761 1967 2885 2032 hue
2930 1969 3043 2033 ab·

640 2086 899 2132 errasse.

730 2250 954 2328 43,13
1003 2289 1084 2314 =
1132 2251 1335 2316 Bekk.
1378 2251 1614 2316 Aueed.
1666 2251 1818 2330 352,
1846 2251 1955 2318 20.
2008 2288 2092 2301 —·
2160 2255 2419 2330 ἀθυμία.
2472 2252 2788 2334 Ἡρόδοτος
2837 2260 2897 2322 ἐν
2948 2261 3035 2336 τῶ

639 2356 683 2423 ὦ
733 2361 924 2423 αὐτοῦ
978 2358 1144 2436 λόγῳ
1192 2356 1336 2438 (37)
1385 2359 1492 2431 τὴν
1539 2360 1902 2437 ἀτυχίαν
1952 2360 2147 2437 λέγει.

731 2463 1203 2551 Corrigendum
1254 2467 1522 2545 ἁψυχί
1539 2490 1630 2528 αν
1679 2465 1963 2548 (Naber).
2015 2503 2098 2515 —
2145 2466 2243 2532 En
2286 2488 2531 2533 novum
2568 2472 3041 2536 certissimum-

638 2591 760 2655 que
824 2570 1193 2656 exemplum
1254 2571 1621 2637 litterarum
1684 2581 1741 2637 T
1790 2581 1856 2637 et
1904 2582 1957 2637 Ψ
2012 2579 2545 2659 permutatarum.
2595 2576 2770 2657 Quae
2818 2579 2875 2643 si
2919 2582 3037 2643 eui

637 2678 833 2743 dubia
890 2678 1096 2743 videri
1153 2686 1365 2763 posset
1412 2678 1813 2757 emendatiO,
1863 2680 2223 2745 confirmari
2270 2687 2487 2765 posset
2532 2680 2766 2748 collata
2808 2681 3037 2770 glossa

636 2788 962 2871 proxima:
1012 2786 1305 2872 ἀθυμεῖν·
1359 2785 1456 2847 ἐπὶ
1507 2790 1611 2848 τοῦ
1661 2796 1751 2866 τῇ
1803 2792 2030 2867 ψυχῇ
2079 2790 2665 2853 καταπεπτωκέναι.

728 2974 905 3054 44,4
952 3011 1025 3037 .--..
1078 2972 1283 3039 Bekk.
1334 2973 1570 3039 Aneed.
1621 2972 1913 3051 360,10.
1980 3014 2067 3024 -
2132 2976 2336 3042 alal.
2402 2977 2779 3042 ἀκόντιον
2820 2982 3033 3055 'Aoni-

634 3108 812 3157 νησι
863 3084 996 3147 καὶ
1047 3084 1117 3147 τὸ
1164 3088 1296 3162 (τοῦ
1350 3080 1629 3161 Bekker)
1680 3083 1915 3147 Αἰακοῦ
1965 3082 2237 3156 τέμενος.

725 3188 984 3253 Primus
1045 3188 1197 3253 huie
1256 3186 1391 3253 loco
1454 3186 1667 3253 lucem
1718 3187 1942 3253 attulit
1990 3186 2191 3255 Cobet
2238 3187 2381 3255 Ver.
2432 3190 2606 3255 Leet.
2655 3212 2717 3277 p.
2768 3190 2879 3268 87,
2930 3196 3031 3257 sie

632 3299 989 3381 corrigens:
1033 3296 1454 3359 Aianteion·
1500 3294 1584 3359 τὸ
1625 3296 1997 3370 Ἀθήνησι
2042 3300 2146 3360 τοῦ
2176 3296 2407 3361 Αἰακοῦ
2434 3297 2707 3374 τέμενος.
2748 3295 3031 3363 Secutus

631 3410 726 3468 est
767 3400 1043 3477 Mehler,
1091 3404 1202 3487 qui
1248 3402 1401 3465 duas
1446 3400 1692 3487 glossas
1743 3402 1935 3467 Λὶαία
1987 3408 2157 3473 νῆσος
2208 3409 2272 3468 et
2320 3406 2604 3469 Λῖακεῒον
2642 3403 3027 3470 confluxisse

630 3511 896 3574 coniecit
958 3507 1277 3573 Mnemos.
1353 3506 1524 3573 1855
1588 3530 1651 3592 p.
1703 3506 1810 3573 32.
1878 3508 2066 3574 Nunc
2114 3509 2529 3595 probabiliter
2574 3512 2804 3576 statuit
2850 3509 3025 3575 Reit-

629 3616 909 3681 zenstein
958 3622 1076 3678 tres
1122 3615 1308 3679 hasce
1356 3614 1602 3701 glossas
1648 3618 1999 3700 permixtas
2047 3635 2214 3686 esse:
2273 3615 2337 3695 1)
2377 3616 2549 3693 αἱαὶ,
2600 3615 2667 3694 2)
2708 3618 3021 3693 αἰγανὲα·

629 3724 902 3788 ἀκόντιον
964 3729 1199 3801 <nonne
1263 3720 1640 3796 αἱγανέαι·
1706 3718 2081 3801 ἀκόντιαῖ),
2145 3728 2211 3787 et
2274 3724 2573 3800 tertiam,
2635 3743 2799 3807 quae
2846 3724 3021 3808 apud

627 3829 1030 3917 Hesychium
1081 3829 1182 3892 his
1229 3828 1442 3892 verbis
1489 3825 1734 3912 legitur
1780 3835 2116 3913 concepta:
2159 3830 2478 3893 Λίακεῖον·
2522 3825 2588 3893 οὗ
2626 3830 2826 3909 φασὶν
2870 3832 3025 3895 Αἶα-

628 3938 729 4002 κὸν
776 3938 1034 4008 οἰκῆσαι.

718 4122 939 4201 44,15
987 4156 1066 4183 =
1113 4122 1318 4189 Bekk.
1388 4123 1620 4189 Anecd.
1678 4122 1829 4201 353,
1860 4123 1967 4190 26.
2021 4112 2499 4205 --αἷγιοὶζειν
2548 4124 2683 4191 ἀντὶ
2736 4130 2843 4190 τοῦ
2892 4151 3017 4191 πε-

624 4231 931 4308 ριάγων
981 4238 1218 4295 λαλεῖν.

715 4336 839 4417 Qui
902 4357 1126 4401 verum
1193 4336 1368 4413 περὶ
1435 4337 1692 4414 αἰγῶν
1760 4340 2011 4432 pri-mus
2068 4339 2355 4403 restituit
2402 4358 2524 4403 non
2568 4336 2830 4405 -Bekker
2877 4345 3017 4419 est,

619 4442 730 4509 sed
777 4441 931 4508 Bast
975 4444 1042 4507 in
1091 4441 1653 4509 Commentatione
1701 4442 2241 4531 Palaeographiea
2287 4466 2348 4530 p.
2400 4442 2531 4509 884
2580 4444 2867 4543 (Nuber).
