3246 5085
630 359 711 424 14
1309 309 1327 323 ³
1662 365 1972 423 noun-us.

725 541 812 607 IV
877 539 1054 608 '7237
1103 540 1199 622 (2)
1267 541 1436 606 Bene
1511 539 2017 619 „iracundiam”,
2085 560 2233 604 nam
2302 541 2427 604 ira
2494 539 2571 604 de
2634 559 2823 604 causa
2882 547 3019 618 est,

626 645 1080 712 iracundia
1139 645 1216 711 de
1278 649 1440 712 vitio
1496 645 1783 710 multum
1830 647 2179 709 irascentis.
2362 643 2417 708 V
2465 643 2717 726 3.8(2)
2764 647 2889 709 ira
2934 644 3018 709 de

627 771 822 816 causa
868 757 992 830 est,
1043 751 1486 815 iracundia
1532 750 1608 814 de
1655 750 1962 814 moribus.
2099 749 2285 814 Item.

723 939 910 1004 Hec.
959 938 1021 1003 ΙΙ
1072 939 1130 1005 1.
1164 939 1238 1003 11
1271 937 1368 1018 (3)
1413 937 1909 1004 Resciscere
1948 944 2043 1002 est
2083 948 2330 1014 (cum)
2371 937 2540 1022 quod
2580 937 2656 1002 de
2693 937 3017 1002 industria

629 1043 871 1109 celatur
917 1047 1028 1110 vix
1077 1050 1608 1130 argumentorum
1649 1045 1719 1108 vi
1757 1046 2146 1128 agnoscitur.
2286 1041 2380 1107 III
2422 1043 2479 1106 1.
2510 1041 2547 1106 5
2591 1043 3015 1120 „resciscere”

637 1157 855 1216 autem
906 1157 1004 1216 est
1047 1153 1157 1215 vix
1205 1151 1517 1235 reperire,
1565 1149 1733 1233 quod
1785 1152 2025 1232 (quis)
2075 1147 2151 1212 de
2195 1148 2510 1212 industria
2556 1155 2820 1232 quaerat
2858 1145 3023 1212 cela-

628 1262 797 1320 tum.
990 1254 1045 1319 V
1095 1256 1156 1320 4.
1184 1252 1269 1320 27
1319 1255 1414 1336 (4)
1460 1257 1916 1318 resciscere
1962 1258 2058 1318 est
2117 1273 2564 1339 recognoscere
2625 1259 2689 1318 et
2749 1255 2859 1318 vix
2925 1254 3026 1316 in-

629 1365 893 1438 venire,
943 1361 1111 1446 quod
1178 1363 1321 1446 quis
1382 1363 1695 1426 nescierit.
1880 1358 2020 1424 Hoc
2067 1363 2331 1425 tertium
2379 1358 2593 1443 prodit
2637 1360 3021 1444 imperitum

617 1470 1036 1534 imitatorem.

711 1655 1028 1720 Phorm.
1077 1653 1138 1718 II
1179 1653 1218 1717 3
1250 1653 1300 1718 B
1329 1651 1364 1718 '7
1393 1653 1489 1734 (1)
1540 1654 1803 1738 „Neque
1850 1656 1989 1718 eius
2036 1658 2282 1738 patrem
2332 1674 2399 1718 se
2448 1653 2650 1719 scire’'
2692 1652 3013 1737 ambigui-

618 1766 749 1835 tas,
814 1779 973 1843 quae
1035 1765 1251 1823 tamen
1315 1759 1697 1823 discernitur
1743 1779 1955 1823 censu.
2096 1757 2255 1823 Ibid.
2306 1758 2358 1822 B
2410 1757 2615 1838 19<1)
2667 1757 2789 1836 „Se
2837 1758 3009 1822 hunc

619 1863 992 1950 negligere'’
1041 1864 1432 1942 ἀμφιβολία,
1485 1862 1592 1928 sed
1640 1884 1801 1947 quae
1838 1885 2029 1928 sensu
2069 1863 2465 1930 dissolvitur.
2604 1863 2727 1928 Vix
2760 1871 3010 1928 utrum-

621 1990 743 2053 que
809 1968 886 2033 D.
951 1968 1126 2034 dedit
1186 1967 1343 2034 locis
1405 1976 1537 2034 tam
1597 1966 2006 2055 propinquis,
2056 1990 2209 2056 ergo
2256 1969 2513 2034 attende
2558 1972 3007 2054 repetitionem

621 2077 898 2139 inveniri
944 2077 1009 2139 in
1057 2075 1277 2140 eadem
1324 2077 1486 2139 serie
1531 2073 1604 2138 B.

711 2179 925 2245 Habes
965 2183 1374 2264 repetitiones
1416 2201 1637 2244 omnes
1680 2179 1815 2256 vel,
1856 2182 1912 2244 si
1952 2200 2107 2264 quas
2151 2180 2313 2245 forte
2353 2183 2579 2258 omisi,
2620 2181 2749 2245 fere
2783 2201 3005 2246 omnes

620 2306 780 2370 quae
827 2284 984 2351 locis
1031 2286 1273 2351 dissitis
1319 2288 1739 2371 reperiantur.
1787 2284 1958 2350 Satis
2002 2306 2180 2350 rarae
2218 2293 2371 2351 sunt
2408 2292 2471 2352 et
2510 2293 2772 2352 naturae
2812 2295 3005 2372 atque

621 2393 890 2477 orig-inis
950 2391 1270 2468 diversae,
1337 2413 1486 2456 cum
1545 2392 1735 2457 modo
1799 2391 1877 2456 D.
1940 2395 2079 2476 ipse
2127 2413 2193 2456 se
2241 2399 2525 2477 repetat,
2573 2391 2767 2458 modo
2812 2391 3005 2456 illum

620 2498 948 2583 magister,
1011 2496 1200 2562 modo
1256 2517 1483 2563 manus
1530 2502 1913 2584 agnoscatur
1958 2496 2080 2575 IP,
2128 2500 2311 2563 cuius
2357 2496 2598 2564 scholia
2644 2505 2865 2583 postea
2911 2519 3006 2563 ac-

621 2606 906 2668 curatius
962 2605 1398 2669 tractabimus.
1463 2603 1759 2669 Duorum
1814 2610 2263 2689 excerptorum
2316 2605 2669 2681 industria,
2725 2625 3002 2689 quorum

618 2730 810 2795 opera
871 2709 1156 2774 Donatus
1212 2712 1350 2794 ipse
1411 2712 1780 2786 evanuerit,
1844 2730 2162 2795 nusquam
2222 2710 2749 2793 deprehenditur;
2796 2712 3003 2774 immo

616 2818 801 2881 iuxta
863 2822 1160 2901 excerpta
1215 2818 1651 2900 cuiuscunque
1698 2818 1978 2880 auctoris
2023 2823 2088 2880 et
2135 2818 2389 2902 generis
2436 2820 2760 2901 semper
2806 2836 3006 2880 com-

621 2929 860 3007 paret
902 2928 1461 2987 commentum
1507 2920 1846 3006 plenum
1894 2926 1973 2986 et
2018 2942 2525 3008 germanum.

710 3124 773 3189 b.
819 3122 1058 3188 Scholia
1101 3123 1331 3187 eimibia
1373 3123 1456 3187 ad
1499 3125 1725 3187 eosdem
1770 3145 1992 3190 verm.

710 3289 949 3354 Andr.
1012 3288 1044 3353 Ι
1105 3287 1356 3370 2.2(1)
1419 3289 1560 3355 Non
1621 3292 1878 3354 recessit
1927 3288 2003 3354 de
2044 3288 2186 3354 loco
2232 3309 2456 3366 senex;
2510 3289 2762 3367 „sensi”
2810 3310 2997 3375 ergo:

618 3400 960 3480 antequam
1006 3416 1156 3459 cum
1201 3393 1382 3460 Sosia
1425 3393 1602 3479 loqui
1644 3397 1970 3480 coepisset.
2102 3395 2209 3461 Sic
2247 3394 2324 3460 D.
2434 3393 2597 3460 Ibid.
2625 3394 2719 3475 (3)
2764 3396 2995 3473 „modo

618 3499 927 3579 <sensi>’'
993 3506 1333 3583 antequam
1394 3520 1542 3564 cum
1589 3499 1771 3565 Sosia
1816 3499 1995 3585 loqui
2041 3502 2370 3586 coepisset.
2532 3496 2853 3585 Repetitio
2900 3521 3003 3565 eo-

615 3603 887 3670 rundem
932 3605 1276 3669 verborum
1321 3604 1400 3669 ad
1444 3605 1716 3669 eundem
1768 3626 2025 3670 versum
2066 3626 2323 3689 prorsus
2364 3626 2537 3684 rara,
2579 3625 2772 3690 quam
2812 3602 3003 3671 Gom-

614 3708 850 3796 pilator
915 3712 986 3774 iu
1049 3712 1340 3796 marg-ine
1412 3709 1794 3795 exemplaris
1866 3712 2201 3775 inventam
2272 3710 2620 3775 dormitans
2690 3718 2833 3796 post
2901 3711 2999 3789 (1)

615 3819 854 3881 iterum
899 3815 1146 3880 intulit.

706 3920 769 3986 11
819 3921 878 3986 6.
906 3921 992 3987 26
1041 3921 1359 4002 Quidnam
1403 3922 1524 3987 hoc
1569 3925 1666 3987 rei
1712 3919 1849 3987 est?
1898 3920 2064 4000 Quid
2113 3920 2260 3986 vult
2306 3926 2627 3986 veterator
2672 3918 2837 3986 sibi?

615 4026 711 4106 (1)
776 4026 1136 4105 „Quidnam
1199 4026 1316 4091 hoc
1377 4030 1470 4091 rei
1529 4027 1669 4092 est’'
1734 4028 1928 4091 verba
1976 4032 2127 4090 sunt
2172 4046 2389 4091 secum
2436 4030 2781 4113 cogitantis
2828 4030 2996 4092 senis

614 4140 728 4198 aut
792 4133 868 4197 de
917 4134 1017 4197 his
1065 4153 1226 4217 quae
1273 4153 1440 4196 nunc
1489 4131 1744 4197 locutus
1792 4138 1888 4195 est
1936 4129 2191 4209 Davus,
2243 4136 2355 4196 aut
2403 4130 2479 4196 de
2526 4132 2809 4197 adventu
2854 4154 2997 4196 mu-

614 4236 886 4315 lierum,
949 4258 1109 4321 quae
1168 4240 1235 4300 in
1298 4257 1588 4302 scaenam
1656 4238 1943 4301 veniunt.
2130 4236 2224 4317 (2)
2285 4236 2591 4301 Pulsatus
2653 4244 2749 4302 est
2808 4258 2997 4302 senex

613 4350 995 4428 arg-umento
1058 4340 1365 4407 falsarum
1426 4343 1803 4426 nuptiarum
1864 4339 2247 4426 „paululum
2294 4341 2581 4407 obsonii’'
2632 4342 2721 4421 (ΙΙ
2768 4342 2831 4407 2.
2859 4341 2993 4423 23),

613 4455 944 4533 tamquam
995 4468 1060 4511 se
1105 4446 1410 4512 illuderet
1456 4446 1697 4511 Davus.
1838 4446 1935 4526 (4)
1983 4446 2069 4509 Et
2114 4447 2183 4511 hi
2231 4446 2355 4512 duo
2396 4468 2619 4512 versus
2658 4448 3000 4513 ostendunt
