3246 5085
1274 352 1649 403 amomon.
2514 335 2645 401 401

236 522 527 597 rectius,
593 522 661 584 ni
720 518 925 596 fallor,
989 518 1181 583 habet
1242 521 1546 605 spiritum
1591 518 1806 584 lenem
1826 568 1843 598 ,
1895 520 2005 604 qui
2053 519 2266 584 Attice
2315 518 2650 583 succedere

239 625 419 692 solet
476 628 545 691 in
606 626 801 711 prisci
864 624 1283 711 digammatis
1344 624 1585 691 locum.
1655 625 1845 712 Apud
1909 626 2159 690 Atticos
2206 624 2355 690 libri
2402 627 2651 691 variare

244 732 464 799 solent
522 734 590 797 in
639 731 848 797 vocali
894 736 960 797 et
1006 731 1428 818 diphthongo,
1478 732 1824 818 Pel-peram
1875 729 2078 799 Cobet
2124 752 2272 796 cum
2323 730 2465 797 aliis
2511 753 2653 817 pro-

242 840 450 905 babat
510 838 813 918 ίλλειν,
870 859 1017 904 nam
1082 838 1562 925 diphthongum
1625 843 1894 905 tuentur
1952 838 2193 903 formae
2247 836 2652 915 dialecticae,

242 946 551 1012 Ionicum
596 945 802 1024 είλεῒν,
865 943 1201 1010 Aeolicum
1248 944 1551 1024 (ἠέλλειν,
1623 943 1933 1010 Doricum
1995 953 2195 1022 τηλῆν,
2260 965 2375 1010 nec
2436 947 2652 1009 minus

244 1056 609 1139 cognatum
656 1050 918 1116 ἐλίττειν
963 1050 1327 1131 (είλίττειν),
1376 1050 1454 1116 de
1498 1052 1683 1117 cuius
1732 1051 1966 1136 spirit-u
2013 1050 2091 1115 cf.
2139 1048 2388 1117 lexicon
2429 1070 2653 1116 meum

250 1156 737 1244 suppletorium
788 1178 840 1222 s.
865 1178 930 1223 v.

358 1345 444 1411 84
461 1345 540 1413 D.
588 1342 737 1411 ὅταν
782 1346 897 1423 μὲν
945 1345 1071 1425 γὰρ
1120 1346 1147 1411 ὃ
1196 1347 1310 1411 τῶν
1356 1348 1725 1423 πνευμάτων
1766 1346 1851 1427 τῷ
1891 1346 2137 1423 σώματι
2178 1345 2422 1423 ταμίας
2459 1347 2652 1412 πλεύ-

250 1476 394 1530 μων
451 1455 539 1532 μὴ
601 1452 875 1531 καθαρὰς
942 1451 1193 1533 παρέχη
1255 1452 1372 1524 τὰς
1437 1453 1703 1525 εἰσόδους
1751 1452 2098 1532 Φραχθείς,
2165 1451 2302 1517 ἔνθα
2351 1454 2466 1529 μὲν
2512 1456 2652 1520 οὐκ

247 1555 412 1636 ἰόν,
480 1556 620 1623 ἔνθα
683 1558 746 1623 δὲ
812 1565 1022 1623 πλεῖον
1085 1557 1153 1637 (1.
1218 1557 1405 1623 πλέον
1468 1579 1618 1623 cum
1668 1557 1804 1637 FY)
1853 1558 1886 1633 ἢ
1940 1558 2009 1622 τὸ
2061 1566 2354 1637 προσῆκον
2402 1564 2652 1635 πνεῦμα

254 1664 473 1730 εἷσιό
490 1690 541 1743 ν,
590 1664 675 1729 τὲ
723 1666 835 1742 μὲν
884 1665 949 1729 οὐ
999 1666 1412 1746 τυγχάνοντα
1458 1667 1802 1745 ἀναψυχῆς
1849 1667 2094 1739 σήπει
2143 1665 2271 1730 κτέ.

356 1770 518 1851 Quia
564 1771 756 1836 homo
809 1772 988 1835 omni
1033 1773 1267 1856 spiritu
1314 1773 1605 1857 privatus
1648 1778 1785 1837 tam
1833 1774 1962 1837 cito
2009 1773 2304 1849 moritur,
2353 1778 2428 1837 ut
2474 1772 2655 1838 nulla

250 1880 350 1944 sit
394 1876 723 1963 putredini
765 1874 947 1943 locus
965 1924 982 1955 ,
1024 1879 1275 1945 mireris
1315 1876 1649 1943 Platonem
1691 1899 1817 1943 non
1855 1879 2072 1963 potius
2111 1878 2469 1962 scripsisse:
2513 1878 2650 1943 ἔνθα

257 1984 379 2063 μὲν
428 1984 548 2064 οὐχ
593 1976 922 2068 Ῑ<καν>όν,
972 1982 1112 2047 ἔνθα
1160 1982 1224 2048 δὲ
1274 1983 1534 2057 πλέον“ἣ
1576 1984 1646 2049 τὸ
1687 1990 1983 2063 προσῆκον
2026 1988 2296 2060 πνεῦμα.
2346 1984 2651 2048 Attamen

258 2112 383 2177 pro
445 2087 719 2176 vulgata
780 2089 1025 2154 faciunt
1082 2089 1279 2155 verba
1334 2092 1667 2174 sequentia
1711 2092 1776 2155 οὐ
1826 2088 2230 2169 τυγχάνοντα
2279 2090 2652 2168 ἀναψυχῆς,

260 2218 392 2262 non
429 2197 641 2281 mag-is
680 2194 897 2260 addita
934 2194 1138 2261 simili
1177 2198 1455 2273 ratione,
1499 2195 1888 2281 eandemque
1927 2193 2260 2260 confirmat
2296 2196 2406 2260 vix
2447 2193 2653 2261 levior

258 2302 555 2371 Platonis
600 2304 669 2367 in
716 2304 873 2387 ipsis
918 2302 1329 2387 sequentibus
1374 2322 1570 2379 error,
1619 2302 1735 2367 ubi
1780 2303 1981 2366 nimio
2027 2300 2412 2385 pulmonum
2449 2299 2651 2366 labori

257 2410 547 2474 tribuere
612 2407 866 2474 videtur
926 2406 1117 2473 flatus
1178 2409 1247 2471 in
1308 2427 1604 2492 corpore,
1667 2408 1777 2493 qui
1832 2406 2146 2473 debentur
2191 2407 2518 2472 stomacho
2561 2410 2654 2471 in-

255 2516 639 2600 testinisque
704 2512 872 2579 mala
934 2513 1392 2580 alimentorum
1457 2514 1819 2601 digestione
1877 2514 2286 2600 perturbatis.
2349 2510 2651 2605 Ceterum

258 2620 559 2690 voculam
610 2621 717 2700 ἲόν,
765 2641 877 2706 pro
926 2642 1051 2707 qua
1098 2618 1330 2686 saltem
1378 2621 1557 2685 εἰσιόν
1604 2627 1708 2702 (ut
1755 2642 1903 2686 mox
1941 2619 2212 2707 leg-itur)
2251 2627 2645 2706 expectatur,

260 2730 483 2796 abesse
528 2727 773 2792 malim.

354 2915 441 2983 89
460 2915 529 2984 Ο.
578 2912 645 2982 οὗ
693 2916 829 2992 βίον
875 2916 981 2980 οὐκ
1028 2914 1104 2980 ἄν
1151 2914 1303 2980 ποτέ
1351 2938 1442 2987 τις
1494 2915 1580 2986 είς
1631 2917 1700 2979 τὸ
1746 2913 1934 2993 πέραν
1979 2911 2069 2978 ἔτι
2109 2913 2285 2996 βιῴη.
2334 2912 2643 2980 Vel-tatur

257 3026 540 3111 pessima
585 3023 791 3088 forma
841 3023 908 3087 in
956 3022 1203 3098 βιοίη.

358 3212 621 3281 CRl'l'IAB
671 3210 897 3276 lllA.
958 3211 1129 3275 κατὰ
1190 3211 1253 3274 τί
1298 3210 1567 3302 (Attica)
1614 3211 1910 3287 λείψανον
1956 3219 2069 3284 τῆς
2118 3211 2258 3277 τότε
2308 3219 2429 3289 γῆς
2475 3211 2648 3289 ὀρθῶς

264 3318 344 3384 ἂν
403 3317 685 3396 λέγοιτο;
748 3321 931 3382 πᾶσα
979 3315 1106 3381 απὸ
1154 3325 1268 3388 τῆς
1317 3315 1520 3389 ἄλλης
1567 3319 1808 3394 ἠπείρου
1856 3317 2071 3395 μακρὰ
2121 3319 2514 3398 προτείνουσα
2561 3319 2648 3390 εἷς

266 3425 337 3493 τὸ
401 3425 690 3503 πέλαγος
738 3418 851 3488 οἷον
899 3421 1060 3502 ἄκρα
1111 3430 1349 3486 κεῖται·
1398 3421 1482 3486 τὸ
1533 3420 1782 3498 wrm
1831 3423 2152 3498 θαλάττης
2201 3425 2464 3502 ἀγγεῖον
2514 3424 2646 3502 περὶ

260 3533 459 3606 αὐτὴν
507 3531 819 3612 τυγχάνει
870 3533 998 3594 πᾶν
1047 3529 1408 3608 ἀγχιβαθὲς
1456 3527 1538 3593 ὅν.

352 3637 627 3704 Offendit
705 3637 979 3702 duarum
1060 3634 1449 3700 ultimarum
1518 3636 1934 3722 periodorum
2002 3636 2339 3724 asyndesia
2362 3684 2378 3715 ,
2449 3658 2645 3724 quare

262 3745 527 3811 malim:
577 3753 819 3822 κεῖται,
869 3742 956 3808 τό
1009 3738 1093 3828 <τ
1113 3738 1188 3829 ε>
1240 3743 1331 3815 δὴ
1381 3741 1511 3807 κτὲ.

359 3925 582 3993 1161).
632 3925 842 3991 πάντα
890 3925 942 3989 δ’
992 3922 1203 4003 ἔξωθεν
1250 3925 1656 4003 περιῆλειψαν
1703 3926 1806 3991 τὸν
1847 3927 1985 3990 νεὼν
2024 3924 2285 4007 ἀργύρῳ,
2327 3929 2491 4003 πλὴν
2532 3935 2648 3994 τῶν

262 4033 661 4114 ἀκρωτηρίων,
708 4034 792 4098 τὰ
842 4033 903 4098 δὲ
954 4033 1295 4111 ἀκρωτήρια
1344 4031 1587 4112 χρυσῷ·
1640 4031 1722 4095 τοὶ
1773 4032 1827 4096 δ’
1876 4031 2080 4110 ἐντός,
2125 4033 2235 4107 τὴν
2274 4034 2387 4111 μὲν
2428 4035 2648 4116 ὀροφὴν

260 4140 671 4221 ἐλεφαντίνην
722 4133 885 4226 <ἦν>
936 4137 1085 4202 ίδεῖν
1152 4141 1367 4202 πᾶσαν
1431 4139 1639 4218 χρυσῷ
1703 4137 1806 4202 καὶ
1860 4138 2104 4219 α’ργύρῳ
2153 4141 2256 4204 καὶ
2303 4142 2648 4225 ὅρειχαλκῷ

259 4243 760 4324 πεποικιλμένην,
809 4245 893 4309 τὰ
942 4246 1005 4310 δὲ
1053 4242 1230 4309 ἄλλα
1278 4245 1492 4309 πάντα
1545 4291 1559 4309 .
1590 4292 1605 4308 .
1636 4291 1650 4308 .
1700 4244 2046 4325 ὅρειχαλκῷ
2095 4245 2484 4324 περιέλαβον.

351 4353 523 4434 Quin
583 4355 823 4419 inserta
882 4371 919 4416 a
982 4373 1087 4419 me
1148 4349 1373 4417 vocula
1432 4353 1783 4416 necessaria
1827 4349 2293 4438 haplographia
2340 4356 2640 4439 perierit,

256 4460 565 4547 temporis
610 4463 927 4545 punctum
974 4480 1098 4524 non
1146 4458 1396 4522 dubito.

2291 4579 2355 4628 as
