3246 5085
1117 349 1376 398 uncus
1421 349 1799 397 Amonmus.
2568 329 2653 398 ¹71

271 515 544 584 Rendall
587 518 864 582 correxit
908 517 1188 583 scribens
1234 489 1492 590 νοσῆσαν
1541 516 1593 581 δ’
1645 515 1678 589 ἢ
1727 517 2119 588 ἁποπυῆσαν.
2184 513 2445 599 Optime
2482 516 2655 594 haec,

271 629 463 709 pute,
525 624 630 687 vir
691 625 1280 708 ingeniosissimus,
1343 621 1534 687 modo
1598 621 1912 686 scribatur
1956 628 2236 698 νοσῆσαν,
2286 620 2654 699 διαπυῆσαν,

269 729 352 794 cf.
401 726 508 791 IV.
559 726 644 792 39
695 725 812 792 κᾶν
855 731 926 791 τὸ
973 727 1281 804 σωμάτιον
1327 727 1671 804 τέμνηται,
1722 728 2013 803 καίηται,
2060 725 2537 804 διαπυΐσκηται,
2584 725 2659 790 li-

269 835 514 899 brarios
573 837 794 898 autem
856 853 1045 898 voces
1106 833 1168 897 δέ
1230 839 1296 898 et
1356 833 1453 897 διά
1513 838 1911 918 permutasse
1957 830 2186 898 docent
2231 831 2386 910 loci,
2436 831 2657 916 quales

271 946 430 1006 sunt
478 939 560 1004 X.
611 937 718 1005 38.
767 938 874 1004 VI.
921 938 1030 1004 24.

362 1156 453 1223 Ib.
503 1155 612 1221 44.
689 1161 898 1221 τοῦτον
963 1157 1086 1222 ἰδοὺ
1151 1156 1255 1219 τὸν
1324 1155 1538 1235 χρόνον
1599 1155 1841 1234 σεαυτῷ
1888 1153 2169 1235 χάρισαι.
2232 1153 2380 1220 Gat.
2444 1159 2655 1219 τοῦτον

273 1260 421 1338 ἤδη,
469 1261 700 1327 malim
748 1262 976 1326 rom-ovi
1030 1260 1100 1333 δη
1146 1265 1249 1326 τὸν
1293 1283 1366 1340 χ.

362 1463 522 1530 Ibid.
573 1462 682 1530 4¹7.
746 1465 796 1528 εἰ
864 1462 926 1527 δὲ
989 1469 1183 1527 λυπεῖ
1227 1464 1297 1527 σέ
1347 1488 1404 1527 τι
1455 1469 1570 1526 τῶν
1619 1463 1680 1526 ἐν
1728 1472 1805 1544 τῇ
1852 1471 1930 1544 σῇ
1979 1462 2279 1541 διαθέσει,
2328 1463 2425 1534 τίς
2472 1462 2501 1526 ὁ
2549 1486 2655 1526 κων

265 1570 426 1634 λύων
475 1567 778 1645 διορθῶσαι
827 1571 903 1634 τὸ
953 1566 1167 1644 δόγμα
1182 1588 1200 1645 3
1251 1565 1415 1644 ὅμως
1461 1569 1522 1633 δὲ
1572 1568 1675 1632 κα)
1727 1568 1777 1631 εἰ
1826 1576 2030 1649 λυπῇ,
2079 1565 2168 1633 ὅτι
2220 1568 2360 1648 οὐχὶ
2410 1568 2548 1632 τόδε
2593 1591 2654 1631 τι

270 1677 537 1752 ἐνεργεῖς
600 1673 772 1750 ὑγιές
831 1695 920 1737 σοι
986 1672 1371 1751 Φαινόμενον,
1435 1674 1500 1736 τί
1559 1672 1701 1751 οὐχὶ
1751 1676 1997 1749 μᾶλλον
2047 1674 2317 1752 ε’νεργεῒς
2365 1672 2399 1746 ἢ
2450 1683 2650 1754 λυπῇ

271 1778 494 1845 Scribe
541 1778 774 1850 ὁμοίως.

360 1998 476 2064 ΙΧ.
529 1997 591 2062 3.
640 1992 754 2061 οἷον
800 1997 927 2075 γάρ
973 1997 1104 2060 ἐστι
1151 1996 1220 2060 τὸ
1269 1993 1486 2059 νεῶσαι
1533 1995 1638 2059 καὶ
1687 1995 1757 2058 τὸ
1807 1999 2081 2074 γηρᾶσαι
2130 1996 2233 2059 καὶ
2276 1996 2345 2060 τὸ
2384 1996 2652 2074 αὐξῆσαι

271 2089 376 2168 και
441 2105 512 2168 τὸ
573 2102 866 2180 ἀκμάσαι
924 2103 1030 2166 καὶ
1077 2101 1324 2171 ὀδόντας
1373 2101 1480 2164 καὶ
1530 2101 1759 2177 γένειον
1804 2101 1907 2164 καὶ
1960 2101 2187 2172 πολιὰς
2230 2102 2499 2178 ἐνεγκεῖν
2548 2102 2652 2165 καὶ

269 2215 515 2288 σπεῖραι
582 2207 684 2271 κα)
749 2213 1122 2288 κυοφορῆσαι
1185 2206 1289 2270 καὶ
1357 2206 1707 2277 ἀποκυῆσαι
1772 2205 1875 2270 καὶ
1924 2205 2010 2270 τὰ
2056 2203 2231 2271 ἄλλα
2280 2207 2367 2270 τὰ
2411 2207 2652 2288 Φυσικὰ

269 2315 706 2392 ἐνεργήματα,
755 2309 868 2378 ὅσα
920 2313 985 2378 αἱ
1032 2317 1138 2377 τοῦ
1186 2317 1294 2376 σοῦ
1333 2311 1474 2388 βίου
1517 2307 1661 2389 ὧραι
1700 2311 2004 2392 φέρουσιν.
2052 2311 2456 2378 Subridicule
2502 2314 2656 2378 haec

268 2419 537 2497 ultima;
593 2421 835 2485 etenim
881 2440 1006 2483 non
1054 2417 1132 2483 de
1178 2420 1370 2482 unius
1415 2417 1526 2483 sed
1572 2416 1651 2482 ds
1697 2419 1998 2483 universa
2041 2418 2177 2483 vita
2220 2417 2501 2482 humana
2547 2420 2658 2504 agi

268 2525 377 2593 vel
445 2526 642 2593 verba
701 2534 945 2606 σπεῖραι
1011 2524 1114 2590 καὶ
1179 2530 1548 2606 κυοφορῆσαι
1614 2529 1917 2610 arguunt.
1978 2523 2202 2611 Itaque
2262 2525 2496 2591 scribe:
2569 2526 2652 2589 τὰ

271 2631 448 2697 ἄλλα
507 2632 751 2710 Φυσικὰ
817 2630 1249 2709 ἐνεργήματα,
1316 2626 1432 2694 ὅσα
1487 2631 1555 2693 αἱ
1603 2636 1710 2695 τοῦ
1761 2629 1902 2706 βίου
1949 2627 2091 2707 ὧραι
2141 2630 2445 2711 Φέρουσιν,
2494 2652 2655 2717 quae

268 2744 369 2803 est
403 2740 543 2823 ipss
577 2736 766 2802 lectio
805 2736 939 2802 cod.
983 2736 1060 2815 D,
1101 2742 1264 2802 teste
1301 2734 1549 2801 Stichio
1585 2738 1655 2800 in
1693 2736 1859 2803 Ann.
1901 2738 2041 2802 crit.
2084 2736 2164 2802 ad
2202 2737 2297 2801 M.
2323 2740 2474 2803 Ant.
2499 2759 2562 2823 p.
2592 2738 2652 2804 9.

356 2955 521 3021 Ibid.
567 2955 724 3021 ibid.
788 2958 822 3029 ἦ
871 2954 1200 3027 ἐπίστασις
1247 2957 1282 3030 ἦ
1332 2954 1433 3018 ἐπὶ
1483 2954 1568 3019 τὰ
1619 2954 2030 3032 ὑποκείμενα,
2081 2952 2157 3019 ὧν
2204 2955 2462 3031 μέλλεις
2507 2956 2655 3035 ἀφί-

269 3063 538 3126 στασθαι
588 3061 691 3125 καὶ
744 3062 878 3137 μεθ’
927 3059 1054 3125 οἴων
1103 3062 1250 3137 ἠθῶν
1298 3058 1497 3125 οὐκέτι
1538 3057 1719 3124 ἔσται
1760 3063 2058 3140 ἧ<ψυχη
2091 3062 2651 3139 συμ>πεΦυρμένη.

265 3168 593 3233 Lacunam
639 3167 1100 3253 suppleverunt
1139 3164 1279 3233 Cas.
1330 3164 1478 3232 Gat.
1519 3164 1702 3243 Sch.;
1754 3188 1913 3231 num
1957 3174 2129 3232 recte
2165 3166 2351 3232 valde
2398 3166 2622 3234 dubito
2635 3190 2652 3248 ;

269 3276 510 3339 etenim
567 3275 840 3338 minime
902 3274 1157 3338 animus
1219 3270 1419 3337 Stoici
1478 3273 1586 3337 sed
1646 3278 1902 3337 tantum
1948 3274 2088 3337 vita
2132 3272 2549 3338 conturbatur
2596 3286 2661 3339 et

267 3382 675 3445 immiscetur
735 3378 1020 3443 moribus
1076 3376 1466 3462 aequalium.
1537 3376 1763 3462 Itaque
1810 3377 2007 3443 talem
2054 3398 2280 3443 vocem
2328 3385 2657 3463 exspect0,

273 3484 483 3570 qualis
545 3490 644 3550 est
703 3483 1028 3562 διατριβή,
1091 3482 1308 3559 ὁμιλία
1375 3482 1479 3548 vel
1542 3480 1757 3547 simile
1807 3481 1998 3566 quid,
2048 3482 2127 3547 cf.
2180 3482 2372 3568 paulo
2414 3483 2583 3548 infra
2626 3484 2655 3549 ὃ

274 3591 460 3660 κόπος
507 3591 567 3655 έν
613 3599 692 3670 τῇ
750 3588 1056 3672 διαφωνία
1103 3596 1249 3662 τῆς
1297 3587 1853 3666 συμβιώσεως.
1905 3587 2117 3665 Adde,
2167 3589 2336 3673 quod
2384 3588 2655 3674 simplex

274 3694 636 3773 πεφυρμένη
685 3693 1063 3760 tentandum
1108 3715 1237 3758 non
1283 3698 1453 3770 erat,
1500 3692 1578 3757 cf.
1629 3713 1684 3757 e.
1733 3714 1831 3778 gr.
1880 3691 1995 3759 III.
2042 3692 2106 3759 4.

365 3897 525 3962 Ibid.
577 3896 638 3963 9.
688 3897 786 3961 ἐπὶ
837 3897 898 3960 δὲ
945 3902 1062 3959 τῶν
1110 3894 1200 3959 ἔτι
1249 3893 1593 3972 κρειττόνων
1644 3895 1747 3957 καὶ
1802 3893 2203 3968 διεστηκότων
2251 3895 2466 3975 τρόπον
2516 3898 2654 3961 τινὰ

271 4001 476 4074 ἕνωσις
549 4002 820 4079 ὑπέστη,
892 4000 984 4067 οἵα
1057 4002 1158 4065 ἐπὶ
1228 4006 1345 4065 τῶν
1413 3997 1687 4079 ἄστρων·
1750 3998 1935 4072 οὕτως
2002 4004 2037 4077 ἦ
2103 4002 2203 4065 ἐπὶ
2267 4002 2339 4065 τὸ
2386 4010 2654 4083 κρεῖττον

271 4107 670 4186 έπανάβασις
717 4108 1111 4184 συμπάθειαν
1157 4106 1259 4170 καὶ
1311 4106 1370 4170 έν
1416 4106 1724 4171 διεστῶσιν
1774 4107 2159 4184 ἐργάσασθαι
2207 4106 2482 4173 δύναται.
2540 4108 2657 4175 Re-

270 4219 537 4281 vocetur
587 4213 776 4279 lectio
838 4212 1142 4299 vulgatae
1203 4210 1474 4290 ἐδύνατο,
1536 4232 1687 4277 cum
1740 4214 1988 4291 omnia,
2040 4233 2200 4297 quae
2238 4214 2655 4299 praecedunt,

274 4327 564 4405 tempore
620 4322 964 4404 praeterito
1024 4317 1364 4383 efferantur
1425 4324 1622 4403 atque
1687 4319 1779 4382 sic
1837 4318 2099 4383 demum
2149 4326 2299 4404 apta
2342 4319 2456 4385 fiat
2500 4323 2659 4385 anti-

273 4426 476 4491 thesis
521 4446 670 4489 cum
717 4445 886 4510 seqq.
937 4420 1046 4503 ὅρα
1094 4419 1188 4488 οὖν
1237 4424 1306 4488 τὸ
1353 4428 1453 4487 νῦν
1502 4424 1840 4501 γινόμενον.
