3246 5085
1237 346 1613 397 mmor-noa.
2484 330 2567 398 17
2573 332 2611 397 5

225 516 432 583 πεδίον
493 523 827 595 προκαλεῖ·
893 514 1084 594 ἐρώτα
1146 510 1244 580 οὖν
1307 516 1412 579 καὶ
1461 514 1730 581 ἀκούσει.
1791 515 1933 581 Non
1981 521 2079 582 est
2126 516 2312 584 valde
2358 516 2615 584 difficile

225 625 350 690 hoc
411 623 490 691 ad
537 619 1035 709 intelligendum
1082 626 1148 687 et
1193 620 1456 687 doctum
1503 620 1791 688 scholion
1839 629 2192 689 monstrare
2239 627 2511 710 poterit,
2559 626 2615 689 si

226 732 373 815 quis
433 730 595 794 forte
658 731 876 793 minus
918 733 1311 813 assequatur.
1373 726 1496 793 Sed
1543 730 1656 793 vix
1703 728 2005 795 credibile
2051 729 2309 797 videtur
2352 730 2431 796 ad
2477 752 2617 796 ver-

224 836 387 902 bnm
457 844 790 914 προκαλεῖ·
855 834 935 901 ad
997 835 1167 900 hunc
1228 855 1431 919 usque
1486 835 1656 900 diem
1702 834 2041 902 adhaerere
2090 835 2613 923 explicationem:

229 942 618 1022 Σωκράτη
669 942 782 1013 εἷς
832 944 1123 1018 λόγους
1178 940 1871 1021 προκαλούμενος.
1920 942 1991 1009 Si
2028 945 2163 1029 ipse
2202 941 2389 1010 Plato
2427 945 2618 1009 inter·

225 1048 526 1136 pretendi
587 1069 775 1114 causa
837 1046 1082 1134 aliquid
1139 1046 1370 1114 addere
1416 1045 1762 1127 voluisset,
1800 1070 1939 1114 non
1986 1054 2122 1115 tam
2170 1052 2353 1136 inops
2398 1050 2619 1116 verbo·
2668 1044 2677 1055 ”

223 1176 377 1220 rum
437 1156 700 1233 fuisset,
761 1162 839 1219 ut
902 1155 1342 1232 προκαλεῖσθαι
1406 1154 1675 1219 verbum
1735 1154 2144 1241 negligenter
2189 1158 2290 1222 bis
2338 1162 2620 1244 poneret.

224 1260 355 1327 Sed
393 1264 664 1327 minime
702 1263 1048 1327 obscurum
1086 1261 1499 1347 proverbium
1539 1268 1670 1325 est:
1713 1262 2047 1328 Maximus
2088 1262 2409 1329 Planudes
2434 1265 2616 1329 cuius

229 1366 548 1455 Dialogus
617 1367 693 1433 de
764 1365 1206 1433 Grammatica
1273 1366 1486 1433 editus
1555 1372 1653 1431 est
1719 1389 1758 1434 a
1825 1366 2231 1435 Bachmauno
2293 1370 2363 1433 in
2416 1367 2617 1435 altero

223 1473 708 1540 Anecdotorum
763 1473 1132 1551 volumine,
1196 1496 1259 1560 p.
1311 1471 1397 1538 98
1446 1472 1689 1559 dialogi
1733 1474 1921 1539 initio
1970 1479 2036 1539 et
2080 1476 2215 1561 ipse
2260 1475 2434 1541 idem
2485 1497 2621 1561 pro-

221 1581 526 1647 verbium
573 1586 874 1667 usurpat,
923 1580 1032 1646 sed
1071 1578 1237 1644 nihil
1275 1580 1456 1645 addit
1493 1585 1569 1645 nt
1607 1578 1904 1665 explicet.
1946 1581 2168 1668 Neque
2208 1581 2421 1647 hercle
2460 1603 2622 1669 opus

222 1694 357 1767 est,
407 1709 552 1754 nam
603 1710 681 1753 ne
727 1693 881 1753 sunt
926 1687 1188 1773 quidem
1236 1688 1576 1773 proverbia
1623 1706 1785 1772 quae
1835 1690 2277 1774 unusquisque
2324 1710 2451 1760 non
2499 1694 2622 1755 sta-

227 1797 352 1859 tim
399 1792 736 1881 intelligit.
787 1792 1008 1860 Veluti
1054 1794 1223 1860 infra
1268 1791 1456 1860 Plato
1503 1816 1565 1879 p.
1613 1792 1811 1859 199ss
1860 1796 2269 1881 proverbium
2316 1800 2619 1882 usurpat:

226 1900 460 1978 φάττα
527 1901 662 1964 ἀντὶ
729 1903 1042 1980 ‚repes-sp&
1111 1884 1316 1984 neque
1375 1902 1837 1985 interpretatur
1894 1922 2009 1967 nec
2056 1900 2623 1987 magisAelianus

228 2008 694 2092 interpretatus
741 2010 840 2071 est
883 2006 1004 2092 Ep.
1055 2004 1242 2071 Rust.
1296 2004 1399 2069 19.
1449 2004 1635 2072 Plato
1674 2006 1833 2092 Rep.
1882 2005 1913 2071 I
1963 2005 2198 2073 3410:
2248 2007 2445 2087 ξυρεῖν
2493 2007 2622 2072 ἐπι-

223 2120 462 2193 χειρεῖν
529 2112 788 2191 λέοντα,
860 2111 1043 2179 docte
1111 2110 1392 2179 Cobetus
1451 2114 1650 2179 evicit
1710 2134 1835 2179 non
1900 2134 2033 2179 esse
2096 2113 2392 2179 Platonis
2430 2106 2622 2199 -qu‘od

225 2218 626 2305 adscriptum
691 2226 821 2285 est:
889 2221 993 2284 καὶ
1051 2228 1462 2295 συκοφαντεῖν
1513 2222 1973 2300 Θρασύμαχον,
2036 2219 2116 2285 cf.
2166 2220 2391 2285 Mnem.
2445 2217 2622 2286 1874

227 2348 293 2411 p.
354 2324 501 2391 149.
563 2324 794 2391 Itidem
859 2325 1131 2391 Phaedr.
1197 2322 1407 2392 257D
1468 2323 1630 2392 latet
1689 2347 1801 2391 nos
1862 2325 2249 2413 significatio
2298 2327 2622 2414 proverbii

227 2431 474 2510 γλυκὺς
539 2434 770 2510 ἀγκών,
834 2453 949 2498 nec
1011 2438 1230 2496 tamen
1278 2434 1494 2497 minus
1544 2430 1953 2497 Heindorfius
2006 2435 2250 2517 optime
2298 2431 2622 2498 intellexit

225 2562 354 2606 non
403 2538 694 2606 Platonis
739 2560 1006 2605 manum
1054 2538 1284 2604 referre
1324 2538 1876 2618 additamentum,
1917 2561 2045 2626 quo
2089 2546 2415 2626 praeterea
2454 2537 2621 2605 nihil

225 2644 620 2731 explicetur:
671 2642 764 2711 ὅτι
813 2646 940 2711 ἀπὸ
993 2650 1093 2710 τοῦ
1142 2651 1376 2722 μακροῦ
1421 2647 1693 2724 ἀγκῶνος
1735 2652 1839 2710 τοῦ
1883 2647 2052 2712 κατὰ
2096 2656 2318 2712 Νεῖλον
2361 2647 2619 2724 ἐκλήθη,

228 2753 310 2817 cf.
383 2751 826 2818 Hartmannus
882 2753 956 2816 de
1001 2752 1286 2816 Emblem.
1338 2773 1401 2837 p.
1456 2750 1582 2816 119
1645 2758 1711 2817 et
1756 2751 2047 2820 Cohnius
2090 2755 2165 2816 de
2210 2753 2404 2818 Schol.
2453 2753 2618 2818 Pla-t.

225 2881 296 2944 p.
344 2857 500 2924 848.
564 2858 815 2924 Pariter
873 2857 1153 2944 Sophist.
1206 2856 1442 2925 2520:
1511 2859 1581 2921 τὸ
1646 2858 1980 2936 λεγόμενον
2028 2857 2245 2924 οἴκοθεν
2297 2861 2399 2922 τὸν
2445 2861 2623 2924 πολέ-

225 2989 366 3041 μιον
408 2961 693 3045 ἔχοντες,
733 2963 1056 3029 inutiliter
1094 2963 1388 3029 additur:
1441 2964 1571 3026 καὶ
1628 2965 2337 3040 ἐναντιωσόμενον.
2386 2963 2621 3031 Contra

225 3071 457 3157 Symp.
508 3068 746 3135 2173:
798 3070 888 3134 ἔτι
933 3071 994 3134 δὲ
1046 3072 1116 3134 τὸ
1165 3076 1270 3134 τοῦ
1311 3070 1636 3149 δηχθέντος
1682 3070 1796 3136 ὑπὸ
1835 3075 1942 3136 τοῦ
1985 3070 2177 3150 ἔχεως
2221 3070 2409 3142 πάθος
2453 3071 2619 3148 aedui

227 3174 402 3256 ἔχει,
466 3183 633 3242 recte
692 3180 830 3262 ipse
877 3174 1066 3242 Plato
1115 3175 1489 3261 explicavit:
1539 3177 1704 3255 Φασὶ
1756 3177 1881 3255 γάρ
1930 3179 2045 3240 πού
2092 3201 2229 3242 τινα
2276 3182 2453 3242 τοῦτο
2502 3201 2621 3242 πα-

227 3283 410 3348 θόντα
450 3285 557 3348 οὐκ
601 3284 823 3348 ἐθέλειν
861 3283 1071 3362 λέγειν
1111 3277 1226 3346 οἷον
1269 3279 1334 3358 ἦν
1377 3286 1538 3355 πλὴν
1579 3292 1702 3352 τοῖς
1744 3283 2167 3361 δεδηγμένοις,
2208 3305 2357 3350 nam
2390 3285 2621 3351 habeat

222 3391 504 3475 speciem
552 3410 666 3455 nec
712 3397 929 3456 tamen
975 3410 1199 3456 revera
1243 3389 1659 3475 proverbium
1706 3394 1822 3455 est.
1873 3387 1972 3456 Of.
2022 3381 2264 3478 Rettig.
2306 3391 2387 3456 ad
2428 3390 2616 3457 illum

223 3495 444 3562 locum
491 3519 554 3580 p.
598 3494 750 3562 339.
799 3496 1129 3582 Imprimis
1174 3494 1578 3562 luculentum
1629 3497 1794 3582 quod
1836 3495 2117 3583 Gorgiae
2153 3499 2337 3562 initio
2375 3499 2621 3563 inveni-

225 3609 356 3668 tur.
417 3602 692 3668 Initium
755 3603 1007 3668 dioendi
1070 3603 1250 3676 facit,
1285 3600 1612 3669 Callicles:
1685 3603 1967 3679 Πολέμου
2024 3605 2129 3668 καὶ
2178 3603 2399 3685 μα’χης
2452 3605 2615 3683 Φασὶ

224 3718 448 3790 χρῆναι
511 3705 664 3775 οὕτω
729 3710 1279 3791 μεταλαγχάνειν,
1344 3712 1450 3775 cui
1511 3709 1833 3775 Socrates:
1883 3711 2035 3774 ἀλλ’
2083 3707 2119 3784 ἦ
2164 3713 2233 3776 τὸ
2283 3711 2615 3788 λεγόμενον

222 3817 489 3882 κατόπιν
537 3817 742 3895 ἑορτῆς
786 3811 1042 3893 &nouem
1082 3817 1214 3881 iam
1255 3815 1369 3880 alii
1410 3824 1557 3880 ante
1598 3838 1702 3882 me
1743 3816 1991 3882 dudum
2032 3817 2453 3882 observarunt
2490 3816 2617 3884 loci

222 3923 618 4011 elegantiam
659 3922 1057 4009 pessumdari
1098 3922 1332 3989 additis
1370 3922 1699 3988 vocabulis
1742 3925 1842 3988 καὶ
1890 3926 2233 4002 ὑςεροῦμεν,
2269 3925 2505 4009 quibus
2528 3945 2620 3990 re-

223 4033 417 4096 sectis
443 4052 566 4095 non
593 4028 925 4095 ferendum
951 4035 1046 4094 est
1070 4028 1237 4114 quod
1263 4026 1559 4095 Callicles
1582 4029 1951 4114 respondet:
1980 4029 2083 4095 καὶ
2105 4031 2290 4106 μάλα
2313 4034 2379 4108 γ’
2399 4031 2617 4102 ais-elac

227 4139 540 4216 ἑορτῆς,
588 4137 697 4201 sed
746 4135 1087 4202 delendum
1141 4142 1236 4201 est
1283 4136 1591 4202 ultimum
1633 4135 2037 4202 vocabulum.
2088 4136 2269 4216 Quod
2317 4140 2619 4203 continuo

223 4243 502 4322 additur,
544 4244 929 4311 monstrabit
957 4246 1026 4308 in
1050 4241 1411 4310 cultissimo
1437 4247 1747 4328 scriptore
1772 4244 2138 4322 istiusmodi
2163 4242 2619 4330 explicationes

225 4373 350 4415 non
417 4350 585 4416 addi.
650 4345 991 4416 Contendit
1053 4349 1345 4416 Socrates
1407 4373 1526 4416 non
1578 4371 1695 4416 sua
1740 4349 1931 4436 culpa
1978 4351 2221 4417 factum
2272 4372 2405 4416 esse
2454 4350 2619 4435 quod

225 4479 366 4524 sero
405 4460 654 4536 veniat,
699 4455 1249 4543 Chaerephontem
1291 4459 1462 4522 enim
1505 4456 1787 4522 noluisse
1827 4479 1861 4523 e
1902 4459 2035 4524 foro
2073 4459 2269 4525 abire.
2320 4455 2444 4524 Cui
2480 4455 2621 4522 ille:
