3246 5085
1287 343 1596 396 nonnus.
2507 324 2639 396 279

242 515 617 603 diligenter.
755 515 855 596 (2)
902 513 989 579 Et
1036 511 1275 599 qnare?
1312 518 1536 578 utrum
1576 513 1727 598 quia
1765 511 2133 577 condictum
2171 532 2299 577 non
2339 509 2642 577 fefellerit

250 645 332 689 an
380 624 532 709 quia
576 620 819 688 lectum
868 620 1163 686 attulerit
1208 627 1275 686 et
1318 639 1588 685 numero
1638 614 2063 704 congruenti?
2199 617 2298 698 (3)
2345 617 2433 682 Et
2471 623 2640 682 recte

243 731 452 808 dixit,
490 750 641 795 nam
681 729 1027 795 redhibitio
1069 727 1268 794 debiti
1307 728 1427 793 hoc
1465 728 1641 813 agit,
1681 731 1760 790 ut
1798 727 1997 791 etiam
2038 745 2310 812 agamus
2333 725 2638 811 gratiam.

384 836 481 916 (4)
521 836 665 901 Hoc
702 857 817 921 pro
854 838 1217 922 gratiarum
1256 837 1503 900 actione
1542 835 1823 919 ponitur,
1869 869 1955 882 —-
1997 838 2063 898 et
2103 831 2465 898 ostenditur
2489 852 2639 898 vere

246 945 668 1009 necessariam
715 942 908 1007 fuisse
956 944 1317 1028 pecuniam.
1370 977 1453 990 ·--·
1502 937 1599 1022 (5)
1648 939 1723 1004 In
1772 939 2012 1004 Andria
2055 938 2114 1016 (Ι
2167 937 2367 1019 1.15)
2417 945 2526 1018 „et
2571 938 2637 1004 id

245 1055 514 1137 gratum
560 1049 757 1114 fuisse
802 1047 1145 1114 adversum
1194 1055 1258 1114 te
1305 1047 1507 1114 habeo
1554 1045 1902 1132 grat-iam”.

339 1155 415 1220 In
474 1156 577 1221 his
638 1156 921 1241 genuina
967 1153 1270 1220 videntur
1313 1151 1763 1218 tantummodo
1809 1151 1908 1233 (4)
1955 1157 2023 1218 et
2068 1151 2186 1232 (5),
2232 1171 2394 1237 quae
2443 1172 2637 1217 unam

246 1263 593 1329 effecerunt
639 1262 1151 1341 adnotationem,
1200 1260 1459 1346 dempto
1505 1257 1952 1337 emblemate,·
1991 1279 2141 1324 nam
2202 1257 2368 1324 nihil
2423 1260 2640 1325 istius-

246 1367 425 1434 modi
472 1367 850 1434 ostenditur.
899 1366 1065 1433 Don.
1114 1370 1180 1432 in
1229 1366 1328 1448 (4)
1374 1367 1494 1431 hoc
1534 1371 1792 1431 tantum
1830 1363 2078 1444 voluit,
2121 1369 2335 1430 totum
2373 1385 2638 1431 versum

245 1473 416 1539 nihil
460 1475 781 1540 continere
828 1459 954 1539 nisi
986 1475 1348 1561 gratiarum
1386 1474 1736 1549 actionem,
1778 1491 1982 1557 neque
2017 1469 2164 1538 ideo
2203 1471 2638 1557 quaerendum

244 1586 347 1646 est
408 1601 571 1667 quaa
634 1583 722 1645 sit
774 1583 875 1646 vis
920 1579 1330 1666 singulorum
1376 1579 1756 1657 verborum,
1807 1577 1884 1644 de
1933 1597 2060 1663 quo
2107 1582 2314 1664 agunt
2358 1579 2639 1663 speciose

244 1693 315 1752 et
358 1689 635 1752 inaniter
684 1684 881 1751 schol.
930 1687 1026 1767 (1)
1049 1685 1146 1768 (2)
1172 1685 1291 1767 (3).
1340 1684 1517 1751 Haec
1565 1686 1784 1750 omnia
1821 1687 2117 1770 suspecta
2153 1684 2376 1749 habeo.
2423 1683 2634 1750 Schol.

247 1794 345 1875 (1)
392 1794 718 1879 responsio
766 1799 977 1877 potest
1024 1813 1161 1858 esse
1208 1791 1439 1858 scholii
1486 1790 1604 1872 (2),
1653 1789 1765 1856 ssd
1811 1789 1908 1871 (3)
1975 1789 2146 1856 alius
2193 1796 2292 1856 est
2337 1794 2637 1872 auctoris,

246 1901 359 1986 qui
404 1898 561 1984 quid
605 1896 769 1965 velit
814 1919 930 1982 per
976 1899 1141 1976 „hoc
1187 1898 1370 1986 agit”
1417 1899 1533 1963 vix
1578 1917 1898 1984 assequor.

334 2005 498 2071 Ibid.
548 2004 587 2072 ‘7
658 2004 783 2072 Sed
844 2005 1000 2090 quid
1059 2012 1133 2070 tu
1194 2025 1261 2070 es
1328 2001 1579 2069 tristis?
1641 2002 1774 2070 Ge.
1820 2001 2084 2090 Egone?
2146 2005 2350 2070 nescis
2396 2026 2522 2091 quo
2565 2007 2635 2070 in

246 2119 427 2178 metu
474 2117 716 2197 quanto
763 2113 831 2177 in
876 2110 1161 2196 periculo
1208 2107 1453 2176 simus?

334 2218 432 2299 (4)
499 2218 803 2298 „Nescis”
870 2223 1022 2284 cett.
1093 2224 1158 2284 et
1225 2221 1703 2304 pronuntiantis
1770 2223 1837 2284 et
1905 2211 2364 2305 interrogantis
2423 2221 2638 2305 potest

243 2345 398 2391 esse.
539 2324 635 2406 (5)
698 2324 879 2390 Duas
938 2324 1497 2410 perturbationum
1560 2325 1750 2410 bigae
1807 2331 1993 2389 sunt:
2044 2345 2082 2389 a
2127 2323 2298 2391 malo
2346 2345 2505 2404 una,
2556 2347 2635 2392 ex

244 2433 483 2518 cupitis
542 2430 781 2509 altera,
842 2451 997 2518 ergo
1058 2451 1097 2496 a
1144 2429 1300 2497 mali
1348 2431 1517 2518 bigis
1563 2433 1915 2516 praesentis
1961 2433 2270 2517 temporis
2316 2434 2545 2517 peric
2563 2455 2635 2498 u-

242 2538 417 2604 lum
480 2558 615 2604 esse
674 2536 953 2604 dicimus
1013 2545 1080 2604 et
1138 2537 1345 2603 futuri
1408 2544 1719 2603 metum
1765 2535 1833 2618 ¹).
1995 2535 2092 2620 (6)
2139 2524 2632 2608 Pronuntiative

244 2647 459 2731 magis
505 2665 700 2730 quam
748 2646 1183 2731 percontative
1232 2644 1620 2710 efferendum
1667 2648 1785 2709 est.
1851 2643 1959 2710 Sic
2004 2646 2179 2709 enim
2227 2644 2508 2711 solemus
2554 2648 2632 2713 de

241 2753 500 2837 magnis
544 2751 735 2816 rebus
780 2750 1007 2817 dicere.
1147 2750 1245 2833 (¹7)
1294 2750 1417 2815 Vix
1464 2750 1749 2816 alterum
1793 2751 2096 2816 sustineri
2134 2757 2344 2836 potest
2383 2773 2630 2833 eorum,

240 2878 621 2945 quae-nunc
668 2865 941 2944 utraque
990 2861 1207 2943 posuit
1252 2864 1319 2923 et
1368 2856 1762 2937 „metum”
1813 2864 1876 2923 et
1926 2857 2515 2942 „periculum”.

330 2962 586 3030 Scholia
632 2963 730 3045 (4)
776 2970 843 3029 et
888 2964 984 3045 (6)
1032 2962 1273 3029 similia
1320 2969 1472 3029 sunt
1516 2968 1770 3050 praeter
1815 2962 2332 3029 additamentum
2377 2967 2448 3030 in
2495 2966 2627 3048 (6):

234 3072 329 3136 sic
392 3072 568 3135 enim
631 3090 789 3156 sqq„
852 3070 1021 3156 quod
1081 3070 1345 3157 prodere
1408 3070 1671 3137 videtur
1717 3070 2101 3156 sapientiam
2149 3069 2632 3157 Interpolatoris

235 3179 359 3243 hoc
404 3175 544 3243 loco
589 3178 1031 3265 incongruam.

330 3281 427 3347 De
490 3281 757 3369 reliquis
815 3282 1192 3350 conferenda
1252 3289 1438 3349 sunt:
1502 3282 1704 3348 Andr.
1755 3280 1810 3347 V
1860 3280 1992 3347 434
2017 3280 2114 3365 (3)
2179 3285 2316 3361 „ita
2377 3286 2632 3352 animus

237 3397 606 3457 commotus
667 3395 765 3456 eat
826 3396 1007 3455 metu
1068 3411 1177 3476 spe
1234 3388 1516 3477 gaudio’'
1566 3388 1712 3454 Duo
1759 3388 2084 3455 carnifices
2128 3388 2498 3456 futurarum
2541 3414 2636 3458 re-

236 3515 429 3561 rum:
480 3516 669 3582 spes
709 3502 774 3561 et
812 3502 1119 3574 metus,
1161 3495 1399 3562 dolor
1437 3498 1611 3562 enim
1652 3501 1717 3562 et
1754 3494 2158 3582 gaudium
2197 3500 2631 3582 praesentium

238 3623 461 3668 rerum
521 3600 1011 3688 intelleguntur,
1075 3602 1269 3688 Verg.
1318 3600 1431 3682 (VI
1480 3600 1662 3684 ¹733).
1725 3601 1830 3668 Sic
1877 3600 2184 3669 Donatus.
2248 3602 2446 3670 Porro
2491 3604 2635 3670 Eu·

238 3708 660 3795 graphius
719 3707 798 3774 ad
859 3706 1031 3773 h.1.:
1096 3707 1301 3774 Omne
1350 3707 1597 3773 malum
1647 3707 1774 3773 duo
1819 3708 2016 3774 habet
2061 3714 2350 3794 tempora
2393 3716 2635 3796 praete-

236 3818 447 3880 ritum
486 3820 551 3880 et
587 3815 907 3880 futurum.
955 3814 1387 3881 Praeteritum
1423 3836 1575 3882 vero
1618 3813 1820 3881 simul
1855 3816 2154 3900 iungitur
2191 3819 2256 3880 et
2293 3818 2632 3900 praesenti.

238 3921 343 3987 Ita
391 3923 461 3986 in
507 3922 827 4006 praesenti
874 3919 980 3987 vel
1026 3923 1372 4008 praeterito
1418 3919 1762 3998 malum,
1807 3922 1874 3985 in
1922 3920 2141 3985 futuro
2190 3926 2459 3986 metus
2497 3927 2596 3988 est
2611 3942 2631 4001 ;

238 4046 523 4113 magnus
570 4029 778 4115 igitur
823 4026 1145 4093 confessus
1192 4025 1375 4093 dolor
1420 4033 1553 4105 est,
1600 4046 1751 4092 cum
1799 4025 1964 4091 dixit
2013 4025 2316 4103 „Nescis”
2367 4033 2518 4093 cett.

312 4318 363 4381 1)
401 4318 646 4368 Hartman
680 4334 725 4383 p.
766 4318 885 4366 1182
927 4318 1183 4381 „Sumptus
1220 4316 1307 4365 hae
1338 4314 1475 4379 bigae
1502 4331 1529 4364 e
1560 4314 1779 4365 Platonis
1805 4312 2075 4365 Phaedro”.
2111 4314 2254 4381 Quod
2285 4319 2445 4366 antem
2474 4316 2634 4368 additz

243 4400 615 4466 ‚Philosophiae
648 4414 788 4463 ergo,
822 4413 947 4463 quae
982 4396 1031 4447 in
1065 4396 1259 4448 scholiis
1293 4397 1521 4463 leguntur
1555 4397 1719 4447 onnia
1751 4399 1864 4447 sunt
1897 4397 2108 4447 eiusdem
2142 4397 2330 4467 generis
2363 4400 2412 4449 ct
2443 4401 2634 4451 tntum

240 4501 339 4538 non
375 4485 537 4537 omnin
571 4498 628 4535 cx
662 4483 828 4535 codem
860 4482 992 4533 fonte
1026 4478 1247 4542 hausta”,
1281 4480 1371 4530 hoc
1406 4498 1501 4531 non
1535 4481 1783 4531 assentior.
