3246 5085
635 321 720 386 36
1672 339 1989 387 nom-rus.

723 499 809 567 87
836 501 935 586 (2)
997 501 1094 565 IP
1155 507 1478 566 auctorem
1541 502 1749 588 prodit
1815 501 2093 568 formula
2150 523 2269 566 non
2314 503 2421 564 sed
2466 507 2693 586 quater
2738 503 3028 585 repetita

633 628 746 672 neo
807 626 931 672 non
987 601 1386 672 antitheseon
1430 611 1708 672 inanitas
1756 612 1821 672 et
1868 610 2069 672 nimia
2118 605 2509 691 „exquisiti”
2560 606 2871 671 sermonis
2918 604 3040 668 ad-

635 714 914 776 miratiO.
1054 710 1141 777 87
1167 713 1265 798 (5)
1312 711 1581 777 Initium
1628 719 1967 797 sumptum
2013 733 2051 777 a
2098 708 2185 776 87
2214 710 2340 800 (1);
2392 711 2536 776 dein
2575 709 2734 775 falsa
2772 717 2869 774 est
2918 710 3042 774 ob-

633 819 941 892 servatio,
985 824 1235 901 poet-am
1279 837 1444 894 „non
1483 817 1683 882 semel
1718 821 2041 901 imputare
2081 817 2207 881 duo
2244 819 2596 901 mancipia,
2640 815 2791 880 sed”
2833 821 3035 880 cett.:

633 944 780 986 eum
821 925 993 987 enim
1033 922 1282 986 diversa
1320 923 1398 987 de
1439 930 1707 1007 utroque
1749 923 2228 1007 praedicaturus
2268 923 2380 997 sit,
2424 942 2499 986 ne
2522 924 2739 1005 potuit
2761 921 3035 1005 quidem

633 1015 1003 1091 eunuchum
1050 1034 1114 1092 et
1158 1026 1442 1112 puellam
1487 1026 1727 1104 „semel
1767 1026 2170 1112 imputare’';
2213 1033 2587 1091 mutuatum
2626 1026 2745 1091 hoo
2784 1027 3033 1110 partim

633 1132 890 1197 videtur
951 1153 988 1197 a
1050 1132 1297 1198 Donato
1359 1136 1426 1197 in
1489 1132 1574 1197 89
1601 1135 1701 1219 (2)
1734 1133 1803 1219 ¹).
1942 1132 2029 1197 88
2055 1132 2154 1216 (4)
2214 1131 2436 1196 eadem
2496 1131 2745 1196 laborat
2803 1133 3031 1215 inepta

632 1241 942 1302 sermonis
984 1237 1406 1304 admiratione
1445 1239 1603 1304 dum
1642 1259 1740 1304 res
1779 1239 1912 1304 fere
1952 1244 2330 1322 repetuntur
2351 1257 2431 1302 ex
2456 1234 2542 1303 87
2568 1235 2667 1322 (1)
2691 1243 2757 1302 et
2780 1235 2866 1301 87
2894 1235 3023 1320 (5).
3138 1309 3143 1314 ,

633 1341 720 1407 88
746 1343 840 1429 (5)
887 1346 1122 1429 partim
1169 1343 1680 1411 additamentum
1729 1351 1827 1409 est
1872 1364 2045 1430 mag.
2095 1344 2152 1407 A
2196 1363 2311 1427 per
2356 1363 2519 1422 er903
2570 1341 2648 1407 de
2694 1363 2819 1427 quo
2867 1340 3023 1407 vide

632 1470 857 1533 supra3
923 1456 1245 1535 postrema
1299 1451 1491 1515 verba
1538 1450 1730 1515 finem
1777 1451 2058 1514 referunt
2105 1447 2329 1513 scholii
2373 1445 2459 1512 87
2488 1446 2587 1532 (1)
2634 1454 2699 1512 et
2743 1450 3030 1531 interpo-

628 1553 868 1619 latione
916 1558 1212 1639 magistri
1264 1557 1319 1620 A
1365 1555 1534 1621 male
1581 1563 1869 1641 separata
1918 1561 2069 1619 sunt
2117 1554 2193 1618 ab
2242 1551 2329 1618 88
2355 1551 2475 1639 (4).
2615 1550 2702 1616 88
2728 1551 2827 1636 (6)
2874 1553 3025 1615 imi-

630 1661 793 1723 tatio
850 1665 946 1723 est
991 1659 1219 1726 scholii
1268 1660 1389 1746 (2),
1437 1661 1545 1726 sed
1593 1664 1729 1725 sine
1776 1658 2091 1745 exemplo.
2230 1657 2319 1722 88
2344 1655 2443 1742 (7)
2490 1664 2589 1723 est
2634 1663 2869 1743 arguta
2912 1655 3025 1720 sed

635 1761 797 1828 falsa
836 1764 1138 1828 refutatio
1179 1786 1290 1851 per
1327 1768 1434 1829 sed
1477 1765 1707 1830 scholii
1753 1765 1852 1852 (2)
1899 1764 1997 1830 ve]
2049 1762 2168 1850 (6).
2309 1762 2517 1828 Schol.
2567 1761 2654 1827 88
2680 1763 2779 1846 (8)
2828 1764 3027 1848 signi—

634 1867 821 1932 ficare
870 1869 1145 1947 videtur,
1193 1876 1449 1954 poetam
1493 1873 1563 1934 in
1609 1870 1840 1936 ancilla
1885 1872 2386 1956 praetermisisse
2434 1868 2763 1953 epitheton
2813 1867 3029 1951 „quod

633 1972 805 2038 solae
879 1974 979 2038 his
1051 1981 1326 2039 utuntur
1388 1976 1714 2061 reginae'’,
1776 1975 1947 2059 quod
2009 1978 2281 2041 oratorie
2342 1973 2629 2039 subdidit
2692 1973 3026 2048 eunucho,

634 2082 786 2162 quia
833 2078 1012 2144 nulla
1062 2081 1466 2166 Aethiopissa
1511 2080 1778 2165 pulchra
1824 2082 1929 2166 (of.
1972 2079 2066 2144 111
2107 2079 2169 2145 2.
2196 2080 2312 2164 21)
2363 2080 2490 2144 diei
2527 2081 2749 2164 possit.
2799 2078 3029 2162 Itaque

633 2182 840 2248 forma
882 2191 948 2249 et
986 2206 1052 2249 re
1092 2189 1386 2270 ineptum
1425 2195 1541 2252 est.
1682 2186 1947 2251 Restant
1986 2185 2070 2250 85
2098 2185 2218 2271 (2),
2263 2184 2348 2251 87
2375 2184 2493 2272 (3),
2534 2183 2621 2248 88
2648 2184 2745 2267 (1)
2773 2183 2872 2268 (3)
2897 2181 3025 2267 (9).

635 2287 732 2350 Ex
771 2288 872 2353 his
912 2289 998 2353 85
1024 2290 1123 2374 (2)
1165 2300 1382 2356 contra
1417 2291 1568 2357 Sab
1589 2293 1647 2355 b.
1691 2291 1935 2356 Donato
1968 2289 2457 2375 relinquendum
2480 2310 2616 2354 esse
2639 2297 2798 2375 puto
2824 2291 3027 2353 etiam

634 2395 820 2456 iuxta
882 2392 968 2459 87
994 2397 1092 2480 (1)
1157 2402 1222 2460 et
1281 2397 1358 2460 of.
1423 2395 1510 2460 89
1537 2396 1667 2480 (2);
1735 2396 1812 2461 de
1874 2396 1961 2461 87
1990 2395 2088 2480 (3)
2152 2402 2217 2460 et
2279 2395 2365 2460 88
2392 2394 2487 2475 (3)
2548 2400 2645 2460 est
2692 2393 2862 2479 quod
2908 2392 3031 2456 du-

634 2497 801 2563 bites
817 2519 833 2575 ;
900 2497 1134 2564 Sabb.
1181 2520 1304 2566 non
1351 2501 1685 2567 damnavit
1701 2522 1719 2580 ς
1772 2500 2043 2586 denique
2090 2522 2125 2566 e
2172 2499 2493 2565 similibus
2540 2498 2629 2565 88
2653 2499 2752 2584 (1)
2804 2504 2868 2565 et
2914 2495 3025 2581 (9)

635 2605 753 2668 hoo
800 2607 1015 2689 potius
1063 2604 1310 2671 Donato
1357 2606 1641 2672 dederim
1688 2613 1948 2692 propter
1993 2606 2297 2671 idoneum
2338 2606 2729 2691 exemplum.

728 2706 894 2775 Cum
957 2712 1164 2796 igitur
1222 2712 1501 2779 Editoris
1562 2734 1819 2799 operam
1880 2716 2343 2797 persequimur,
2392 2712 2686 2776 videmus
2731 2730 2883 2775 eum
2928 2710 3027 2771 in-

636 2820 896 2901 tegrum
949 2816 1292 2883 reddidisse
1348 2817 1674 2911 Donatum
1722 2817 1802 2883 ad
1851 2817 1937 2881 85
1983 2827 2048 2882 et
2095 2816 2205 2894 86,
2254 2816 2653 2901 supplevisse
2696 2814 2891 2880 illum
2936 2813 3021 2878 ad

638 2918 723 2985 87
772 2924 840 2985 in
888 2921 986 3006 (2)
1032 2943 1147 3007 per
1191 2924 1406 2987 deinde
1449 2931 1515 2989 et
1560 2923 1767 2988 denuo
1812 2926 1879 2987 in
1930 2921 2029 3006 (5)
2078 2944 2190 3007 per
2236 2922 2370 2985 vide
2414 2945 2493 3007 q„
2559 2922 2898 3004 utrobique
2944 2926 3025 2982 ut

636 3024 773 3089 stili
817 3024 1182 3091 Terentiani
1228 3027 1718 3094 admirationem
1766 3030 2073 3092 excitaret
2104 3026 2501 3113 legentibus,
2544 3024 2714 3109 quod
2752 3026 3024 3089 tertium

636 3150 887 3215 quoque
935 3132 1085 3196 fecit
1121 3135 1188 3196 in
1226 3132 1315 3197 88
1341 3134 1460 3219 (4),
1505 3134 1777 3219 denique
1814 3137 1884 3195 in
1924 3132 2011 3197 88
2036 3130 2135 3217 (7)
2175 3135 2368 3197 crisin
2404 3134 2763 3197 exercuisse
2800 3134 3027 3194 eontra

639 3234 966 3301 Donatum
1013 3234 1100 3301 88
1128 3236 1225 3321 (2)
1273 3244 1338 3302 et
1384 3238 1701 3303 addidisse
1744 3240 1994 3323 ineptas
2040 3239 2327 3323 argutias
2373 3239 2441 3301 in
2487 3236 2607 3320 (8).
2680 3234 3031 3319 Repetitio-

636 3361 747 3406 nes
810 3340 896 3406 88
922 3341 1021 3427 (1)
1083 3349 1149 3407 et
1212 3344 1304 3428 (6)
1368 3351 1432 3408 et
1496 3343 2008 3408 additamentum
2073 3342 2172 3427 (5)
2240 3345 2427 3407 initio
2497 3340 2644 3406 aliis
2714 3341 3027 3405 debentur

635 3450 1000 3533 magistris,
1048 3451 1257 3532 posita
1299 3452 1367 3512 in
1415 3451 1709 3534 margine
1750 3448 2021 3513 alicuius
2058 3448 2253 3512 fontis
2293 3446 2767 3532 Gompilatoris.
2816 3443 3023 3509 Stilus

635 3552 734 3618 IP
781 3553 1075 3618 sordidus
1122 3560 1186 3619 et
1233 3554 1540 3620 obscurus
1589 3556 1825 3640 ubique
1873 3556 2172 3620 cernitur.

725 3764 756 3828 I
803 3764 867 3830 2.
895 3765 1002 3831 91.
1069 3768 1166 3832 Ob
1210 3770 1366 3835 haee
1411 3770 1735 3834 faeta-abs
1784 3774 1845 3833 te
1891 3788 2151 3853 spernor

725 3871 823 3955 (1)
872 3872 998 3937 Hic
1044 3874 1281 3960 duplex
1329 3878 1767 3959 pronuntiatio
1812 3881 1941 3939 est:
1996 3872 2095 3939 vel
2142 3893 2256 3957 per
2299 3873 2868 3958 interrogationem
2907 3868 3009 3938 vel

634 3996 748 4061 per
781 3978 1166 4043 invidiosam
1202 3982 1789 4067 exprobrationem3
1835 4016 1921 4027 -
1959 3979 2059 4063 (2)
2100 3986 2164 4043 et
2204 3976 2435 4042 melius
2460 3976 2639 4044 velut
2661 3976 3007 4041 indicativo

636 4080 824 4146 modo
873 4104 1066 4167 quam
1109 4088 1569 4172 interrogativo
1609 4086 1960 4171 profertur:
2002 4084 2119 4148 hoc
2156 4086 2329 4149 enim
2368 4092 2465 4148 est
2503 4081 2711 4148 multo
2750 4084 3014 4168 gravius

738 4340 791 4402 1)
840 4337 1094 4390 Indioativi
1139 4341 1191 4389 in
1225 4341 1472 4405 rogatione
1505 4340 1739 4405 pendente
1780 4336 2047 4404 ‚imputat”
2082 4344 2131 4387 et
2172 4354 2311 4388 ‚usus
2342 4336 2446 4388 αι’·
2481 4340 2570 4403 (88
2588 4339 2693 4403 (4))
2732 4353 2915 4388 morem
2952 4354 3023 4387 re·

641 4418 805 4469 lerunt
841 4419 936 4469 12².
