3246 5085
635 296 768 362 434
1231 394 1237 401 ἱ
1676 318 1989 365 nonnus.

629 478 839 546 Schol.
903 480 1066 545 Dan.
1133 480 1212 545 ad
1271 480 1358 545 IV
1430 480 1555 547 127
1621 490 1949 549 auctorem
2012 485 2213 549 citant
2274 480 2648 549 Cornelium
2710 480 3009 549 Balbum
3032 530 3055 559 ,

629 587 982 664 minorem,
1056 594 1130 651 ut
1199 588 1479 665 videtur,
1550 586 1839 673 Caesaris
1908 588 2260 675 aequalem.
2330 587 2637 655 Libenter
2705 587 3057 653 credimus

629 690 930 778 pleraque
969 693 1343 759 huiusmodi
1380 694 1460 760 ad
1499 694 1850 762 Varronem
1897 696 2249 761 revocanda
2294 717 2432 761 esse
2454 742 2469 773 ,
2520 697 2633 781 qui
2678 692 2909 761 saltem
2970 696 3057 757 in

629 798 992 884 Menippeis
1039 799 1254 879 (Riese
1303 822 1364 886 p.
1421 801 1576 883 104)
1616 803 1735 868 hoc
1777 823 2015 867 numen
2055 804 2589 868 commemoravit
2617 799 2687 882 1).
2735 801 3055 867 Donatus

625 911 842 970 antem
893 903 1049 970 talia
1096 908 1208 971 vix
1255 906 1484 997 habuit
1532 929 1567 973 e
1615 911 2075 974 commentario
2126 909 2439 994 quodam,
2488 907 2599 973 sed
2646 906 2923 973 aliunde.

720 1008 773 1073 V
823 1009 885 1074 8.
918 1010 1000 1075 15
1075 1013 1258 1077 Anno
1307 1012 1572 1079 demum
1621 1018 1847 1100 quinto
1894 1022 1959 1080 et
2004 1017 2405 1101 sexagesimo
2836 1094 2842 1101 ,

720 1114 817 1195 (3)
866 1114 1042 1181 Haec
1088 1123 1262 1183 aetas
1308 1125 1438 1197 est,
1487 1127 1563 1183 ut
1610 1119 1807 1186 Varro
1859 1123 1981 1198 ait,
2033 1123 2231 1186 etiam
2279 1122 2672 1185 comicorum
2723 1140 2985 1199 senum.

718 1221 879 1287 Ibid.
930 1222 1017 1288 29
1041 1223 1139 1302 (3)
1191 1224 1558 1303 „Verbum”
1612 1225 1781 1291 dixit
1831 1248 2050 1293 veram
2097 1230 2519 1306 sententiam,
2568 1248 2719 1293 nam
2771 1228 3047 1293 verba

625 1348 662 1393 a
707 1332 1084 1396 veritate
1131 1330 1304 1398 dicta
1348 1354 1483 1399 esse
1533 1336 1716 1399 testis
1764 1341 1864 1399 est
1908 1334 2126 1401 Varro,

717 1544 773 1609 R
999 1567 1064 1609 m

715 1546 1003 1716 1³3³:ss
1043 1567 1260 1717 cldztra
1301 1653 1583 1739 Asprum
1625 1654 1721 1719 III
1760 1654 1821 1719 2.
1850 1652 1936 1721 25
1977 1654 2277 1737 (assiqnat
2302 1658 2644 1736 personae).
2671 1653 3039 1719 Varronem

626 1754 712 1821 IV
763 1756 825 1821 2.
858 1756 966 1823 37.
1010 1755 1117 1823 44.
1170 1756 1224 1822 V
1271 1757 1623 1837 8.15.29;
1678 1762 2056 1827 etfortasse
2103 1759 2189 1825 IV
2242 1760 2301 1827 7.
2331 1759 2439 1824 34.
2488 1760 2541 1825 V
2594 1758 2654 1826 7.
2685 1758 2746 1824 6.

716 1862 954 1940 LocOS,
1019 1864 1133 1928 ubi
1181 1864 1433 1929 Probus
1483 1867 1687 1951 Asper
1731 1867 1999 1932 indicati
2045 1886 2179 1931 esse
2226 1872 2494 1953 possunt
2539 1865 2570 1930 Ι
2622 1865 2770 1942 1.1‚
2819 1863 2883 1929 2.
2912 1864 3037 1930 36.

622 1967 684 2034 II
725 1969 790 2033 4.
819 1968 907 2033 23
925 1966 993 2032 ?*
1031 1969 1119 2034 IV
1165 1970 1221 2036 1.
1255 1970 1337 2034 14
1371 1969 1514 2048 16*,
1552 1972 1614 2036 4.
1648 1971 1732 2036 10
1771 1972 2039 2052 (Prob.)‚
2083 1970 2144 2038 7.
2174 1971 2213 2037 9
2256 1972 2471 2054 (Proh.
2499 1977 2717 2037 contra
2740 1967 3033 2057 Aspr.?).

624 2074 758 2140 Alii
808 2076 1015 2141 fontes
1063 2075 1092 2140 Ι
1147 2076 1204 2143 l.
1237 2076 1296 2156 1,
1347 2075 1401 2141 V
1452 2076 1512 2143 3.
1547 2077 1651 2143 19.

1649 2308 1996 2397 Hecyra.

720 2504 888 2573 Prol.
930 2504 979 2572 Ι.
1027 2506 1085 2571 1.
1112 2505 1155 2571 2
1207 2504 1679 2574 Calamitas
1730 2508 1901 2586 παρὰ
1942 2506 2052 2581 τὴν
2094 2505 2389 2584 καλάμην
2430 2505 2687 2585 dicitur,
2731 2504 3033 2572 clades

627 2616 780 2700 qnia
839 2612 1051 2679 clam
1113 2613 1380 2693 datur,
1429 2620 1505 2679 ut
1549 2613 1728 2680 aliud
1776 2617 1861 2678 sit
1906 2614 2237 2701 grandinis
2282 2612 2576 2680 culmum
2623 2614 3030 2700 frangentis,

629 2720 804 2789 aliud
853 2721 1012 2785 furti
1058 2726 1172 2785 aut
1217 2719 1348 2786 doli
1391 2719 1582 2801 mali;
1633 2723 1725 2786 sic
1777 2722 2042 2787 Probus.
2732 2802 2748 2816 .

719 2826 750 2891 Ι
799 2826 858 2891 1.
890 2826 924 2890 1
966 2826 1088 2908 (5)’
1111 2826 1384 2908 Quidam
1435 2848 1560 2893 non
1612 2827 1933 2914 „paucas”
1984 2827 2093 2893 sed
2140 2828 2359 2912 paucis
2397 2825 2659 2913 legunt3
2709 2828 2801 2891 sic
2844 2828 3031 2892 enim

629 2929 1054 3018 Apollodorus
1106 2935 1394 3010 »ὀλίγαις
1445 2934 1704 3014 ἐραστὴς
1756 2939 1907 2998 cett.

718 3036 1083 3104 Secundum
1124 3039 1252 3104 We
1274 3060 1426 3106 ssn.
1467 3061 1529 3125 p.
1565 3039 1652 3104 25
1694 3035 1988 3124 exempla
2024 3036 2269 3105 Graeca
2306 3036 2575 3103 redeunt
2613 3037 2692 3102 ad
2729 3036 3026 3103 Probum

629 3147 934 3230 Asprum.

721 3250 752 3315 1
799 3251 860 3317 2.
891 3250 976 3318 78
1050 3252 1233 3329 „Hoc
1281 3273 1403 3338 ego
1449 3252 1729 3340 proferre
1774 3250 2300 3317 incommodum''
2350 3270 2405 3314 e.
2432 3271 2491 3335 q.
2519 3271 2569 3314 s.

718 3356 812 3438 (1)
860 3356 1064 3423 Verba
1110 3356 1436 3444 Pamphili
1476 3365 1665 3436 sunt,
1708 3379 1831 3422 non
1874 3363 1951 3422 nt
1989 3356 2251 3442 quidam
2290 3362 2523 3442 putant
2561 3354 2640 3420 ad
2680 3375 3023 3441 personam

627 3462 1043 3528 Parmenonis
1091 3465 1455 3530 referentes.
1595 3463 1792 3529 Error
1826 3463 1973 3528 inde
2012 3469 2223 3540 ortus,
2267 3461 2437 3548 qnod
2482 3462 2797 3526 Parmeno
2836 3463 3023 3538 citat,

625 3589 788 3655 quae
838 3568 995 3634 olim
1043 3570 1214 3635 dicta
1264 3577 1415 3635 sunt
1460 3590 1497 3635 a
1543 3569 1904 3656 Pamphilo.

717 3675 779 3740 11
832 3676 890 3741 1.
943 3676 1027 3742 37
1100 3675 1274 3742 Satis
1323 3679 1488 3755 scic,
1538 3676 1855 3763 peccando
1903 3675 2275 3741 detrimenti
2321 3674 2416 3742 nil
2466 3673 2601 3740 fieri
2647 3678 2859 3759 potest

717 3780 814 3862 (3)
874 3782 1150 3864 Quidam
1213 3783 1375 3849 hanc
1438 3789 1672 3869 putant
1731 3784 2005 3848 ironiam
2027 3831 2041 3858 ,
2102 3783 2285 3867 qnasi
2331 3780 2520 3857 dicat,
2568 3784 2779 3845 certus
2826 3799 2975 3844 sum
2994 3828 3013 3857 ,
3088 3852 3097 3860 ‚

625 3888 797 3975 quod
843 3909 921 3954 ex
968 3888 1150 3955 nullo
1199 3895 1456 3975 peccato
1505 3895 1617 3955 tuo
1664 3888 1972 3953 damnum
2021 3890 2344 3974 possimus
2393 3888 2561 3972 pati3
2611 3884 2721 3951 sed
2765 3883 2959 3951 male.

715 3994 1011 4060 Fortasse
1074 3995 1261 4062 Proh.
1330 3997 1482 4081 Asp.
1545 3995 1765 4062 locum
1828 3995 2292 4061 subobscurum
2342 4013 2457 4078 per
2498 3993 2771 4057 ironiam
2818 3988 3026 4076 expli-

692 4286 745 4350 1)
783 4285 1152 4350 Cf.'Smutny
1187 4285 1389 4337 Dimrt.
1424 4285 1552 4336 Phil.
1591 4287 1794 4337 Vindob.
1834 4285 1903 4336 VI
1940 4285 2070 4335 1898
2104 4301 2152 4350 p.
2194 4284 2378 4347 l21sq.
2412 4283 2469 4331 de
2501 4281 2672 4346 etymia
2704 4279 2940 4329 Varronis
2972 4280 3025 4330 in

617 4372 902 4426 commento,
952 4383 1072 4431 quae
1117 4383 1201 4433 per
1245 4371 1669 4418 commentatorem
1717 4369 1835 4434 (ipse
1878 4368 2059 4432 cogitat
2108 4367 2165 4415 dc
2200 4365 2409 4416 Helenio
2440 4367 2644 4426 Acrone)
2677 4363 2735 4412 ad
2774 4365 3021 4413 Donatum

620 4449 889 4516 pervenisse
922 4450 1089 4500 credit.
