3246 5085
553 255 689 325 282
886 343 897 356 .
1594 271 1911 322 nonu-us.

554 464 683 509 non
726 443 910 510 nobis
951 441 1119 508 utili.
1179 439 1417 510 Contra
1452 439 1532 506 ad
1570 439 1702 505 XII
1739 438 1874 504 538
1919 438 2240 506 scholium
2287 439 2575 508 Danielis
2617 447 2952 527 comparat

550 555 844 617 nostrum
912 548 1199 616 Terentii
1260 547 1477 614 locum
1538 553 1604 612 et
1665 547 1828 613 Aen.
1890 544 1978 610 Iv
2033 545 2166 612 610
2237 547 2414 626 „Nec
2477 547 2545 612 di
2607 550 2950 614 morientis

550 657 864 735 Elissae’'‚
911 656 1181 723 addens:
1230 653 1491 741 Singuli
1537 655 1715 719 enim
1761 653 1912 719 deos
1958 657 2250 740 proprios
2296 655 2608 722 habemus
2649 657 2902 742 genios.

644 765 804 831 Ibid.
855 762 941 829 26
1012 762 1165 829 Seni
1214 761 1419 827 fidelis
1466 759 1625 825 dum
1671 780 1822 824 sum
1869 759 2163 846 scapulas
2209 761 2462 847 perdidi

642 871 741 953 (3)
784 870 946 937 Plus
990 876 1087 936 est
1136 867 1467 954 „perdidi”
1514 888 1714 953 quam
1765 869 1822 932 si
1869 867 2110 934 diceret
2159 867 2447 946 „dolui'’.
2608 867 2950 935 Scholium

552 979 753 1043 nimis
793 974 1031 1042 futtile.
1334 1031 1343 1038 .

644 1083 808 1150 Ibid.
858 1082 944 1149 38
967 1081 1064 1163 (2)
1113 1080 1597 1160 „Exadversum
1647 1081 1707 1145 ei
1754 1078 1935 1146 loco”
1983 1078 2231 1166 legitur
2276 1086 2344 1146 et
2392 1079 2679 1160 „illico'’,
2727 1087 2794 1146 et
2837 1101 2952 1148 an·

554 1197 816 1257 notatur
878 1211 999 1266 „ex
1058 1187 1412 1255 abundanti
1470 1185 1789 1263 additum,
1838 1190 1914 1250 ut
1959 1187 2132 1273 apud
2177 1194 2427 1275 veteres
2473 1181 2682 1266 multa
2725 1186 2954 1253 sunt'’.

690 1297 761 1364 Si
820 1297 941 1362 hoc
994 1295 1229 1360 Donati
1284 1299 1401 1372 est,
1462 1299 1541 1359 ut
1602 1293 1733 1358 fere
1779 1295 2088 1379 suspicor,
2139 1292 2398 1360 rettulit
2441 1294 2504 1358 h.
2531 1291 2575 1359 1.
2624 1291 2951 1360 scholium

552 1405 988 1491 praecessoris,
1035 1423 1090 1466 e.
1116 1422 1184 1488 g.
1233 1401 1446 1486 Aspri.

644 1508 807 1575 Ibid.
859 1507 946 1573 54
970 1507 1066 1588 (6)
1140 1506 1283 1573 Duo
1329 1507 1622 1595 ing-entia
1667 1511 1734 1571 et
1782 1504 2059 1592 „virgo”
2107 1517 2174 1572 et
2221 1504 2552 1593 ,‚pulcra'’.

642 1615 1105 1701 Emphaticum
1166 1613 1497 1701 epitheton
1555 1614 1986 1698 ingentia,
2053 1618 2121 1678 et
2160 1610 2399 1699 duplex
2457 1611 2691 1698 copula
2737 1610 2956 1698 prodit

559 1729 906 1788 auctorem.

642 1827 807 1893 Ibid.
872 1824 957 1892 57
1027 1824 1117 1890 Ut
1136 1873 1152 1903 ,
1213 1827 1283 1890 ni
1345 1827 1448 1894 vis
1509 1824 1660 1891 boni
1721 1827 1792 1890 in
1855 1826 1992 1911 ipsa
2053 1827 2293 1891 inesset
2339 1825 2545 1891 forma
2591 1826 2945 1910 (virginis),

555 1936 711 2001 haec
754 1934 1029 1999 formam
1076 1933 1559 2020 exstinguerent

535 2035 545 2046 '
649 2040 747 2121 (2)
792 2039 951 2104 Plus
994 2044 1093 2105 est
1142 2040 1285 2116 „vis
1323 2037 1517 2103 boni”
1560 2057 1758 2123 quam
1803 2037 2154 2114 „bonum”.
2293 2036 2624 2104 Scholium
2664 2035 2952 2103 ostendit

561 2153 890 2215 auctorem
935 2148 1074 2212 vim
1124 2147 1477 2211 sententiae
1524 2165 1651 2210 non
1697 2145 1960 2229 cepisse.
2099 2142 2265 2208 Don.
2303 2142 2402 2224 (3)
2456 2143 2808 2209 Fornum
2845 2164 2951 2209 ve-

561 2259 728 2319 teres
772 2255 995 2339 ignem
1041 2256 1107 2316 et
1152 2248 1428 2316 calorem
1476 2249 1796 2336 quendam
1833 2250 2015 2335 quasi
2061 2249 2473 2315 fervorem
2514 2250 2844 2328 dixerunt,
2883 2255 2954 2316 et

560 2358 705 2424 ideo
752 2357 1174 2435 fornaceS,
1223 2357 1635 2442 forcipeS,
1685 2356 2050 2422 formam
2095 2362 2162 2420 et
2209 2356 2656 2434 formos08‚
2695 2378 2773 2422 ex
2811 2359 2952 2442 qui-

560 2465 681 2533 bus
728 2465 965 2528 amoris
1010 2465 1185 2551 ignis
1230 2460 1608 2542 exsolvitur,
1657 2467 1810 2528 cett.
1845 2462 1913 2544 ¹).
2065 2460 2376 2548 Sequitur
2423 2460 2748 2529 conclusio
2795 2461 2949 2528 Edi-

560 2573 752 2648 toris‚
814 2590 974 2656 quae
1032 2591 1158 2634 non
1206 2572 1485 2656 pertinet
1534 2568 1615 2634 ad
1664 2573 1954 2645 textum,
2004 2568 2114 2635 sed
2161 2568 2240 2635 ad
2285 2590 2358 2635 ea
2403 2590 2567 2655 quae
2612 2569 2780 2636 dixit
2823 2569 2952 2635 Do-

558 2684 782 2744 natus:
848 2676 943 2758 (4)
1002 2676 1175 2759 Ergo
1236 2683 1301 2742 et
1347 2674 1674 2764 Vergilius
1719 2678 1812 2741 sic
1860 2678 1952 2741 ait
2001 2681 2112 2753 „at
2157 2677 2322 2743 mihi
2368 2697 2505 2743 sese
2551 2676 2734 2743 offert
2777 2674 2950 2743 ultro

559 2804 746 2851 meus
790 2785 965 2870 ignis
1017 2783 1373 2869 Amyntas''
1426 2780 1590 2859 (Ecl.
1640 2780 1735 2847 111
1782 2780 1920 2862 66).

650 2890 813 2957 Ibid.
866 2888 953 2956 65
1022 2888 1269 2954 Bonam
1317 2889 1501 2954 bonis
1547 2894 1930 2976 prognatam

648 2996 746 3076 (l)
811 2995 1140 3074 „Bonam”
1206 3016 1331 3061 non
1383 2993 1619 3073 vilem,
1669 2998 1820 3080 quia
1868 2996 2014 3061 boni
2055 3016 2184 3061 nou
2232 2994 2412 3061 vilse.
2477 2995 2642 3061 Unde
2683 2996 2954 3079 superla-

561 3103 721 3168 tivus
760 3104 986 3183 ,ᾳναᾱτιε
1033 3123 1065 3166 o
1070 3124 1120 3184 p
1139 3100 1460 3165 limacea
1494 3102 1691 3186 jacit,
1739 3102 1884 3186 quia
1931 3102 2114 3165 bonus
2159 3100 2370 3165 melior
2409 3103 2666 3185 optimus
2703 3104 2950 3169 dicitur.

558 3208 660 3274 W.
710 3209 944 3272 merito
993 3209 1269 3273 cursivo.

648 3312 811 3379 Ibid.
863 3310 943 3378 71
1018 3311 1137 3378 Ille
1184 3312 1542 3379 indotatam
1590 3316 1916 3401 virginem
1965 3321 2157 3399 atque
2193 3310 2550 3401 ignobilem
2592 3314 2772 3382 daret
2807 3314 2950 3382 illi?

649 3419 811 3485 Don.
874 3419 972 3505 (1)
1037 3418 1211 3485 Bono
1271 3420 1499 3485 affectu
1552 3420 1774 3498 „daret
1817 3419 1920 3485 illi
1939 3417 2007 3484 ‘2”
2057 3420 2230 3485 filius
2278 3422 2452 3486 enim
2501 3422 2781 3488 familias
2823 3444 2948 3489 non

560 3534 694 3592 tam
763 3525 942 3591 ducit
1010 3548 1272 3593 uxorem
1346 3548 1540 3613 quam
1603 3549 1641 3593 a
1702 3534 1882 3613 patre
1946 3530 2212 3614 accipit,
2281 3530 2521 3615 quippe
2582 3551 2732 3595 cum
2779 3534 2948 3617 patri

560 3635 1022 3717 committatur,
1074 3632 1290 3719 puella
1358 3636 1573 3719 potius
1639 3636 1709 3699 in
1775 3632 2148 3700 huiusmodi
2216 3634 2692 3701 condicionibus
2757 3657 2948 3723 quam

560 3743 811 3807 marito.
950 3739 1051 3821 (4)
1113 3740 1284 3806 Mire
1346 3740 1634 3820 „daret’',
1695 3746 1772 3805 ut
1819 3741 2180 3807 ostenderet
2225 3740 2391 3805 nihil
2437 3763 2572 3809 esse
2617 3746 2950 3829 potestatis

558 3850 627 3914 in
678 3847 830 3914 filio.
970 3847 1365 3933 Excerptum
1418 3869 1494 3913 ex
1543 3851 1661 3930 (1).

654 3953 813 4019 Ibid.
865 3953 951 4022 73
1508 3954 1628 4020 Est
1673 3956 1993 4040 parasitus
2041 3953 2303 4040 quidam
2349 3954 2678 4033 Phormi0,

882 4059 1100 4125 Homo
1146 4059 1503 4127 confidens:
1554 4064 1669 4147 qui
1710 4060 1902 4127 illum
1951 4061 2018 4127 di
2061 4082 2282 4127 omnes
2329 4060 2661 4147 perduint!

629 4339 677 4401 1)
712 4336 1010 4387 Adiectivum
1048 4336 1288 4387 formas
1321 4337 1352 4388 i.
1373 4354 1414 4388 e.
1446 4337 1634 4387 calidus
1662 4339 1830 4387 notum
1861 4354 1886 4387 e
1917 4336 2132 4391 Varrone
2161 4337 2289 4407 apud
2315 4336 2444 4389 Non.
2477 4337 2688 4389 581.24.
2723 4336 2800 4389 Cf.
2825 4339 2946 4393 Fut.

560 4422 624 4475 83
660 4424 709 4471 et
747 4421 825 4481 84,
862 4421 926 4471 al.
960 4421 1011 4469 in
1046 4436 1154 4487 app.
1192 4420 1373 4471 Wessn.
