<?xml version="1.0" encoding="UTF-8"?>
<!DOCTYPE html PUBLIC "-//W3C//DTD XHTML 1.0 Transitional//EN"
    "http://www.w3.org/TR/xhtml1/DTD/xhtml1-transitional.dtd">
<html xmlns="http://www.w3.org/1999/xhtml" xml:lang="en" lang="en">
 <head>
  <title>
</title>
<meta http-equiv="Content-Type" content="text/html;charset=utf-8" />
  <meta name='ocr-system' content='tesseract 3.04.00' />
  <meta name='ocr-capabilities' content='ocr_page ocr_carea ocr_par ocr_line ocrx_word'/>
</head>
<body>
  <div class='ocr_page' id='page_1' title='image "./mnemosynevolume03verdgoog_0157.png"; bbox 0 0 3246 5085; ppageno 0'>
   <div class='ocr_carea' id='block_1_1' title="bbox 1329 320 2705 390">
    <p class='ocr_par' dir='ltr' id='par_1_1' title="bbox 1329 320 2705 390">
     <span class='ocr_line' id='line_1_1' title="bbox 1329 320 2705 390; baseline 0 -1"><span class='ocrx_word' id='word_1_1' title='bbox 1329 340 1707 389; x_wconf 67' lang='lat' dir='ltr'><strong>rnaromos.</strong></span> <span class='ocrx_word' id='word_1_2' title='bbox 2576 320 2705 390; x_wconf 79' lang='lat'><strong>149</strong></span> 
     </span>
    </p>
   </div>
   <div class='ocr_carea' id='block_1_2' title="bbox 303 502 2767 1955">
    <p class='ocr_par' dir='ltr' id='par_1_2' title="bbox 303 502 2767 1955">
     <span class='ocr_line' id='line_1_2' title="bbox 317 502 2705 592; baseline 0 -21"><span class='ocrx_word' id='word_1_3' title='bbox 317 506 352 582; x_wconf 73' lang='grc' dir='ltr'><em>ἢ</em></span> <span class='ocrx_word' id='word_1_4' title='bbox 395 508 444 571; x_wconf 76' lang='grc' dir='ltr'><strong>εἰ</strong></span> <span class='ocrx_word' id='word_1_5' title='bbox 487 506 847 587; x_wconf 78' lang='grc' dir='ltr'><strong><em>διαφθείρω,</em></strong></span> <span class='ocrx_word' id='word_1_6' title='bbox 891 502 1073 569; x_wconf 76' lang='grc' dir='ltr'><strong><em>ἄκων.</em></strong></span> <span class='ocrx_word' id='word_1_7' title='bbox 1114 504 1240 570; x_wconf 89' lang='lat' dir='ltr'><strong>Hic</strong></span> <span class='ocrx_word' id='word_1_8' title='bbox 1279 505 1448 591; x_wconf 92' lang='lat' dir='ltr'><strong>quod</strong></span> <span class='ocrx_word' id='word_1_9' title='bbox 1487 506 1856 591; x_wconf 75' lang='lat' dir='ltr'><strong>requiritur,</strong></span> <span class='ocrx_word' id='word_1_10' title='bbox 1898 509 2338 591; x_wconf 88' lang='lat' dir='ltr'><strong>unusquisque</strong></span> <span class='ocrx_word' id='word_1_11' title='bbox 2368 506 2705 592; x_wconf 83' lang='lat' dir='ltr'><strong>cogitando</strong></span> 
     </span>
     <span class='ocr_line' id='line_1_3' title="bbox 315 609 2703 697; baseline 0 -20"><span class='ocrx_word' id='word_1_12' title='bbox 315 614 507 678; x_wconf 89' lang='lat' dir='ltr'><strong>tacite</strong></span> <span class='ocrx_word' id='word_1_13' title='bbox 547 610 911 697; x_wconf 77' lang='lat' dir='ltr'><strong>supplebit:</strong></span> <span class='ocrx_word' id='word_1_14' title='bbox 952 612 1003 673; x_wconf 78' lang='grc' dir='ltr'><strong>εἰ</strong></span> <span class='ocrx_word' id='word_1_15' title='bbox 1047 609 1391 689; x_wconf 69' lang='grc' dir='ltr'><strong><em>διαφθείρω,</em></strong></span> <span class='ocrx_word' id='word_1_16' title='bbox 1435 609 1938 689; x_wconf 73' lang='grc' dir='ltr'><strong>(διαφθείρω)</strong></span> <span class='ocrx_word' id='word_1_17' title='bbox 1977 609 2161 688; x_wconf 77' lang='grc' dir='ltr'><strong><em>ἄκων,</em></strong></span> <span class='ocrx_word' id='word_1_18' title='bbox 2203 611 2313 677; x_wconf 90' lang='lat' dir='ltr'><strong>sed</strong></span> <span class='ocrx_word' id='word_1_19' title='bbox 2346 612 2467 677; x_wconf 88' lang='lat' dir='ltr'><strong>hoc</strong></span> <span class='ocrx_word' id='word_1_20' title='bbox 2488 614 2703 697; x_wconf 88' lang='lat' dir='ltr'><strong>ipsum</strong></span> 
     </span>
     <span class='ocr_line' id='line_1_4' title="bbox 314 714 2705 800; baseline -0.001 -17"><span class='ocrx_word' id='word_1_21' title='bbox 314 718 550 784; x_wconf 84' lang='lat' dir='ltr'><strong>diserte</strong></span> <span class='ocrx_word' id='word_1_22' title='bbox 618 717 912 781; x_wconf 86' lang='lat' dir='ltr'><strong>additum</strong></span> <span class='ocrx_word' id='word_1_23' title='bbox 981 718 1284 800; x_wconf 87' lang='lat' dir='ltr'><strong>oportuit.</strong></span> <span class='ocrx_word' id='word_1_24' title='bbox 1352 714 1671 779; x_wconf 81' lang='lat' dir='ltr'><strong>Similiter</strong></span> <span class='ocrx_word' id='word_1_25' title='bbox 1740 716 2063 800; x_wconf 77' lang='lat' dir='ltr'><strong>corrigam</strong></span> <span class='ocrx_word' id='word_1_26' title='bbox 2131 715 2323 781; x_wconf 90' lang='lat' dir='ltr'><strong>Pauli</strong></span> <span class='ocrx_word' id='word_1_27' title='bbox 2383 716 2577 782; x_wconf 87' lang='lat' dir='ltr'><strong>verba</strong></span> <span class='ocrx_word' id='word_1_28' title='bbox 2637 719 2705 781; x_wconf 91' lang='lat' dir='ltr'><strong>in</strong></span> 
     </span>
     <span class='ocr_line' id='line_1_5' title="bbox 313 814 2703 909; baseline -0.001 -20"><span class='ocrx_word' id='word_1_29' title='bbox 313 824 518 890; x_wconf 89' lang='lat' dir='ltr'><strong>altera</strong></span> <span class='ocrx_word' id='word_1_30' title='bbox 575 821 874 909; x_wconf 82' lang='lat' dir='ltr'><strong>Epistula</strong></span> <span class='ocrx_word' id='word_1_31' title='bbox 931 821 1012 887; x_wconf 91' lang='lat' dir='ltr'><strong>ad</strong></span> <span class='ocrx_word' id='word_1_32' title='bbox 1073 814 1441 888; x_wconf 83' lang='lat' dir='ltr'><strong>Corinthios</strong></span> <span class='ocrx_word' id='word_1_33' title='bbox 1500 821 1532 886; x_wconf 88' lang='lat'>1</span> <span class='ocrx_word' id='word_1_34' title='bbox 1580 820 1657 885; x_wconf 86' lang='lat'><strong>6:</strong></span> <span class='ocrx_word' id='word_1_35' title='bbox 1726 819 1849 885; x_wconf 77' lang='grc' dir='ltr'><strong><em>εἴτε</em></strong></span> <span class='ocrx_word' id='word_1_36' title='bbox 1901 820 1961 885; x_wconf 77' lang='grc' dir='ltr'><strong>δὲ</strong></span> <span class='ocrx_word' id='word_1_37' title='bbox 2012 821 2391 900; x_wconf 78' lang='grc' dir='ltr'><strong><em>θλιβόμεθα,</em></strong></span> <span class='ocrx_word' id='word_1_38' title='bbox 2438 823 2703 901; x_wconf 79' lang='grc' dir='ltr'><strong><em>θλιβό-</em></strong></span> 
     </span>
     <span class='ocr_line' id='line_1_6' title="bbox 309 927 2697 1009; baseline 0 -16"><span class='ocrx_word' id='word_1_39' title='bbox 309 932 518 1007; x_wconf 89' lang='grc' dir='ltr'><strong><em>μεθα</em></strong></span> <span class='ocrx_word' id='word_1_40' title='bbox 584 931 730 1009; x_wconf 75' lang='grc' dir='ltr'><strong><em>ὑπὲρ</em></strong></span> <span class='ocrx_word' id='word_1_41' title='bbox 791 934 905 999; x_wconf 76' lang='grc' dir='ltr'><strong>τῆς</strong></span> <span class='ocrx_word' id='word_1_42' title='bbox 970 927 1132 1001; x_wconf 81' lang='grc' dir='ltr'><strong><em>ὑμῶν</em></strong></span> <span class='ocrx_word' id='word_1_43' title='bbox 1181 927 1636 1007; x_wconf 74' lang='grc' dir='ltr'><strong><em>παρακλήσεως</em></strong></span> <span class='ocrx_word' id='word_1_44' title='bbox 1682 933 1795 1001; x_wconf 78' lang='grc' dir='ltr'><strong>τῆς</strong></span> <span class='ocrx_word' id='word_1_45' title='bbox 1844 928 2273 1006; x_wconf 72' lang='grc' dir='ltr'><strong>ἐνεργουμένης</strong></span> <span class='ocrx_word' id='word_1_46' title='bbox 2325 929 2383 991; x_wconf 81' lang='grc' dir='ltr'><strong>ἐν</strong></span> <span class='ocrx_word' id='word_1_47' title='bbox 2433 928 2697 1009; x_wconf 72' lang='grc' dir='ltr'><strong><em>ὑπομονῇ</em></strong></span> 
     </span>
     <span class='ocr_line' id='line_1_7' title="bbox 309 1028 2767 1111; baseline -0.001 -11"><span class='ocrx_word' id='word_1_48' title='bbox 309 1042 432 1100; x_wconf 78' lang='grc' dir='ltr'><strong>τῶν</strong></span> <span class='ocrx_word' id='word_1_49' title='bbox 477 1036 680 1099; x_wconf 79' lang='grc' dir='ltr'><strong><em>αὐτῶν</em></strong></span> <span class='ocrx_word' id='word_1_50' title='bbox 731 1031 1117 1108; x_wconf 70' lang='grc' dir='ltr'><strong><em>παθημάτων</em></strong></span> <span class='ocrx_word' id='word_1_51' title='bbox 1165 1028 1242 1096; x_wconf 76' lang='grc' dir='ltr'><strong>ὦν</strong></span> <span class='ocrx_word' id='word_1_52' title='bbox 1288 1033 1392 1096; x_wconf 73' lang='grc' dir='ltr'><strong><em>καὶ</em></strong></span> <span class='ocrx_word' id='word_1_53' title='bbox 1448 1034 1631 1110; x_wconf 69' lang='grc' dir='ltr'><strong><em>ἡμεῖς</em></strong></span> <span class='ocrx_word' id='word_1_54' title='bbox 1680 1030 2037 1111; x_wconf 72' lang='grc' dir='ltr'><strong><em>πάσχομεν,</em></strong></span> <span class='ocrx_word' id='word_1_55' title='bbox 2086 1036 2190 1097; x_wconf 77' lang='grc' dir='ltr'><strong><em>καὶ</em></strong></span> <span class='ocrx_word' id='word_1_56' title='bbox 2236 1036 2269 1108; x_wconf 77' lang='grc' dir='ltr'><strong><em>ἡ</em></strong></span> <span class='ocrx_word' id='word_1_57' title='bbox 2311 1033 2491 1106; x_wconf 73' lang='grc' dir='ltr'><strong><em>ἐλπὶς</em></strong></span> <span class='ocrx_word' id='word_1_58' title='bbox 2532 1036 2698 1109; x_wconf 72' lang='grc' dir='ltr'><strong><em>ἡμῶν</em></strong></span> <span class='ocrx_word' id='word_1_59' title='bbox 2758 1072 2767 1087; x_wconf 85' lang='lat'><strong>·</strong></span> 
     </span>
     <span class='ocr_line' id='line_1_8' title="bbox 311 1136 2696 1220; baseline -0.001 -15"><span class='ocrx_word' id='word_1_60' title='bbox 311 1141 561 1219; x_wconf 80' lang='grc' dir='ltr'><strong><em>βεβαία</em></strong></span> <span class='ocrx_word' id='word_1_61' title='bbox 635 1140 782 1220; x_wconf 76' lang='grc' dir='ltr'><strong><em>ὑπὲρ</em></strong></span> <span class='ocrx_word' id='word_1_62' title='bbox 855 1138 1053 1215; x_wconf 77' lang='grc' dir='ltr'><strong><em>ὑμῶν·</em></strong></span> <span class='ocrx_word' id='word_1_63' title='bbox 1128 1136 1253 1202; x_wconf 72' lang='grc' dir='ltr'><strong><em>εἴτε</em></strong></span> <span class='ocrx_word' id='word_1_64' title='bbox 1325 1136 1904 1217; x_wconf 68' lang='grc' dir='ltr'><strong>παρακαλούμεθα,</strong></span> <span class='ocrx_word' id='word_1_65' title='bbox 1973 1139 2696 1217; x_wconf 67' lang='grc' dir='ltr'><strong><em>παρακαλούμεθα</em></strong></span> 
     </span>
     <span class='ocr_line' id='line_1_9' title="bbox 310 1241 2697 1323; baseline 0 -13"><span class='ocrx_word' id='word_1_66' title='bbox 310 1245 460 1323; x_wconf 70' lang='grc' dir='ltr'><strong><em>ὑπὲρ</em></strong></span> <span class='ocrx_word' id='word_1_67' title='bbox 523 1251 635 1317; x_wconf 79' lang='grc' dir='ltr'><strong>τῆς</strong></span> <span class='ocrx_word' id='word_1_68' title='bbox 698 1246 862 1320; x_wconf 79' lang='grc' dir='ltr'><strong><em>ὑμῶν</em></strong></span> <span class='ocrx_word' id='word_1_69' title='bbox 925 1244 1373 1323; x_wconf 75' lang='grc' dir='ltr'><strong><em>παρακλήσεως</em></strong></span> <span class='ocrx_word' id='word_1_70' title='bbox 1438 1243 1539 1307; x_wconf 73' lang='grc' dir='ltr'><strong><em>καὶ</em></strong></span> <span class='ocrx_word' id='word_1_71' title='bbox 1586 1245 1907 1321; x_wconf 73' lang='grc' dir='ltr'><strong><em>σωτηρίας.</em></strong></span> <span class='ocrx_word' id='word_1_72' title='bbox 1958 1241 2138 1308; x_wconf 92' lang='lat' dir='ltr'><strong>Idem</strong></span> <span class='ocrx_word' id='word_1_73' title='bbox 2184 1246 2427 1309; x_wconf 82' lang='lat' dir='ltr'><strong>vitium</strong></span> <span class='ocrx_word' id='word_1_74' title='bbox 2475 1244 2697 1310; x_wconf 90' lang='lat' dir='ltr'><strong>eodem</strong></span> 
     </span>
     <span class='ocr_line' id='line_1_10' title="bbox 307 1340 2694 1428; baseline -0.001 -12"><span class='ocrx_word' id='word_1_75' title='bbox 307 1350 592 1417; x_wconf 89' lang='lat' dir='ltr'><strong>remedio</strong></span> <span class='ocrx_word' id='word_1_76' title='bbox 652 1349 1006 1415; x_wconf 86' lang='lat' dir='ltr'><strong>sanandum</strong></span> <span class='ocrx_word' id='word_1_77' title='bbox 1066 1351 1336 1414; x_wconf 82' lang='lat' dir='ltr'><strong>recurrit.</strong></span> <span class='ocrx_word' id='word_1_78' title='bbox 1400 1348 1441 1414; x_wconf 80' lang='lat'>2</span> <span class='ocrx_word' id='word_1_79' title='bbox 1490 1346 1632 1415; x_wconf 88' lang='lat' dir='ltr'><strong>Cor.</strong></span> <span class='ocrx_word' id='word_1_80' title='bbox 1682 1348 1743 1413; x_wconf 90' lang='lat'><strong>11</strong></span> <span class='ocrx_word' id='word_1_81' title='bbox 1797 1348 1915 1414; x_wconf 86' lang='lat'><strong>10:</strong></span> <span class='ocrx_word' id='word_1_82' title='bbox 1981 1340 2009 1411; x_wconf 74' lang='grc' dir='ltr'>ὃ</span> <span class='ocrx_word' id='word_1_83' title='bbox 2059 1350 2478 1428; x_wconf 75' lang='grc' dir='ltr'><strong><em>κεχάρισμαι,</em></strong></span> <span class='ocrx_word' id='word_1_84' title='bbox 2532 1350 2588 1413; x_wconf 80' lang='grc' dir='ltr'><strong>εῖ</strong></span> <span class='ocrx_word' id='word_1_85' title='bbox 2632 1373 2694 1415; x_wconf 79' lang='grc' dir='ltr'><strong><em>τι</em></strong></span> 
     </span>
     <span class='ocr_line' id='line_1_11' title="bbox 309 1452 2697 1540; baseline 0 -21"><span class='ocrx_word' id='word_1_86' title='bbox 309 1457 732 1537; x_wconf 76' lang='grc' dir='ltr'><strong><em>κεχάρισμαι,</em></strong></span> <span class='ocrx_word' id='word_1_87' title='bbox 784 1454 1304 1533; x_wconf 71' lang='grc' dir='ltr'><strong><em>κεχάρισμαι</em></strong></span> <span class='ocrx_word' id='word_1_88' title='bbox 1353 1453 1429 1517; x_wconf 75' lang='grc' dir='ltr'><strong>δι’</strong></span> <span class='ocrx_word' id='word_1_89' title='bbox 1479 1453 1667 1527; x_wconf 74' lang='grc' dir='ltr'><strong><em>ὑμᾶς.</em></strong></span> <span class='ocrx_word' id='word_1_90' title='bbox 1718 1452 1863 1518; x_wconf 87' lang='lat' dir='ltr'><strong>Alia</strong></span> <span class='ocrx_word' id='word_1_91' title='bbox 1904 1453 2046 1518; x_wconf 89' lang='lat' dir='ltr'><strong>dedi</strong></span> <span class='ocrx_word' id='word_1_92' title='bbox 2088 1454 2164 1518; x_wconf 90' lang='lat' dir='ltr'><strong>de</strong></span> <span class='ocrx_word' id='word_1_93' title='bbox 2202 1476 2432 1540; x_wconf 84' lang='lat' dir='ltr'><strong>genere</strong></span> <span class='ocrx_word' id='word_1_94' title='bbox 2471 1454 2697 1521; x_wconf 92' lang='lat' dir='ltr'><strong>eodem</strong></span> 
     </span>
     <span class='ocr_line' id='line_1_12' title="bbox 303 1557 2694 1645; baseline 0 -20"><span class='ocrx_word' id='word_1_95' title='bbox 303 1563 376 1625; x_wconf 88' lang='lat' dir='ltr'><strong>in</strong></span> <span class='ocrx_word' id='word_1_96' title='bbox 436 1563 645 1645; x_wconf 88' lang='lat' dir='ltr'><strong>prima</strong></span> <span class='ocrx_word' id='word_1_97' title='bbox 705 1561 1248 1624; x_wconf 79' lang='lat' dir='ltr'><strong>commentatione</strong></span> <span class='ocrx_word' id='word_1_98' title='bbox 1308 1557 1644 1623; x_wconf 86' lang='lat' dir='ltr'><strong>Platonica</strong></span> <span class='ocrx_word' id='word_1_99' title='bbox 1707 1579 1770 1643; x_wconf 91' lang='lat' dir='ltr'><strong>p.</strong></span> <span class='ocrx_word' id='word_1_100' title='bbox 1820 1558 1905 1622; x_wconf 82' lang='lat'><strong>14</strong></span> <span class='ocrx_word' id='word_1_101' title='bbox 1970 1564 2036 1622; x_wconf 91' lang='lat' dir='ltr'><strong>et</strong></span> <span class='ocrx_word' id='word_1_102' title='bbox 2095 1561 2167 1623; x_wconf 79' lang='lat' dir='ltr'><strong>in</strong></span> <span class='ocrx_word' id='word_1_103' title='bbox 2226 1560 2451 1625; x_wconf 80' lang='lat' dir='ltr'><strong>Mnem.</strong></span> <span class='ocrx_word' id='word_1_104' title='bbox 2520 1558 2694 1625; x_wconf 82' lang='lat'>1878</span> 
     </span>
     <span class='ocr_line' id='line_1_13' title="bbox 305 1662 2693 1751; baseline 0 -20"><span class='ocrx_word' id='word_1_105' title='bbox 305 1687 370 1751; x_wconf 87' lang='lat' dir='ltr'><strong>p.</strong></span> <span class='ocrx_word' id='word_1_106' title='bbox 423 1665 574 1731; x_wconf 90' lang='lat' dir='ltr'><strong>lOO.</strong></span> <span class='ocrx_word' id='word_1_107' title='bbox 622 1665 814 1731; x_wconf 83' lang='lat' dir='ltr'><strong>Recte</strong></span> <span class='ocrx_word' id='word_1_108' title='bbox 859 1664 1029 1749; x_wconf 83' lang='lat' dir='ltr'><strong>apud</strong></span> <span class='ocrx_word' id='word_1_109' title='bbox 1074 1662 1408 1729; x_wconf 80' lang='lat' dir='ltr'><strong>Platonem</strong></span> <span class='ocrx_word' id='word_1_110' title='bbox 1463 1662 1725 1729; x_wconf 88' lang='lat' dir='ltr'><strong>Menon.</strong></span> <span class='ocrx_word' id='word_1_111' title='bbox 1776 1685 1839 1748; x_wconf 92' lang='lat' dir='ltr'><strong>p.</strong></span> <span class='ocrx_word' id='word_1_112' title='bbox 1890 1662 2082 1729; x_wconf 83' lang='lat'>8913:</span> <span class='ocrx_word' id='word_1_113' title='bbox 2131 1664 2318 1744; x_wconf 87' lang='grc' dir='ltr'><strong><em>φύσει</em></strong></span> <span class='ocrx_word' id='word_1_114' title='bbox 2367 1666 2421 1731; x_wconf 79' lang='grc' dir='ltr'><strong>οἱ</strong></span> <span class='ocrx_word' id='word_1_115' title='bbox 2466 1667 2693 1742; x_wconf 70' lang='grc' dir='ltr'><strong><em>ἀγαθοὶ</em></strong></span> 
     </span>
     <span class='ocr_line' id='line_1_14' title="bbox 304 1765 2691 1854; baseline 0 -19"><span class='ocrx_word' id='word_1_116' title='bbox 304 1770 536 1848; x_wconf 70' lang='grc' dir='ltr'><strong><em>ἀγαθοὶ</em></strong></span> <span class='ocrx_word' id='word_1_117' title='bbox 583 1772 949 1847; x_wconf 72' lang='grc' dir='ltr'><strong><em>γίγνονται,</em></strong></span> <span class='ocrx_word' id='word_1_118' title='bbox 999 1769 1109 1834; x_wconf 87' lang='lat' dir='ltr'><strong>sed</strong></span> <span class='ocrx_word' id='word_1_119' title='bbox 1157 1767 1591 1853; x_wconf 83' lang='lat' dir='ltr'><strong>supplendum</strong></span> <span class='ocrx_word' id='word_1_120' title='bbox 1641 1790 1703 1854; x_wconf 89' lang='lat' dir='ltr'><strong>p.</strong></span> <span class='ocrx_word' id='word_1_121' title='bbox 1746 1766 1939 1832; x_wconf 86' lang='lat' dir='ltr'>89A:</span> <span class='ocrx_word' id='word_1_122' title='bbox 1988 1769 2095 1833; x_wconf 74' lang='grc' dir='ltr'><strong>οὐκ</strong></span> <span class='ocrx_word' id='word_1_123' title='bbox 2135 1768 2211 1833; x_wconf 75' lang='grc' dir='ltr'><strong>ἄν</strong></span> <span class='ocrx_word' id='word_1_124' title='bbox 2254 1765 2371 1835; x_wconf 82' lang='grc' dir='ltr'><strong><em>εἷεν</em></strong></span> <span class='ocrx_word' id='word_1_125' title='bbox 2408 1771 2598 1849; x_wconf 83' lang='grc' dir='ltr'><strong><em>Φύσει</em></strong></span> <span class='ocrx_word' id='word_1_126' title='bbox 2640 1772 2691 1835; x_wconf 78' lang='grc' dir='ltr'><strong>οἱ</strong></span> 
     </span>
     <span class='ocr_line' id='line_1_15' title="bbox 305 1873 2426 1955; baseline -0 -14"><span class='ocrx_word' id='word_1_127' title='bbox 305 1877 531 1954; x_wconf 69' lang='grc' dir='ltr'><strong><em>ἀγαθοὶ</em></strong></span> <span class='ocrx_word' id='word_1_128' title='bbox 581 1876 878 1953; x_wconf 70' lang='grc' dir='ltr'><strong><em>ἀγαθοί</em></strong></span> <span class='ocrx_word' id='word_1_129' title='bbox 923 1879 988 1940; x_wconf 88' lang='lat' dir='ltr'><strong>et</strong></span> <span class='ocrx_word' id='word_1_130' title='bbox 1030 1875 1081 1939; x_wconf 79' lang='grc' dir='ltr'><strong>εἰ</strong></span> <span class='ocrx_word' id='word_1_131' title='bbox 1131 1873 1320 1955; x_wconf 88' lang='grc' dir='ltr'><strong><em>φύσει</em></strong></span> <span class='ocrx_word' id='word_1_132' title='bbox 1367 1874 1418 1937; x_wconf 76' lang='grc' dir='ltr'><strong>οἱ</strong></span> <span class='ocrx_word' id='word_1_133' title='bbox 1468 1874 1694 1950; x_wconf 63' lang='lat' dir='ltr'><strong>dyada}</strong></span> <span class='ocrx_word' id='word_1_134' title='bbox 1742 1874 2037 1951; x_wconf 72' lang='grc' dir='ltr'><strong><em>α’γαθοὶ</em></strong></span> <span class='ocrx_word' id='word_1_135' title='bbox 2086 1875 2426 1952; x_wconf 73' lang='grc' dir='ltr'><strong><em>ἐγίγνοντο.</em></strong></span> 
     </span>
    </p>
   </div>
   <div class='ocr_carea' id='block_1_3' title="bbox 290 2091 2692 3333">
    <p class='ocr_par' dir='ltr' id='par_1_3' title="bbox 290 2091 2692 3333">
     <span class='ocr_line' id='line_1_16' title="bbox 396 2091 2692 2174; baseline 0.002 -16"><span class='ocrx_word' id='word_1_136' title='bbox 396 2093 724 2174; x_wconf 78' lang='lat' dir='ltr'><strong>Quomodo</strong></span> <span class='ocrx_word' id='word_1_137' title='bbox 770 2091 957 2157; x_wconf 86' lang='lat' dir='ltr'><strong>Plato</strong></span> <span class='ocrx_word' id='word_1_138' title='bbox 1004 2092 1363 2158; x_wconf 90' lang='lat' dir='ltr'><strong>Homerum</strong></span> <span class='ocrx_word' id='word_1_139' title='bbox 1411 2091 1675 2157; x_wconf 83' lang='lat' dir='ltr'><strong>laudare</strong></span> <span class='ocrx_word' id='word_1_140' title='bbox 1720 2091 1959 2171; x_wconf 84' lang='lat' dir='ltr'><strong>soleat,</strong></span> <span class='ocrx_word' id='word_1_141' title='bbox 2009 2092 2086 2159; x_wconf 91' lang='lat' dir='ltr'><strong>de</strong></span> <span class='ocrx_word' id='word_1_142' title='bbox 2132 2114 2207 2159; x_wconf 91' lang='lat' dir='ltr'><strong>ea</strong></span> <span class='ocrx_word' id='word_1_143' title='bbox 2243 2116 2310 2160; x_wconf 94' lang='lat' dir='ltr'><strong>re</strong></span> <span class='ocrx_word' id='word_1_144' title='bbox 2351 2116 2501 2161; x_wconf 89' lang='lat' dir='ltr'><strong>cum</strong></span> <span class='ocrx_word' id='word_1_145' title='bbox 2540 2118 2692 2163; x_wconf 88' lang='lat' dir='ltr'><strong>cura</strong></span> 
     </span>
     <span class='ocr_line' id='line_1_17' title="bbox 303 2196 2685 2286; baseline 0.001 -21"><span class='ocrx_word' id='word_1_146' title='bbox 303 2201 592 2285; x_wconf 83' lang='lat' dir='ltr'><strong>quaesivi</strong></span> <span class='ocrx_word' id='word_1_147' title='bbox 635 2200 873 2279; x_wconf 70' lang='lat' dir='ltr'><strong>Quae-st.</strong></span> <span class='ocrx_word' id='word_1_148' title='bbox 913 2198 1088 2263; x_wconf 86' lang='lat' dir='ltr'><strong>Hom.</strong></span> <span class='ocrx_word' id='word_1_149' title='bbox 1132 2196 1279 2282; x_wconf 75' lang='lat'><strong>§42</strong></span> <span class='ocrx_word' id='word_1_150' title='bbox 1323 2202 1388 2263; x_wconf 92' lang='lat' dir='ltr'><strong>et</strong></span> <span class='ocrx_word' id='word_1_151' title='bbox 1429 2197 1758 2282; x_wconf 81' lang='lat' dir='ltr'><strong>disputavi</strong></span> <span class='ocrx_word' id='word_1_152' title='bbox 1783 2197 1860 2262; x_wconf 90' lang='lat' dir='ltr'><strong>de</strong></span> <span class='ocrx_word' id='word_1_153' title='bbox 1885 2197 2237 2285; x_wconf 83' lang='lat' dir='ltr'><strong>Apologiae</strong></span> <span class='ocrx_word' id='word_1_154' title='bbox 2258 2200 2400 2267; x_wconf 89' lang='lat' dir='ltr'><strong>loco</strong></span> <span class='ocrx_word' id='word_1_155' title='bbox 2424 2223 2487 2286; x_wconf 91' lang='lat' dir='ltr'><strong>p.</strong></span> <span class='ocrx_word' id='word_1_156' title='bbox 2513 2200 2685 2269; x_wconf 81' lang='lat'><strong>280.</strong></span> 
     </span>
     <span class='ocr_line' id='line_1_18' title="bbox 301 2299 2687 2386; baseline -0.001 -15"><span class='ocrx_word' id='word_1_157' title='bbox 301 2304 378 2371; x_wconf 88' lang='lat' dir='ltr'><strong>In</strong></span> <span class='ocrx_word' id='word_1_158' title='bbox 438 2306 687 2385; x_wconf 49' lang='lat' dir='ltr'><strong>verbi-s:</strong></span> <span class='ocrx_word' id='word_1_159' title='bbox 751 2299 792 2367; x_wconf 81' lang='grc' dir='ltr'><em>ὦ</em></span> <span class='ocrx_word' id='word_1_160' title='bbox 859 2312 1013 2381; x_wconf 88' lang='grc' dir='ltr'><strong><em>παῖ,</em></strong></span> <span class='ocrx_word' id='word_1_161' title='bbox 1077 2304 1128 2368; x_wconf 74' lang='grc' dir='ltr'><strong>εἷ</strong></span> <span class='ocrx_word' id='word_1_162' title='bbox 1190 2306 1552 2384; x_wconf 77' lang='grc' dir='ltr'><strong><em>τιμωρήσεις</em></strong></span> <span class='ocrx_word' id='word_1_163' title='bbox 1601 2304 2041 2384; x_wconf 75' lang='grc' dir='ltr'><strong><em>Πατρόκλῳ</em></strong></span> <span class='ocrx_word' id='word_1_164' title='bbox 2090 2306 2305 2386; x_wconf 73' lang='grc' dir='ltr'><strong><em>ἑταίρῳ</em></strong></span> <span class='ocrx_word' id='word_1_165' title='bbox 2353 2305 2455 2371; x_wconf 79' lang='grc' dir='ltr'><strong>τὸν</strong></span> <span class='ocrx_word' id='word_1_166' title='bbox 2502 2307 2687 2384; x_wconf 78' lang='grc' dir='ltr'><strong><em>φόνον</em></strong></span> 
     </span>
     <span class='ocr_line' id='line_1_19' title="bbox 303 2406 2689 2498; baseline 0.002 -23"><span class='ocrx_word' id='word_1_167' title='bbox 303 2412 408 2475; x_wconf 75' lang='grc' dir='ltr'><strong><em>καὶ</em></strong></span> <span class='ocrx_word' id='word_1_168' title='bbox 453 2406 725 2488; x_wconf 74' lang='grc' dir='ltr'><strong><em>Ἕκτορα</em></strong></span> <span class='ocrx_word' id='word_1_169' title='bbox 772 2410 1170 2486; x_wconf 71' lang='grc' dir='ltr'><strong><em>ἀποκτενεῖς,</em></strong></span> <span class='ocrx_word' id='word_1_170' title='bbox 1220 2408 1468 2480; x_wconf 81' lang='grc' dir='ltr'><strong><em>αὐτὸς</em></strong></span> <span class='ocrx_word' id='word_1_171' title='bbox 1517 2408 1847 2487; x_wconf 70' lang='grc' dir='ltr'><strong><em>ἀποθανεῖ,</em></strong></span> <span class='ocrx_word' id='word_1_172' title='bbox 1895 2411 2183 2494; x_wconf 86' lang='lat' dir='ltr'><strong>primum</strong></span> <span class='ocrx_word' id='word_1_173' title='bbox 2232 2415 2513 2497; x_wconf 85' lang='lat' dir='ltr'><strong>expunxi</strong></span> <span class='ocrx_word' id='word_1_174' title='bbox 2553 2434 2689 2498; x_wconf 88' lang='lat' dir='ltr'><strong>per·</strong></span> 
     </span>
     <span class='ocr_line' id='line_1_20' title="bbox 301 2512 2683 2603; baseline 0.001 -21"><span class='ocrx_word' id='word_1_175' title='bbox 301 2536 521 2603; x_wconf 87' lang='lat' dir='ltr'><strong>peram</strong></span> <span class='ocrx_word' id='word_1_176' title='bbox 567 2515 863 2581; x_wconf 86' lang='lat' dir='ltr'><strong>additum</strong></span> <span class='ocrx_word' id='word_1_177' title='bbox 900 2512 1181 2580; x_wconf 80' lang='lat' dir='ltr'><strong>Patrocli</strong></span> <span class='ocrx_word' id='word_1_178' title='bbox 1216 2535 1478 2594; x_wconf 89' lang='lat' dir='ltr'><strong>nomen,</strong></span> <span class='ocrx_word' id='word_1_179' title='bbox 1521 2513 1745 2580; x_wconf 90' lang='lat' dir='ltr'><strong>deinde</strong></span> <span class='ocrx_word' id='word_1_180' title='bbox 1784 2518 2029 2582; x_wconf 85' lang='lat' dir='ltr'><strong>correxi</strong></span> <span class='ocrx_word' id='word_1_181' title='bbox 2068 2541 2107 2582; x_wconf 88' lang='grc' dir='ltr'><strong><em>α</em></strong></span> <span class='ocrx_word' id='word_1_182' title='bbox 2133 2518 2333 2583; x_wconf 61' lang='lat' dir='ltr'><strong>brix*</strong></span> <span class='ocrx_word' id='word_1_183' title='bbox 2371 2520 2683 2596; x_wconf 67' lang='grc' dir='ltr'><strong><em>ἀποθανεῖ,</em></strong></span> 
     </span>
     <span class='ocr_line' id='line_1_21' title="bbox 299 2619 2682 2708; baseline 0.002 -21"><span class='ocrx_word' id='word_1_184' title='bbox 299 2628 542 2689; x_wconf 84' lang='lat' dir='ltr'><strong>resecto</strong></span> <span class='ocrx_word' id='word_1_185' title='bbox 606 2620 876 2686; x_wconf 90' lang='lat' dir='ltr'><strong>Homeri</strong></span> <span class='ocrx_word' id='word_1_186' title='bbox 935 2619 1286 2697; x_wconf 81' lang='lat' dir='ltr'><strong>versiculo,</strong></span> <span class='ocrx_word' id='word_1_187' title='bbox 1354 2623 1466 2705; x_wconf 91' lang='lat' dir='ltr'><strong>qui</strong></span> <span class='ocrx_word' id='word_1_188' title='bbox 1527 2623 1831 2686; x_wconf 89' lang='lat' dir='ltr'><strong>continuo</strong></span> <span class='ocrx_word' id='word_1_189' title='bbox 1892 2625 2214 2708; x_wconf 88' lang='lat' dir='ltr'><strong>sequitur:</strong></span> <span class='ocrx_word' id='word_1_190' title='bbox 2278 2626 2507 2688; x_wconf 73' lang='grc' dir='ltr'><strong><em>αὐτίκα</em></strong></span> <span class='ocrx_word' id='word_1_191' title='bbox 2555 2627 2682 2702; x_wconf 67' lang='grc' dir='ltr'><strong>γὰρ</strong></span> 
     </span>
     <span class='ocr_line' id='line_1_22' title="bbox 298 2725 2685 2806; baseline 0.002 -14"><span class='ocrx_word' id='word_1_192' title='bbox 298 2751 426 2805; x_wconf 78' lang='grc' dir='ltr'><strong><em>τοι,</em></strong></span> <span class='ocrx_word' id='word_1_193' title='bbox 488 2729 684 2806; x_wconf 66' lang='grc' dir='ltr'><strong><em>φησι,</em></strong></span> <span class='ocrx_word' id='word_1_194' title='bbox 743 2727 880 2803; x_wconf 85' lang='grc' dir='ltr'><strong><em>μεθ’</em></strong></span> <span class='ocrx_word' id='word_1_195' title='bbox 941 2725 1210 2802; x_wconf 80' lang='grc' dir='ltr'><strong><em>Ἕκτορα</em></strong></span> <span class='ocrx_word' id='word_1_196' title='bbox 1276 2728 1517 2799; x_wconf 79' lang='grc' dir='ltr'><strong><em>πότμος</em></strong></span> <span class='ocrx_word' id='word_1_197' title='bbox 1578 2727 1841 2800; x_wconf 79' lang='grc' dir='ltr'><strong><em>ἑτοῖμος.</em></strong></span> <span class='ocrx_word' id='word_1_198' title='bbox 1892 2727 2165 2793; x_wconf 84' lang='lat' dir='ltr'><strong>Prorsus</strong></span> <span class='ocrx_word' id='word_1_199' title='bbox 2210 2728 2534 2796; x_wconf 86' lang='lat' dir='ltr'><strong>inutiliter</strong></span> <span class='ocrx_word' id='word_1_200' title='bbox 2580 2731 2685 2797; x_wconf 88' lang='lat' dir='ltr'><strong>ad·</strong></span> 
     </span>
     <span class='ocr_line' id='line_1_23' title="bbox 293 2829 2683 2922; baseline 0.002 -24"><span class='ocrx_word' id='word_1_201' title='bbox 293 2835 608 2918; x_wconf 84' lang='lat' dir='ltr'><strong>scriptum</strong></span> <span class='ocrx_word' id='word_1_202' title='bbox 677 2831 804 2896; x_wconf 85' lang='lat' dir='ltr'><strong>fuit</strong></span> <span class='ocrx_word' id='word_1_203' title='bbox 874 2833 1206 2916; x_wconf 88' lang='lat' dir='ltr'><strong>proprium</strong></span> <span class='ocrx_word' id='word_1_204' title='bbox 1275 2829 1555 2896; x_wconf 80' lang='lat' dir='ltr'><strong>Patrocli</strong></span> <span class='ocrx_word' id='word_1_205' title='bbox 1626 2853 1891 2911; x_wconf 90' lang='lat' dir='ltr'><strong>nomen,</strong></span> <span class='ocrx_word' id='word_1_206' title='bbox 1962 2854 2115 2897; x_wconf 92' lang='lat' dir='ltr'><strong>nam</strong></span> <span class='ocrx_word' id='word_1_207' title='bbox 2183 2833 2369 2900; x_wconf 85' lang='lat' dir='ltr'><strong>Plato</strong></span> <span class='ocrx_word' id='word_1_208' title='bbox 2428 2838 2683 2922; x_wconf 80' lang='lat' dir='ltr'><strong>scripsit</strong></span> 
     </span>
     <span class='ocr_line' id='line_1_24' title="bbox 292 2935 2680 3024; baseline 0.002 -22"><span class='ocrx_word' id='word_1_209' title='bbox 292 2936 640 3003; x_wconf 85' lang='lat' dir='ltr'><strong>lectoribus</strong></span> <span class='ocrx_word' id='word_1_210' title='bbox 702 2939 814 3022; x_wconf 89' lang='lat' dir='ltr'><strong>qui</strong></span> <span class='ocrx_word' id='word_1_211' title='bbox 882 2935 1242 3003; x_wconf 88' lang='lat' dir='ltr'><strong>Homerum</strong></span> <span class='ocrx_word' id='word_1_212' title='bbox 1308 2942 1615 3022; x_wconf 90' lang='lat' dir='ltr'><strong>tanquam</strong></span> <span class='ocrx_word' id='word_1_213' title='bbox 1680 2937 1921 3024; x_wconf 83' lang='lat' dir='ltr'><strong>digitos</strong></span> <span class='ocrx_word' id='word_1_214' title='bbox 1983 2958 2131 3003; x_wconf 87' lang='lat' dir='ltr'><strong>suos</strong></span> <span class='ocrx_word' id='word_1_215' title='bbox 2193 2939 2525 3007; x_wconf 86' lang='lat' dir='ltr'><strong>tenebant:</strong></span> <span class='ocrx_word' id='word_1_216' title='bbox 2588 2946 2680 3007; x_wconf 89' lang='lat' dir='ltr'><strong>sic</strong></span> 
     </span>
     <span class='ocr_line' id='line_1_25' title="bbox 293 3042 2680 3132; baseline 0.002 -25"><span class='ocrx_word' id='word_1_217' title='bbox 293 3066 358 3130; x_wconf 89' lang='lat' dir='ltr'><strong>p.</strong></span> <span class='ocrx_word' id='word_1_218' title='bbox 409 3042 568 3108; x_wconf 80' lang='lat' dir='ltr'><strong>41B</strong></span> <span class='ocrx_word' id='word_1_219' title='bbox 612 3042 716 3106; x_wconf 79' lang='grc' dir='ltr'><strong>τὸν</strong></span> <span class='ocrx_word' id='word_1_220' title='bbox 764 3042 864 3106; x_wconf 72' lang='grc' dir='ltr'><strong><em>ἐπὶ</em></strong></span> <span class='ocrx_word' id='word_1_221' title='bbox 911 3043 1136 3121; x_wconf 74' lang='grc' dir='ltr'><strong><em>Τροίαν</em></strong></span> <span class='ocrx_word' id='word_1_222' title='bbox 1182 3043 1518 3118; x_wconf 68' lang='grc' dir='ltr'><strong><em>ἀγαγόντα</em></strong></span> <span class='ocrx_word' id='word_1_223' title='bbox 1570 3043 1679 3115; x_wconf 69' lang='grc' dir='ltr'><strong>τὴν</strong></span> <span class='ocrx_word' id='word_1_224' title='bbox 1728 3045 1964 3116; x_wconf 69' lang='grc' dir='ltr'><strong><em>πολλὴν</em></strong></span> <span class='ocrx_word' id='word_1_225' title='bbox 2010 3046 2286 3124; x_wconf 70' lang='grc' dir='ltr'><strong><em>ς’ρατιιέν,</em></strong></span> <span class='ocrx_word' id='word_1_226' title='bbox 2336 3046 2680 3132; x_wconf 81' lang='lat' dir='ltr'><strong>Agamem-</strong></span> 
     </span>
     <span class='ocr_line' id='line_1_26' title="bbox 291 3146 2678 3236; baseline 0.003 -22"><span class='ocrx_word' id='word_1_227' title='bbox 291 3151 479 3214; x_wconf 88' lang='lat' dir='ltr'><strong>nonis</strong></span> <span class='ocrx_word' id='word_1_228' title='bbox 523 3168 756 3215; x_wconf 92' lang='lat' dir='ltr'><strong>nomen</strong></span> <span class='ocrx_word' id='word_1_229' title='bbox 793 3170 920 3215; x_wconf 92' lang='lat' dir='ltr'><strong>non</strong></span> <span class='ocrx_word' id='word_1_230' title='bbox 956 3146 1201 3213; x_wconf 88' lang='lat' dir='ltr'><strong>addidit</strong></span> <span class='ocrx_word' id='word_1_231' title='bbox 1238 3153 1301 3212; x_wconf 89' lang='lat' dir='ltr'><strong>et</strong></span> <span class='ocrx_word' id='word_1_232' title='bbox 1338 3151 1407 3212; x_wconf 90' lang='lat' dir='ltr'><strong>in</strong></span> <span class='ocrx_word' id='word_1_233' title='bbox 1445 3148 1901 3229; x_wconf 69' lang='lat' dir='ltr'><strong>Quaestionibus</strong></span> <span class='ocrx_word' id='word_1_234' title='bbox 1924 3148 2471 3236; x_wconf 78' lang='lat' dir='ltr'><strong>aliquammultos</strong></span> <span class='ocrx_word' id='word_1_235' title='bbox 2507 3154 2678 3221; x_wconf 90' lang='lat' dir='ltr'><strong>locos</strong></span> 
     </span>
     <span class='ocr_line' id='line_1_27' title="bbox 290 3251 1803 3333; baseline 0 -14"><span class='ocrx_word' id='word_1_236' title='bbox 290 3253 603 3333; x_wconf 85' lang='lat' dir='ltr'><strong>indicavi,</strong></span> <span class='ocrx_word' id='word_1_237' title='bbox 652 3254 764 3318; x_wconf 90' lang='lat' dir='ltr'><strong>ubi</strong></span> <span class='ocrx_word' id='word_1_238' title='bbox 810 3253 997 3318; x_wconf 86' lang='lat' dir='ltr'><strong>Plato</strong></span> <span class='ocrx_word' id='word_1_239' title='bbox 1044 3251 1346 3318; x_wconf 89' lang='lat' dir='ltr'><strong>similiter</strong></span> <span class='ocrx_word' id='word_1_240' title='bbox 1388 3252 1642 3320; x_wconf 87' lang='lat' dir='ltr'><strong>locutus</strong></span> <span class='ocrx_word' id='word_1_241' title='bbox 1688 3259 1803 3319; x_wconf 89' lang='lat' dir='ltr'><strong>est.</strong></span> 
     </span>
    </p>
   </div>
   <div class='ocr_carea' id='block_1_4' title="bbox 291 3454 2681 3972">
    <p class='ocr_par' dir='ltr' id='par_1_4' title="bbox 291 3454 2681 3972">
     <span class='ocr_line' id='line_1_28' title="bbox 384 3454 2676 3539; baseline 0.002 -17"><span class='ocrx_word' id='word_1_242' title='bbox 384 3456 546 3524; x_wconf 88' lang='lat' dir='ltr'><strong>Ibid.</strong></span> <span class='ocrx_word' id='word_1_243' title='bbox 595 3454 780 3523; x_wconf 81' lang='lat'>290:</span> <span class='ocrx_word' id='word_1_244' title='bbox 854 3455 975 3537; x_wconf 75' lang='grc' dir='ltr'><strong>ἔφη</strong></span> <span class='ocrx_word' id='word_1_245' title='bbox 1042 3455 1076 3531; x_wconf 74' lang='grc' dir='ltr'><em>ἢ</em></span> <span class='ocrx_word' id='word_1_246' title='bbox 1142 3457 1253 3529; x_wconf 68' lang='grc' dir='ltr'><strong>την</strong></span> <span class='ocrx_word' id='word_1_247' title='bbox 1315 3457 1516 3537; x_wconf 66' lang='grc' dir='ltr'><strong><em>ἀρχὴν</em></strong></span> <span class='ocrx_word' id='word_1_248' title='bbox 1576 3458 1659 3521; x_wconf 83' lang='grc' dir='ltr'><strong>οὖ</strong></span> <span class='ocrx_word' id='word_1_249' title='bbox 1725 3456 1847 3522; x_wconf 69' lang='grc' dir='ltr'><strong><em>δεῖν</em></strong></span> <span class='ocrx_word' id='word_1_250' title='bbox 1910 3458 2021 3534; x_wconf 69' lang='grc' dir='ltr'><strong>ἐμὲ</strong></span> <span class='ocrx_word' id='word_1_251' title='bbox 2085 3460 2240 3539; x_wconf 74' lang='grc' dir='ltr'><strong><em>δεῦρ’</em></strong></span> <span class='ocrx_word' id='word_1_252' title='bbox 2303 3463 2593 3528; x_wconf 77' lang='grc' dir='ltr'><strong><em>εἰσελθεῖν</em></strong></span> <span class='ocrx_word' id='word_1_253' title='bbox 2640 3465 2676 3539; x_wconf 76' lang='grc' dir='ltr'>ἢ</span> 
     </span>
     <span class='ocr_line' id='line_1_29' title="bbox 296 3556 2679 3652; baseline 0.003 -25"><span class='ocrx_word' id='word_1_254' title='bbox 296 3562 508 3637; x_wconf 65' lang='grc' dir='ltr'><strong><em>ἐπειδὴ</em></strong></span> <span class='ocrx_word' id='word_1_255' title='bbox 567 3563 864 3640; x_wconf 72' lang='grc' dir='ltr'><strong><em>εἰσῆλθον,</em></strong></span> <span class='ocrx_word' id='word_1_256' title='bbox 911 3563 1030 3640; x_wconf 76' lang='grc' dir='ltr'><strong>οὐχ</strong></span> <span class='ocrx_word' id='word_1_257' title='bbox 1080 3556 1195 3626; x_wconf 81' lang='grc' dir='ltr'><strong><em>οἷόν</em></strong></span> <span class='ocrx_word' id='word_1_258' title='bbox 1244 3567 1303 3624; x_wconf 80' lang='grc' dir='ltr'><strong>τ’</strong></span> <span class='ocrx_word' id='word_1_259' title='bbox 1350 3556 1503 3627; x_wconf 75' lang='grc' dir='ltr'><strong><em>εἶναι</em></strong></span> <span class='ocrx_word' id='word_1_260' title='bbox 1552 3563 1622 3627; x_wconf 75' lang='grc' dir='ltr'><strong>τὸ</strong></span> <span class='ocrx_word' id='word_1_261' title='bbox 1671 3565 1773 3638; x_wconf 72' lang='grc' dir='ltr'><strong><em>μη</em></strong></span> <span class='ocrx_word' id='word_1_262' title='bbox 1822 3563 2190 3629; x_wconf 70' lang='grc' dir='ltr'><strong><em>ἀποκτεῖναί</em></strong></span> <span class='ocrx_word' id='word_1_263' title='bbox 2233 3590 2338 3642; x_wconf 88' lang='grc' dir='ltr'><strong>με.</strong></span> <span class='ocrx_word' id='word_1_264' title='bbox 2400 3565 2679 3652; x_wconf 86' lang='lat' dir='ltr'><strong>Requiro</strong></span> 
     </span>
     <span class='ocr_line' id='line_1_30' title="bbox 291 3667 2681 3758; baseline 0.003 -25"><span class='ocrx_word' id='word_1_265' title='bbox 291 3668 683 3734; x_wconf 90' lang='lat' dir='ltr'><strong>locutionem</strong></span> <span class='ocrx_word' id='word_1_266' title='bbox 730 3671 838 3740; x_wconf 70' lang='grc' dir='ltr'><strong>τὴν</strong></span> <span class='ocrx_word' id='word_1_267' title='bbox 887 3668 1087 3746; x_wconf 68' lang='grc' dir='ltr'><strong><em>ἀρχὴν</em></strong></span> <span class='ocrx_word' id='word_1_268' title='bbox 1135 3669 1214 3732; x_wconf 80' lang='grc' dir='ltr'><strong>οὐ</strong></span> <span class='ocrx_word' id='word_1_269' title='bbox 1234 3667 1346 3745; x_wconf 77' lang='grc' dir='ltr'><strong>δέ,</strong></span> <span class='ocrx_word' id='word_1_270' title='bbox 1392 3669 1494 3732; x_wconf 92' lang='lat' dir='ltr'><strong>ie.</strong></span> <span class='ocrx_word' id='word_1_271' title='bbox 1542 3669 1777 3732; x_wconf 69' lang='lat' dir='ltr'><strong>omnimo</strong></span> <span class='ocrx_word' id='word_1_272' title='bbox 1816 3691 1955 3747; x_wconf 76' lang='lat' dir='ltr'><strong>non,</strong></span> <span class='ocrx_word' id='word_1_273' title='bbox 1996 3672 2191 3735; x_wconf 91' lang='lat' dir='ltr'><strong>sicuti</strong></span> <span class='ocrx_word' id='word_1_274' title='bbox 2226 3677 2395 3736; x_wconf 90' lang='lat' dir='ltr'><strong>recte</strong></span> <span class='ocrx_word' id='word_1_275' title='bbox 2432 3671 2681 3758; x_wconf 81' lang='lat' dir='ltr'><strong>legitur</strong></span> 
     </span>
     <span class='ocr_line' id='line_1_31' title="bbox 293 3766 2675 3858; baseline 0.002 -19"><span class='ocrx_word' id='word_1_276' title='bbox 293 3773 554 3840; x_wconf 76' lang='lat' dir='ltr'><strong>Theaet.</strong></span> <span class='ocrx_word' id='word_1_277' title='bbox 618 3795 680 3858; x_wconf 91' lang='lat' dir='ltr'><strong>p.</strong></span> <span class='ocrx_word' id='word_1_278' title='bbox 733 3766 976 3839; x_wconf 82' lang='lat' dir='ltr'>185D:</span> <span class='ocrx_word' id='word_1_279' title='bbox 1040 3769 1132 3836; x_wconf 72' lang='grc' dir='ltr'><strong><em>ὅτι</em></strong></span> <span class='ocrx_word' id='word_1_280' title='bbox 1193 3796 1296 3847; x_wconf 86' lang='grc' dir='ltr'><strong>μοι</strong></span> <span class='ocrx_word' id='word_1_281' title='bbox 1361 3773 1528 3842; x_wconf 75' lang='grc' dir='ltr'><strong><em>δοκεῖ,</em></strong></span> <span class='ocrx_word' id='word_1_282' title='bbox 1582 3776 1691 3849; x_wconf 71' lang='grc' dir='ltr'><strong>τὴν</strong></span> <span class='ocrx_word' id='word_1_283' title='bbox 1756 3775 1954 3854; x_wconf 71' lang='grc' dir='ltr'><strong><em>α’ρχὴν</em></strong></span> <span class='ocrx_word' id='word_1_284' title='bbox 2016 3775 2137 3840; x_wconf 77' lang='grc' dir='ltr'><strong>οὐδ’</strong></span> <span class='ocrx_word' id='word_1_285' title='bbox 2196 3772 2349 3841; x_wconf 80' lang='grc' dir='ltr'><strong><em>εἶναι</em></strong></span> <span class='ocrx_word' id='word_1_286' title='bbox 2412 3783 2675 3844; x_wconf 78' lang='grc' dir='ltr'><strong><em>τοιοῦτον</em></strong></span> 
     </span>
     <span class='ocr_line' id='line_1_32' title="bbox 291 3876 2674 3972; baseline 0.001 -27"><span class='ocrx_word' id='word_1_287' title='bbox 291 3879 482 3945; x_wconf 76' lang='grc' dir='ltr'><strong><em>οὐδέν.</em></strong></span> <span class='ocrx_word' id='word_1_288' title='bbox 529 3877 765 3944; x_wconf 91' lang='lat' dir='ltr'><strong>Itidem</strong></span> <span class='ocrx_word' id='word_1_289' title='bbox 810 3877 1061 3943; x_wconf 89' lang='lat' dir='ltr'><strong>Phileb.</strong></span> <span class='ocrx_word' id='word_1_290' title='bbox 1112 3876 1305 3943; x_wconf 63' lang='lat'><strong>6313:</strong></span> <span class='ocrx_word' id='word_1_291' title='bbox 1356 3879 1682 3972; x_wconf 73' lang='grc' dir='ltr'><strong><em>γίγνεσθαι</em></strong></span> <span class='ocrx_word' id='word_1_292' title='bbox 1734 3882 1903 3956; x_wconf 72' lang='grc' dir='ltr'><strong><em>ἡμᾶς</em></strong></span> <span class='ocrx_word' id='word_1_293' title='bbox 1950 3884 2059 3953; x_wconf 67' lang='grc' dir='ltr'><strong>τὴν</strong></span> <span class='ocrx_word' id='word_1_294' title='bbox 2099 3882 2300 3960; x_wconf 69' lang='grc' dir='ltr'><strong><em>ἀρχὴν</em></strong></span> <span class='ocrx_word' id='word_1_295' title='bbox 2339 3883 2474 3948; x_wconf 78' lang='grc' dir='ltr'><strong>οὐκ</strong></span> <span class='ocrx_word' id='word_1_296' title='bbox 2516 3885 2674 3964; x_wconf 76' lang='grc' dir='ltr'><strong><em>ἐῶσι,</em></strong></span> 
     </span>
    </p>
   </div>
   <div class='ocr_carea' id='block_1_5' title="bbox 289 3979 2803 4069">
    <p class='ocr_par' dir='ltr' id='par_1_5' title="bbox 289 3979 2803 4069">
     <span class='ocr_line' id='line_1_33' title="bbox 289 3979 2803 4069; baseline 0.003 -21"><span class='ocrx_word' id='word_1_297' title='bbox 289 4004 596 4069; x_wconf 80' lang='lat' dir='ltr'><strong>reponam</strong></span> <span class='ocrx_word' id='word_1_298' title='bbox 629 4007 656 4048; x_wconf 91' lang='grc' dir='ltr'><strong><em>ο</em></strong></span> <span class='ocrx_word' id='word_1_299' title='bbox 679 3985 712 4047; x_wconf 81' lang='grc' dir='ltr'><em>ὗ</em></span> <span class='ocrx_word' id='word_1_300' title='bbox 732 3983 782 4047; x_wconf 78' lang='grc' dir='ltr'><strong>δ’</strong></span> <span class='ocrx_word' id='word_1_301' title='bbox 823 3985 980 4049; x_wconf 82' lang='grc' dir='ltr'><strong><em>ε’ῶσι.</em></strong></span> <span class='ocrx_word' id='word_1_302' title='bbox 1023 3979 1260 4049; x_wconf 83' lang='lat' dir='ltr'><strong>Contra</strong></span> <span class='ocrx_word' id='word_1_303' title='bbox 1284 3981 1469 4068; x_wconf 88' lang='lat' dir='ltr'><strong>Apol.</strong></span> <span class='ocrx_word' id='word_1_304' title='bbox 1499 3983 1582 4048; x_wconf 84' lang='lat'><strong>35</strong></span> <span class='ocrx_word' id='word_1_305' title='bbox 1603 3983 1692 4051; x_wconf 84' lang='lat' dir='ltr'><strong>G:</strong></span> <span class='ocrx_word' id='word_1_306' title='bbox 1735 3986 1809 4049; x_wconf 84' lang='grc' dir='ltr'><strong>οὖ</strong></span> <span class='ocrx_word' id='word_1_307' title='bbox 1828 3984 1902 4050; x_wconf 65' lang='grc' dir='ltr'><strong>δὲ</strong></span> <span class='ocrx_word' id='word_1_308' title='bbox 1942 3986 2169 4050; x_wconf 73' lang='grc' dir='ltr'><strong><em>δίκαιον</em></strong></span> <span class='ocrx_word' id='word_1_309' title='bbox 2207 4010 2309 4063; x_wconf 88' lang='grc' dir='ltr'><strong>μοι</strong></span> <span class='ocrx_word' id='word_1_310' title='bbox 2337 3987 2503 4053; x_wconf 77' lang='grc' dir='ltr'><strong><em>δοκεῖ</em></strong></span> <span class='ocrx_word' id='word_1_311' title='bbox 2521 3987 2677 4055; x_wconf 79' lang='grc' dir='ltr'><strong><em>εἶναι</em></strong></span> <span class='ocrx_word' id='word_1_312' title='bbox 2798 4051 2803 4056; x_wconf 84' lang='grc'><strong>.</strong></span> 
     </span>
    </p>
   </div>
   <div class='ocr_carea' id='block_1_6' title="bbox 285 4089 2676 4388">
    <p class='ocr_par' dir='ltr' id='par_1_6' title="bbox 285 4089 2676 4388">
     <span class='ocr_line' id='line_1_34' title="bbox 288 4089 2676 4177; baseline 0.003 -21"><span class='ocrx_word' id='word_1_313' title='bbox 288 4092 520 4156; x_wconf 78' lang='grc' dir='ltr'><strong><em>δεῖσθαι</em></strong></span> <span class='ocrx_word' id='word_1_314' title='bbox 559 4095 665 4154; x_wconf 83' lang='grc' dir='ltr'><strong>τοῦ</strong></span> <span class='ocrx_word' id='word_1_315' title='bbox 707 4091 981 4169; x_wconf 72' lang='grc' dir='ltr'><strong><em>δικαςοῦ,</em></strong></span> <span class='ocrx_word' id='word_1_316' title='bbox 1021 4090 1154 4155; x_wconf 75' lang='grc' dir='ltr'><strong>οὐδὲ</strong></span> <span class='ocrx_word' id='word_1_317' title='bbox 1195 4089 1473 4164; x_wconf 74' lang='grc' dir='ltr'><strong><em>δεόμενον</em></strong></span> <span class='ocrx_word' id='word_1_318' title='bbox 1514 4089 1921 4169; x_wconf 69' lang='grc' dir='ltr'><strong><em>ἀποφεύγειν,</em></strong></span> <span class='ocrx_word' id='word_1_319' title='bbox 1964 4112 2224 4177; x_wconf 87' lang='lat' dir='ltr'><strong>prorsus</strong></span> <span class='ocrx_word' id='word_1_320' title='bbox 2246 4098 2676 4161; x_wconf 82' lang='lat' dir='ltr'><strong>neceesarium</strong></span> 
     </span>
     <span class='ocr_line' id='line_1_35' title="bbox 288 4195 2675 4279; baseline 0.003 -18"><span class='ocrx_word' id='word_1_321' title='bbox 288 4202 423 4261; x_wconf 86' lang='lat' dir='ltr'><strong>est:</strong></span> <span class='ocrx_word' id='word_1_322' title='bbox 488 4195 572 4259; x_wconf 86' lang='grc' dir='ltr'><strong>ού</strong></span> <span class='ocrx_word' id='word_1_323' title='bbox 633 4195 883 4260; x_wconf 75' lang='grc' dir='ltr'><strong><em>δίκαιον.</em></strong></span> <span class='ocrx_word' id='word_1_324' title='bbox 947 4195 1286 4261; x_wconf 78' lang='lat' dir='ltr'><strong>Praeterea</strong></span> <span class='ocrx_word' id='word_1_325' title='bbox 1330 4195 1591 4261; x_wconf 82' lang='lat' dir='ltr'><strong>malim:</strong></span> <span class='ocrx_word' id='word_1_326' title='bbox 1655 4197 1723 4260; x_wconf 81' lang='grc' dir='ltr'><strong>τὸ</strong></span> <span class='ocrx_word' id='word_1_327' title='bbox 1771 4198 1861 4272; x_wconf 70' lang='grc' dir='ltr'><strong><em>μη</em></strong></span> <span class='ocrx_word' id='word_1_328' title='bbox 1908 4198 2099 4278; x_wconf 79' lang='grc' dir='ltr'>(οὐκ)</span> <span class='ocrx_word' id='word_1_329' title='bbox 2146 4199 2547 4279; x_wconf 71' lang='grc' dir='ltr'><strong><em>ἀποκτεῖναι,</em></strong></span> <span class='ocrx_word' id='word_1_330' title='bbox 2597 4201 2675 4268; x_wconf 87' lang='lat' dir='ltr'><strong>de</strong></span> 
     </span>
     <span class='ocr_line' id='line_1_36' title="bbox 285 4301 1447 4388; baseline -0.001 -22"><span class='ocrx_word' id='word_1_331' title='bbox 285 4322 414 4388; x_wconf 88' lang='lat' dir='ltr'><strong>qua</strong></span> <span class='ocrx_word' id='word_1_332' title='bbox 459 4303 820 4386; x_wconf 88' lang='lat' dir='ltr'><strong>suspicione</strong></span> <span class='ocrx_word' id='word_1_333' title='bbox 867 4305 1030 4368; x_wconf 88' lang='lat' dir='ltr'><strong>conf.</strong></span> <span class='ocrx_word' id='word_1_334' title='bbox 1079 4301 1447 4368; x_wconf 81' lang='lat' dir='ltr'><strong>Schanzius.</strong></span> 
     </span>
    </p>
   </div>
  </div>
 </body>
</html>
