3246 5085
1307 355 1618 405 noturus·
2532 336 2665 407 297

266 523 443 610 quod
502 523 761 590 additur
825 544 982 609 „per
1030 521 1445 603 παρένθεσιν”,
1496 545 1644 589 cum
1699 523 2050 590 secuudum
2097 523 2322 590 Artem
2367 523 2528 590 Don.
2573 523 2660 590 IV

266 629 422 698 372.
453 630 537 702 10
584 630 689 695 hic
735 629 946 696 nudus
994 631 1079 694 sit
1126 630 1549 716 apostrophus
1589 652 1716 696 non
1757 631 2186 716 parenthesin,
2230 631 2305 697 de
2345 653 2472 718 qua
2511 633 2659 700 vide

261 736 421 802 ibid.
471 735 624 802 262.
654 736 763 802 32.
814 733 911 803 Of.
960 742 1283 823 praeterea
1330 757 1459 822 seq.
1509 736 1706 803 schol.
1755 737 1843 803 26
1869 737 1986 819 (2).

358 842 519 908 Ibid.
569 842 677 908 26.
763 841 836 907 In
899 843 951 908 B
1013 845 1140 908 tria
1184 841 1441 936 Donati.
1511 842 1585 909 In
1660 845 1714 908 A
1780 865 1986 909 unum
2044 846 2121 910 ab
2169 843 2428 911 Editore
2473 848 2666 913 inter·

264 948 592 1036 polatum:
660 948 1135 1027 „Aintandem
1185 949 1459 1015 carcer’'.
1527 949 1670 1015 Non
1721 971 2202 1016 carcereum
2250 951 2360 1016 sed
2408 973 2670 1018 carce-

260 1077 437 1121 rem
475 1058 763 1142 asperius
802 1053 1155 1142 appellavit
1166 1075 1183 1134 3
1226 1057 1321 1120 sic
1352 1055 1646 1121 Lucilius
1674 1077 1930 1134 „carcer
1951 1059 2061 1122 vix
2087 1078 2338 1123 carcere
2362 1057 2666 1144 dignus'’.

256 1169 320 1226 ec
371 1162 558 1241 „viat”
603 1185 725 1244 pro
776 1161 1002 1240 „non”.
1077 1159 1175 1228 Of.
1226 1183 1421 1248 supra
1468 1186 1531 1249 p.
1586 1159 1670 1227 17
1721 1163 1801 1229 ad
1847 1163 2012 1229 Eun.
2064 1163 2160 1230 ΙΙΙ
2205 1163 2268 1230 2.
2303 1163 2385 1228 19
2410 1165 2527 1245 (1).

356 1267 518 1336 Ibid.
568 1269 655 1336 27
726 1267 1051 1336 Bonorum
1103 1274 1391 1335 extortor
1432 1268 1660 1356 legum
1706 1276 2030 1335 contortor

360 1376 448 1440 A:
496 1373 721 1462 Fingit
765 1374 871 1440 illi
916 1377 1189 1440 crimina
1236 1375 1312 1440 de
1360 1395 1548 1441 causa
1594 1381 1662 1441 et
1701 1376 1778 1441 de
1817 1378 2102 1463 negotio.
2197 1375 2282 1442 B:
2330 1376 2667 1463 Ingeniose

267 1480 347 1546 de
392 1473 532 1568 ips‘o
580 1484 844 1569 negotio
893 1489 1049 1547 sunt
1091 1485 1358 1548 inventa
1397 1484 1710 1548 convicia.

362 1587 502 1655 Hoc
564 1597 732 1654 recte
794 1609 861 1654 00
907 1588 1120 1666 habet,
1169 1609 1297 1654 non
1347 1590 1521 1653 enim
1569 1591 1698 1653 nisi
1745 1590 2036 1656 convicia
2083 1594 2254 1654 sunt.
2325 1588 2404 1654 In
2450 1589 2508 1653 A
2555 1589 2660 1654 ob-

260 1698 540 1761 servatio
585 1695 900 1761 rhetorica
942 1697 1298 1780 impropria
1343 1700 1441 1760 est
1486 1695 1563 1762 de
1610 1697 1809 1761 meris
1860 1698 2186 1763 conviciis.

359 1799 519 1867 Ibid.
568 1787 657 1867 28
724 1801 1047 1887 Demipho
1110 1807 1455 1886 postquam
1517 1800 1741 1867 fictum
1802 1803 2221 1868 Phormionis
2282 1823 2431 1868 cum
2495 1801 2666 1870 Geta'

263 1907 561 1995 litigium
602 1906 995 1993 aliquamdiu
1040 1905 1469 1985 auscultavit,
1511 1906 1685 1973 hunc
1723 1910 1854 1973 iam
1893 1906 2066 1973 clara
2098 1929 2251 1974 voce
2289 1906 2662 1994 compellat:

268 2013 549 2095 ‚,Geta”.
610 2015 919 2080 Phormio
984 2013 1262 2080 eundem
1324 2014 1647 2081 submissa
1694 2035 1848 2081 voce
1894 2021 2114 2081 monet
2163 2021 2236 2080 ut
2285 2036 2392 2080 ero
2437 2036 2662 2081 aurem

262 2123 595 2210 praebeat:
640 2119 1098 2208 „Responde''!
1139 2120 1309 2186 Tum
1352 2119 1549 2200 Geta,
1592 2124 1706 2208 qui
1728 2143 1912 2188 erum
1939 2121 2228 2188 nondum
2257 2124 2662 2207 conspexisse

264 2252 333 2297 se
380 2228 683 2308 simulat,
731 2231 1113 2316 respiciens:
1170 2228 1367 2309 „Quis
1411 2229 1603 2296 homo
1653 2235 1750 2294 est
1766 2227 1834 2294 ‘P'
1884 2232 2120 2316 inquit.

359 2338 417 2404 A
466 2336 667 2417 „Quis
720 2339 785 2402 h.
812 2337 879 2401 h.
928 2342 1025 2402 est
1043 2333 1111 2400 ?'’
1160 2336 1329 2402 Mire
1370 2355 1595 2402 servus
1637 2335 1826 2401 finxit
1863 2358 1930 2402 00
1968 2358 2097 2402 non
2138 2335 2376 2403 vidisse
2419 2356 2659 2415 senem,

263 2455 343 2511 ut
389 2466 465 2511 ea
510 2465 671 2531 quae
718 2444 953 2512 dixerit
1001 2445 1067 2508 in
1116 2442 1575 2510 Phormionem
1621 2445 1864 2509 sincere
1910 2443 2144 2510 dixisse
2181 2443 2494 2510 credatur.

358 2553 411 2617 B
435 2552 531 2634 (1)
602 2551 1020 2638 „Responde”
1082 2550 1333 2617 Timuit
1400 2558 1623 2637 poeta,
1695 2573 1776 2617 ne
1838 2552 2214 2622 huiusmodi
2286 2551 2653 2618 vociferatio

264 2658 469 2727 Getae
533 2662 716 2745 quasi
778 2680 994 2725 veram
1043 2658 1421 2725 discordiam
1473 2659 1645 2744 apud
1691 2659 2004 2745 populum
2052 2659 2352 2744 fingeret,
2400 2664 2465 2724 et
2510 2657 2654 2724 ideo

265 2767 419 2833 fecit
481 2787 630 2831 eum
694 2787 731 2831 a
795 2766 1187 2831 Phormione
1233 2764 1583 2830 admoneri.
1724 2764 1820 2845 (2)
1872 2765 2072 2846 „Quis
2115 2764 2180 2829 h.
2209 2764 2274 2829 h.
2324 2761 2505 2830 est?’'
2554 2761 2655 2828 Ita

266 2893 443 2939 mera
514 2870 1031 2938 dissimulatione
1102 2871 1395 2937 additum
1470 2870 1776 2949 „homo’',
1851 2877 1927 2935 ut
1995 2869 2292 2935 videatur
2353 2868 2521 2934 nihil
2579 2868 2656 2935 de

266 2982 626 3066 praeseutia
671 2978 917 3044 domini
964 2980 1304 3065 cogitasse.

356 3084 417 3153 A
459 3096 525 3153 et
562 3086 617 3151 B
642 3088 737 3168 (l)
776 3085 1013 3151 Donati
1052 3089 1239 3162 sunt,
1281 3086 1349 3149 in
1390 3085 1573 3149 cuius
1616 3090 1983 3149 commento
2027 3082 2438 3170 praecedebat
2466 3081 2656 3165 B(l)‚

264 3195 377 3259 ubi
440 3191 896 3271 „vociferatio”
968 3190 1361 3277 intelligitur
1432 3188 1633 3256 Getae
1702 3192 1990 3256 convicia
2057 3194 2122 3254 in
2194 3191 2658 3256 Phormionem

264 3322 363 3366 vs.
413 3298 535 3366 27:
604 3298 929 3364 Bonorum
995 3303 1298 3373 extortor,
1362 3295 1589 3389 legum
1650 3294 2008 3362 contortor!
2078 3296 2147 3362 In
2213 3297 2385 3379 Β(2)
2433 3296 2662 3362 Editor

265 3408 582 3493 corrigere
626 3404 749 3469 sibi
796 3404 1057 3472 videtur
1094 3404 1160 3469 id
1200 3403 1367 3489 quod
1408 3402 1566 3469 Don.
1614 3403 1692 3469 de
1731 3403 1962 3469 iisdem
2005 3406 2215 3471 verbis
2254 3406 2658 3491 apertissime

264 3512 433 3577 dixit
476 3514 544 3575 in
592 3511 669 3589 A,
718 3511 828 3577 sed
874 3513 1115 3596 partim
1159 3510 1332 3575 idem
1381 3512 1651 3596 repetit,
1699 3514 1936 3596 partim
1977 3510 2231 3578 fallitur
2264 3513 2332 3575 in
2371 3532 2445 3577 00
2483 3511 2652 3597 quod

261 3621 482 3704 inepte
535 3616 694 3683 dicit
755 3615 962 3696 „nihil
1021 3616 1097 3682 de
1144 3620 1503 3702 praesentia
1549 3617 1609 3682 d.
1659 3617 2016 3703 cogitasse''
2064 3639 2177 3705 pro
2223 3621 2650 3703 praesentiam

264 3748 393 3792 non
438 3728 728 3803 sensisse,
776 3725 883 3790 vel
928 3723 1055 3790 tale
1102 3724 1275 3810 quid.
2294 3711 2304 3717 ¹

358 3832 554 3913 B(3),
603 3832 679 3897 de
725 3832 849 3898 alia
893 3851 997 3908 re,
1046 3833 1407 3917 genuinum
1460 3837 1576 3897 est.

360 3939 528 4020 Quid
590 3940 745 4005 haec
805 3936 1045 4003 scholia
1107 3958 1221 4002 nos
1287 3934 1555 4003 docent?
1603 3935 1858 4004 Centies
1903 3940 2033 4003 iam
2085 3936 2463 4003 offendimus
2508 3936 2660 4002 Edi-

264 4052 471 4111 torem
530 4044 831 4111 Donateis
892 4065 1041 4110 suas
1099 4046 1549 4122 correctiones,
1598 4043 1746 4130 plus
1795 4046 2096 4110 minusve
2138 4048 2354 4110 tamen
2400 4065 2479 4109 ex
2523 4041 2658 4109 illis

261 4152 677 4239 compilatas,
762 4153 1061 4217 continuo
1132 4151 1674 4228 subscribentem,
1755 4148 1938 4217 nullo
2021 4150 2450 4216 intercedente
2533 4148 2659 4215 alio

260 4258 515 4325 scholio.
580 4258 803 4344 Itaque
864 4255 976 4323 ille
1037 4262 1477 4323 commentum
1540 4259 1870 4343 integrum
1936 4256 2042 4323 hic
2111 4257 2373 4336 habuit,
2421 4259 2488 4321 in
2537 4278 2662 4342 quo

263 4363 505 4431 scholia
567 4363 938 4451 legerentur
996 4364 1114 4429 hoc
1179 4362 1433 4429 ordine:
1495 4362 1692 4444 Β(1),
1743 4364 1822 4441 A,
1877 4363 2074 4445 B(3),
2142 4369 2284 4429 tum
2345 4385 2460 4429 suo
2519 4362 2655 4430 1000

265 4474 716 4538 correctionem
764 4470 937 4552 Β(2)
976 4472 1249 4535 inseruit
1288 4474 1433 4557 post
1471 4470 1548 4536 A.
1599 4469 1899 4556 Itaque
1948 4469 2336 4537 diversae
2381 4473 2648 4537 series
