3246 5085
655 320 789 387 416
1699 338 2013 388 nonnus.

653 508 811 571 bum
871 511 938 571 et
995 507 1277 591 Asprum
1340 509 1757 592 praesertim,
1822 488 2065 592 hosque
2115 509 2287 571 viros
2332 505 2808 591 explanationes
2856 505 3097 570 tradi-

653 613 823 678 disse
860 612 1050 677 modo
1093 611 1395 678 Donateis
1435 612 1906 688 anteferendae,
1957 613 2147 678 modo
2194 633 2345 678 vero
2392 612 2875 697 postponendae.
2926 612 3093 676 Do-

652 724 842 783 natus
879 718 960 783 ad
1005 718 1593 784 Phormionem
1644 719 2110 805 explanandam
2160 717 2469 805 peculiari
2505 720 2681 785 fonte
2718 740 2873 785 usus
2912 740 3087 783 esse

653 824 1004 891 videbitur.

972 1069 1355 1149 Scholia,
1401 1072 1480 1135 in
1531 1072 1839 1156 quibus
1886 1071 2169 1137 fontes
2215 1070 2731 1138 indicantur.

743 1253 1144 1319 Nominatim
1191 1256 1475 1319 citantur
1522 1257 1588 1319 in
1638 1259 1998 1321 commento
2046 1255 2145 1319 uti
2192 1254 2398 1319 fontes
2444 1254 2514 1318 hi
2559 1260 2882 1321 auctores:

743 1360 1154 1447 Nigidius
1203 1366 1332 1426 ter:
1383 1361 1705 1428 Phorm.
1756 1360 1787 1425 I
1836 1360 2125 1435 4.4‚13.
2176 1359 2238 1426 II
2294 1359 2445 1426 1.3.

741 1467 1000 1533 Varro
1057 1472 1315 1552 quater:
1387 1466 1505 1532 Ad.
1570 1466 1657 1531 IV
1717 1466 1781 1532 2.
1825 1465 1932 1545 37,
1985 1466 2090 1531 44.
2158 1464 2211 1530 V
2274 1466 2335 1533 8.
2386 1466 2490 1544 15,
2532 1466 2642 1532 29.
2716 1467 3083 1532 Praeterea

831 1571 1125 1659 exempla
1189 1575 1473 1639 citantur
1531 1575 1691 1638 tria:
1760 1595 1833 1639 ex
1904 1575 2051 1638 Ant.
2118 1596 2169 1637 r.
2232 1574 2298 1638 h.
2362 1573 2526 1639 Eun.
2592 1573 2654 1638 II
2704 1573 2767 1639 2.
2796 1573 2904 1651 25,
2970 1595 3073 1639 ex

832 1679 1050 1765 logist.
1099 1678 1253 1744 ibid.
1303 1678 1389 1744 IV
1442 1678 1502 1744 3.
1535 1677 1574 1745 7
1622 1685 1687 1745 et
1736 1680 1994 1745 Phorm.
2044 1679 2076 1744 I
2128 1680 2186 1744 l.
2218 1679 2321 1745 15.

743 1787 1060 1851 Probus
1121 1789 1376 1851 novies:
1445 1786 1643 1851 Andr.
1708 1786 1794 1851 IV
1844 1785 1905 1850 3.
1937 1786 1997 1850 5.
2064 1786 2118 1847 V
2168 1785 2230 1850 3.
2259 1786 2321 1851 4.
2388 1786 2553 1851 Eun.
2618 1786 2649 1851 I
2718 1787 2865 1854 1.1.
2920 1787 3066 1854 Ad.

833 1892 926 1957 III
973 1892 1036 1957 2.
1064 1892 1173 1957 25.
1224 1891 1380 1958 Hec.
1430 1892 1590 1978 prol.
1638 1893 1667 1958 I
1717 1894 1777 1959 2.
1834 1894 2093 1959 Phorm.
2143 1892 2172 1957 I
2224 1892 2419 1971 1.15,
2464 1892 2525 1959 3.
2555 1892 2617 1958 3.
2667 1892 2728 1957 ΙΙ
2772 1892 2812 1959 3
2854 1893 2906 1957 Β
2935 1892 3065 1957 25.

838 1997 893 2060 V
941 1998 1002 2063 9.
1037 1997 1142 2063 16.

747 2108 1007 2192 Asper
1054 2111 1184 2171 ter:
1235 2106 1351 2171 Ad.
1399 2106 1493 2172 III
1532 2106 1594 2172 2.
1626 2107 1710 2172 25
1753 2113 1995 2185 (contra
2036 2106 2367 2188 Probum).
2407 2106 2495 2171 IV
2536 2106 2598 2170 2.
2628 2105 2735 2171 20.
2778 2107 3059 2171 Phorm.

838 2212 867 2275 1
914 2210 978 2276 2.
1006 2211 1114 2276 24.

743 2317 836 2382 De
905 2316 1258 2403 Nigidio
1321 2320 1544 2383 statim
1609 2321 1895 2403 quaestio
1958 2319 2306 2398 suboritur,
2370 2340 2485 2384 cur
2550 2319 3056 2404 antiquissimus

651 2432 871 2489 auctor
928 2426 1162 2509 citetur
1224 2431 1480 2489 tantum
1545 2424 1623 2489 ad
1693 2425 2312 2502 Phormionem,
2374 2446 2692 2510 nusquam
2755 2424 2831 2489 ad
2897 2424 3062 2489 reli-

651 2551 809 2617 quas
868 2529 1133 2597 fabulas.
1200 2530 1339 2597 Hoc
1399 2537 1619 2598 autem
1677 2530 2020 2598 discrimen
2066 2554 2139 2598 eo
2186 2534 2400 2597 maius
2444 2536 2543 2599 est
2589 2532 2757 2618 quod
2802 2530 3054 2618 triplex

650 2637 900 2724 Nigidii
960 2640 1203 2703 mentio
1267 2659 1389 2704 usu
1451 2641 1629 2704 venit
1692 2641 1759 2702 in
1823 2641 2033 2724 prima
2078 2641 2425 2704 commenti
2476 2645 2691 2724 parte,
2739 2659 2900 2723 quae
2948 2640 3057 2702 in-

652 2750 834 2830 tegra
901 2751 1150 2809 servata
1221 2749 1337 2817 est.
1407 2743 1646 2824 Quodsi
1716 2742 1917 2810 altera
1981 2765 2125 2830 pars
2190 2743 2580 2810 scholiorum
2614 2743 2682 2825 ¹),
2746 2764 2943 2829 quam
3012 2766 3053 2810 a

651 2849 1078 2936 Compilatore
1141 2853 1446 2916 omissam
1511 2872 1646 2916 esse
1709 2850 2031 2927 vidimus,
2098 2856 2412 2930 exstaret,
2477 2849 2665 2915 valde
2713 2849 3053 2935 probabile

651 2963 748 3021 est
810 2958 873 3020 in
940 2977 1012 3021 ea
1073 2977 1324 3041 quoque
1388 2959 1527 3022 eius
1590 2959 1985 3022 mentionem
2052 2955 2248 3022 semel
2311 2959 2675 3041 iterumque
2734 2957 3048 3020 iniectam

648 3063 867 3127 fuisse.
915 3061 1093 3127 Idem
1143 3061 1316 3127 valet
1364 3063 1440 3128 de
1489 3064 1793 3142 Probe,
1847 3065 1956 3148 qui
2005 3066 2072 3127 in
2119 3063 2317 3128 huius
2364 3064 2715 3128 commenti
2749 3060 3053 3146 reliquiis

649 3170 840 3233 toties
899 3167 1030 3232 fere
1091 3167 1479 3244 nominatur,
1544 3171 1793 3254 quoties
1858 3169 1957 3233 ad·
1985 3174 2223 3234 ceteras
2269 3167 2519 3233 fabulas
2567 3189 2807 3233 omnes.
2858 3166 3048 3246 Quod

649 3275 796 3338 hinc
858 3275 990 3338 iam
1053 3277 1439 3353 conicimus,
1504 3276 1827 3340 exstitisse
1875 3274 2193 3361 peculiare
2242 3255 2686 3340 commentum
2732 3277 2798 3338 in
2848 3274 3048 3338 Phor-

649 3382 968 3456 mionem,
1039 3400 1164 3464 quo
1235 3401 1388 3445 usus
1460 3383 1543 3446 sit
1614 3381 1938 3458 Donatus,
2008 3381 2075 3446 id
2146 3402 2364 3447 revera
2425 3383 2717 3466 contigit.
2780 3378 3048 3445 Scilicet

649 3484 1095 3552 Charisius
1134 3489 1200 3550 in
1241 3488 1449 3571 capite
1491 3487 1566 3552 de
1607 3488 1909 3552 adverbio
1952 3509 2027 3553 ex
2068 3488 2388 3566 ἀφορμαῖς
2434 3486 2645 3552 Iulii
2686 3487 3043 3551 Romani

649 3613 758 3659 sex
823 3591 1360 3658 Phormionis
1422 3590 1594 3658 locos
1658 3593 1850 3674 (nihil
1915 3615 1989 3659 ex
2056 3592 2201 3659 aliis
2262 3593 2525 3675 fabulis)
2587 3596 2894 3669 asseruit,
2956 3592 3041 3657 ad

649 3720 810 3785 quos
874 3697 1290 3764 Romanus
1350 3702 1699 3765 sententias
1762 3701 2029 3784 ipsaque
2091 3700 2284 3765 verba
2347 3701 2743 3765 Arruntii
2805 3695 3037 3764 Celsi

648 3803 903 3872 rettulit
965 3804 1040 3870 de
1087 3805 1405 3871 adverbiis
1451 3805 1544 3869 ibi
1591 3827 1627 3870 a
1676 3805 1977 3871 Terentio
2024 3809 2379 3892 usurpatis,
2428 3826 2583 3871 usus
2632 3804 2849 3870 eadem
2899 3824 3042 3889 par-

719 4065 772 4132 1)
822 4067 1016 4128 integre
1061 4079 1171 4130 pars
1214 4065 1487 4122 commenti,
1535 4063 1592 4112 ad
1631 4080 1694 4113 vs.
1738 4062 1947 4123 1—347,
1982 4063 2159 4112 scholia
2196 4061 2333 4112 habet
2373 4063 2489 4113 960.
2525 4063 2657 4112 Idem
2695 4079 2915 4114 versuum
2952 4079 3040 4114 uu-

647 4163 809 4197 merus
837 4145 932 4198 847
963 4145 1021 4195 ab
1052 4146 1194 4195 initio
1228 4146 1498 4194 Andriae
1534 4149 1581 4194 et
1613 4145 1907 4194 Eunuchi
1937 4144 2077 4194 habet
2106 4145 2292 4195 scholia
2320 4145 2416 4194 825
2436 4147 2486 4194 et
2504 4143 2627 4203 ‘183;
2659 4148 2762 4194 tota
2801 4147 3039 4194 Andria

647 4233 734 4291 (ve.
770 4230 886 4290 981)
920 4228 1099 4278 scholia
1134 4228 1232 4276 fere
1269 4228 1416 4288 1990,
1451 4228 1791 4277 Eunuchus
1823 4230 1909 4288 (vs.
1948 4229 2097 4290 1094)
2132 4228 2231 4277 fere
2265 4229 2415 4278 2100.
2464 4227 2589 4276 Hinc
2624 4226 2760 4277 facile
2792 4232 3045 4292 computa·

647 4317 744 4369 tur,
779 4311 818 4359 si
859 4313 1094 4360 Donatum
1131 4309 1540 4360 Phormionis
1575 4313 1899 4360 commentum
1929 4311 2091 4359 eadem
2120 4326 2235 4359 cura
2263 4324 2357 4374 qua
2386 4309 2580 4358 initium
2609 4318 2657 4357 et
2683 4324 2776 4374 qua
2798 4308 3033 4358 Andriam

646 4397 696 4442 et
733 4393 1010 4442 Eunuchum
1045 4393 1104 4441 ad
1141 4394 1281 4442 finem
1315 4391 1588 4458 perduxisse
1621 4391 1871 4450 sumimus,
1911 4390 1960 4441 in
1996 4391 2085 4442 hac
2118 4389 2277 4441 fabula
2314 4392 2441 4441 1055
2478 4405 2703 4442 versuum
2738 4390 3031 4442 scholiorum

645 4489 898 4524 numerum
931 4474 1074 4524 fuisse
1111 4475 1210 4524 scre
1245 4475 1393 4526 2500.
1428 4475 1697 4540 Supersunt
1734 4477 1893 4524 autem
1934 4475 2087 4533 14803
2122 4475 2285 4538 itaque
2322 4474 2571 4540 perierunt
2604 4474 2797 4524 circiter
2835 4475 2981 4524 1160.
