3246 5085
592 311 727 377 418
1399 408 1416 423 ,
1634 330 1943 379 nonnus.

589 493 874 561 vidimus
922 516 1000 559 ex
1043 493 1243 559 schol.
1291 496 1554 561 Phorm.
1601 496 1633 560 I
1684 496 1743 561 l.
1778 494 1881 562 15.
1930 495 2113 563 Unde
2155 496 2441 562 Donatus
2482 498 2690 582 igitur
2726 489 3001 560 hausit?

590 622 625 667 e
689 600 1051 667 scholarum
1115 600 1494 679 traditione,
1557 624 1639 667 ex
1687 601 1853 668 alius
1899 608 2299 680 commento,
2350 624 2428 668 ex
2476 598 2790 686 utroque?
2872 598 2997 665 Se-

588 708 795 774 cundo
859 707 1001 773 loco
1048 712 1625 794 grammaticorum
1689 714 1765 774 ut
1841 710 2293 775 historicorum
2356 710 2521 774 ratio
2566 728 2641 773 ea
2688 711 2858 785 erat,
2908 713 2997 771 ut

586 813 976 900 locupletem
1041 813 1323 899 aliquem
1385 822 1714 881 auctorem
1762 814 2035 882 fideliter
2082 819 2265 902 sequi
2314 836 2437 882 non
2486 815 2997 902 dedignarentur

585 922 896 1007 pudorive
966 922 1304 987 haberent:
1379 923 1631 989 Probus
1698 925 2008 988 nimirum
2080 922 2394 989 Stilonem
2463 928 2530 988 et
2600 920 2989 999 Varronem,

585 1029 790 1113 Asper
858 1028 1141 1093 Probum
1162 1076 1179 1107 ‚
1253 1030 1538 1115 Asprum
1611 1028 1902 1096 Donatus
1920 1050 1937 1111 ;
2008 1030 2177 1095 unde
2242 1036 2456 1095 tamen
2518 1050 2642 1094 non
2690 1029 2993 1113 sequitur

583 1156 736 1200 eum
817 1133 1287 1214 Menandrum,
1372 1134 1721 1216 Plautum,
1794 1136 2171 1203 Terentium
2240 1157 2365 1202 non
2434 1138 2654 1221 ipsum
2725 1136 2989 1220 saepius

549 1260 979 1325 comparasse
1025 1238 1318 1326 nihilque
1365 1244 1519 1307 novi
1557 1245 1777 1328 ipsum
1816 1242 1963 1309 inde
2001 1242 2348 1309 rettulisse.
2394 1241 2612 1329 Igitur
2648 1247 2786 1307 tota
2821 1241 2988 1307 haec

582 1349 870 1433 quaestio
917 1346 994 1412 de
1042 1347 1327 1413 fontibus
1374 1346 1620 1415 lubrica
1670 1358 1764 1415 est
1804 1357 1869 1415 et
1907 1352 2181 1428 incerta,
2224 1349 2493 1435 ideoque
2534 1369 2656 1435 ego
2702 1350 2769 1412 in
2808 1347 2991 1412 scho-

581 1452 721 1531 liis,
771 1474 932 1539 quae
979 1459 1361 1539 sequuntur,
1401 1477 1526 1521 non
1569 1456 1854 1522 indicavi
1890 1478 2051 1543 quae
2091 1456 2381 1522 Donatus
2422 1477 2499 1521 ex
2541 1456 2747 1541 Aspro
2772 1453 2989 1521 aliove

577 1561 902 1638 hauserit,
953 1561 1062 1626 sed
1109 1582 1272 1646 quae
1320 1562 1582 1629 fortasse
1630 1563 1777 1629 inde
1824 1564 2082 1630 haurire
2129 1566 2432 1651 potuerit.

1621 1808 1958 1875 Andria.

681 1986 855 2055 Prol.
911 1986 991 2054 17
1063 1988 1416 2057 Faciuntne
1458 1989 1892 2077 intellegendo
1939 1996 2014 2055 ut
2056 1990 2222 2056 nihil
2267 1989 2692 2078 intellegant?

683 2096 781 2177 (l)
849 2096 1029 2175 „Ne”
1095 2096 1357 2181 quidam
1420 2099 1777 2183 corripiunt
1840 2105 1905 2163 et
1966 2118 2113 2163 cum
2160 2099 2661 2184 interrogatione
2710 2118 2991 2183 pronun-

596 2205 794 2281 tiant,
838 2202 1099 2288 quidam
1142 2204 1539 2289 producunt,
1582 2225 1858 2289 quorum
1896 2203 2011 2269 alii
2052 2204 2216 2283 „ne”
2257 2225 2370 2290 pro
2396 2225 2600 2269 nonne
2626 2206 2985 2291 accipiunt,

592 2309 657 2373 id
723 2316 819 2374 est
879 2330 1071 2388 non,
1119 2310 1234 2375 alii
1284 2309 1448 2389 „ne”
1496 2332 1609 2397 pro
1658 2309 1941 2389 valde,
1990 2316 2069 2376 ut
2118 2332 2239 2390 „ne
2288 2332 2409 2398 ego
2458 2312 2649 2376 homo
2696 2331 2841 2376 sum
2887 2312 2987 2375 in-

593 2415 790 2481 felix”
855 2415 1004 2496 (Ad.
1053 2415 1140 2481 IV
1189 2416 1251 2481 2.
1283 2417 1348 2499 l)
1409 2424 1474 2483 et
1520 2414 1742 2484 Cicero
1796 2437 1917 2496 „ne
1962 2416 2061 2483 illi
2107 2418 2520 2484 vehementer
2564 2416 2842 2481 errant’'.

592 2522 689 2604 (2)
751 2521 838 2587 Et
899 2521 1017 2588 hoc
1081 2522 1352 2603 melius,
1417 2546 1566 2591 nam
1629 2526 1851 2590 statim
1914 2524 2108 2590 infert
2158 2545 2475 2610 „quorum
2522 2521 2835 2589 aemulari
2878 2542 2987 2588 ex-

591 2635 771 2714 optat
812 2628 1316 2716 neclegentiam,
1358 2634 1575 2718 potius
1613 2652 1807 2717 quam
1844 2634 2117 2698 istorum
2158 2631 2491 2748 obscuram
2530 2627 2981 2716 diligentiam'’

592 2741 717 2817 (vs.
767 2733 856 2799 20
880 2741 1022 2821 sq..)

603 2857 610 2864 ·
686 2838 986 2907 Alterum
1033 2842 1350 2908 scholium
1394 2803 1647 2908 Editori
1693 2843 1907 2910 tribuo
1955 2849 2214 2930 propter
2260 2845 2580 2929 ineptam,
2631 2863 2792 2927 quae
2840 2840 2979 2907 red-

593 2947 790 3026 ditur,
838 2951 1173 3014 rationem.
1224 2947 1319 3013 De
1366 2948 1646 3015 formula
1689 2951 1797 3038 hoc
1842 2951 2052 3014 melius
2099 2950 2245 3015 vide
2290 2970 2503 3035 supra.

686 3052 975 3120 Donatus
1016 3056 1153 3120 sine
1199 3055 1512 3121 decisione
1561 3093 1647 3104 —-
1695 3078 1818 3122 non
1866 3060 2037 3122 enim
2085 3057 2400 3121 tironibus
2446 3055 2555 3120 sed
2600 3059 2807 3120 aetate
2846 3075 2986 3140 pro-

594 3160 985 3226 vectioribus
1047 3168 1112 3226 et
1173 3160 1477 3233 ludorum
1541 3165 1879 3249 magistris
1940 3168 2377 3228 commentum
2426 3161 2770 3226 destinavit
2800 3160 2847 3241 ¹)
2892 3197 2983 3210 ·-—-

595 3266 930 3333 doctorum
971 3271 1319 3333 sententias
1360 3268 1602 3354 profert
1642 3273 1802 3334 tres:
1844 3279 1934 3332 ne
1972 3271 2539 3355 interrogativum,
2582 3279 2677 3332 ne
2716 3293 2795 3318 =
2830 3287 2985 3344 non,

596 3385 691 3437 ne
731 3403 810 3428 =
849 3372 1070 3454 valde,
1121 3381 1185 3440 et
1233 3381 1626 3460 postremam
1674 3373 1964 3440 illustrat
2010 3373 2303 3460 exemplo
2352 3377 2506 3440 trito
2552 3375 2619 3437 in
2669 3370 2902 3438 scholis
2952 3393 2987 3437 e

597 3476 923 3545 Ciceronis
994 3483 1275 3545 oratione
1339 3477 1478 3546 Cat.
1542 3479 1604 3544 II
1669 3479 1731 3558 6,
1796 3480 1963 3566 quod
2026 3480 2191 3545 redit
2254 3480 2332 3545 ad
2391 3477 2715 3564 Adelphos
2775 3475 2868 3544 l.l.
2920 3484 2987 3542 et

596 3583 768 3671 apud
829 3583 1235 3666 Charisium,
1285 3586 1696 3664 Diomedem,
1749 3587 2131 3652 Dositheum
2179 3586 2307 3668 (W.
2355 3588 2424 3651 in
2470 3592 2667 3672 app),
2715 3586 2831 3651 ubi
2878 3584 2985 3649 ad-

593 3691 772 3757 ditur
815 3692 1095 3758 alterum
1143 3714 1221 3758 ex
1270 3714 1357 3758 or.
1408 3714 1521 3779 pro
1569 3693 1753 3759 Rosc.
1800 3694 1943 3757 Am.
1989 3693 2075 3758 50
2127 3691 2263 3772 „Ne
2310 3699 2418 3769 tu,
2466 3692 2682 3771 Eruci,
2730 3712 2983 3757 accusa-

590 3793 897 3864 tor‘esses
935 3797 1314 3864 ridiculus'’.
1373 3799 1524 3864 Fuit
1563 3801 1631 3864 in
1670 3800 1773 3863 his
1813 3798 2178 3864 doctoribus
2218 3798 2441 3884 procul
2478 3798 2673 3864 dubio
2712 3797 2986 3863 Probus-

589 3907 794 3991 Asper
817 3906 891 3988 ²),
956 3908 1060 3971 cui
1108 3912 1322 3972 tamen
1369 3927 1493 3972 non
1543 3906 1941 3993 adsignanda
1991 3906 2246 3972 videtur
2290 3906 2739 3992 interpretatio
2788 3906 2986 3970 tertia

659 4136 712 4196 1)
761 4133 943 4183 Hocien
988 4135 1135 4184 etiam
1175 4135 1582 4184 wesenerus
1617 4134 1801 4194 volunt
1837 4151 1945 4184 οιιιιι
1985 4135 2035 4183 ἰιι
2072 4133 2195 4184 libro
2230 4133 2289 4182 de
2326 4135 2460 4183 Aem.
2501 4138 2653 4197 Aspro
2692 4149 2738 4197 p.
2778 4133 2839 4181 18
2874 4131 2995 4182 scri-

587 4215 748 4266 beret:
784 4217 836 4264 fu
841 4232 863 4264 ι·
898 4216 974 4265 die
1011 4217 1203 4265 Zwecke
1239 4217 1320 4266 des
1355 4217 1554 4267 Unterri
1559 4218 1703 4266 ohta?

655 4299 711 4362 2)
758 4297 836 4346 Sic
886 4298 1068 4348 fontem
1121 4298 1303 4349 Donati
1357 4299 1486 4349 nomi
1491 4316 1567 4358 no,
1613 4315 1756 4363 quem
1794 4298 2161 4348 Wassneru
2133 4314 2203 4347 ιιι
2252 4297 2323 4346 l..1
2358 4314 2404 4363 p.
2442 4299 2507 4347 28
2544 4297 2671 4347 hunc
2703 4297 2754 4346 in
2790 4296 2989 4346 modum

589 4379 1433 4444 descrn’i1sit·.Sogcwinnenwir
1480 4382 1558 4430 die
1607 4381 1759 4431 Reiho
1798 4380 2345 4445 Probus—Asper
2319 4379 2583 4428 cr-oD
2604 4383 2838 4438 natus,
2870 4379 2923 4426 d.
2936 4378 2991 4428 h.

591 4467 662 4510 Do
667 4467 747 4511 nat
786 4463 904 4510 benu
911 4467 978 4510 ιιι
1015 4465 1079 4510 Aa
1058 4479 1110 4526 sp
1113 4479 1181 4524 cr,
1215 4465 1337 4528 Aspe
1311 4480 1364 4512 er
1399 4464 1456 4512 wi
1461 4465 1544 4512 ecd
1519 4473 1654 4514 crum
1696 4464 1853 4512 Probu
1825 4479 1893 4523 ιιι,
1928 4463 2072 4512 comit
2108 4463 2270 4512 Donat
2296 4459 2385 4511 den
2415 4461 2600 4512 Probus
2630 4461 2778 4511 durch
2810 4465 2991 4527 Aspera
