3246 5085
636 298 774 368 280
1679 315 1994 368 nom-rus.

636 485 739 552 Ex
782 485 1057 552 Andriae
1102 485 1343 553 scholio
1390 490 1657 572 apparet
1709 486 1930 572 bigam
1972 504 2095 564 „ex
2133 484 2412 570 cupitis”
2457 503 2592 552 esse
2627 482 3050 572 gaudium

636 598 705 660 et
750 613 1010 680 spem,
1057 613 1220 680 quae
1268 591 1430 660 Don.
1478 592 1559 660 ad
1602 593 1775 658 hunc
1820 612 2082 658 versum
2122 593 2453 658 nominare
2501 589 2878 678 supersedit.

636 698 851 766 Schol.
913 700 1010 783 (7)
1070 701 1467 787 excogitavit
1527 699 1778 776 Editor,
1827 693 1906 765 ne
1954 696 2282 764 Donatum
2331 697 2544 764 solum
2589 694 3050 784 philosophari

636 812 965 894 pateretur
1006 809 1075 873 in
1121 806 1241 889 (5).
1290 805 1605 875 Genuinis
1650 808 1862 893 igitur
1904 825 2022 872 sua
2067 806 2407 872 subiunxit
2454 803 2553 887 (6)
2597 810 2664 871 et
2708 801 2829 885 (7).

727 911 889 978 Ibid.
941 911 1027 979 10
1096 911 1299 981 Cuius
1346 919 1421 979 tu
1466 911 1664 978 fidem
1709 914 1778 977 in
1823 915 2093 999 pecunia
2141 914 2535 998 perspexeris

728 1017 827 1098 (5)
887 1017 1031 1085 Non
1088 1018 1525 1106 „inspexeris”
1586 1017 1693 1084 sed
1748 1019 2228 1105 „perspexeris”
2280 1018 2451 1106 quod
2498 1017 2646 1105 plus
2694 1021 2791 1082 est
2839 1015 3040 1081 dixit.

730 1123 927 1204 Quasi
968 1123 1135 1191 illud
1182 1125 1247 1191 h.
1271 1124 1316 1192 l.
1366 1124 1699 1191 ferendum
1745 1126 1978 1192 fuerat.

727 1231 892 1297 Ibid.
947 1230 1029 1297 12
1096 1231 1281 1299 Hanc
1331 1253 1592 1318 operam
1644 1232 1764 1297 tibi
1813 1232 1953 1299 dico

728 1336 826 1419 (3)
870 1339 1033 1404 Plus
1076 1344 1173 1405 est
1222 1338 1448 1418 „dico”
1496 1359 1694 1425 quam
1744 1338 1949 1418 „do”:
1998 1337 2336 1406 dicatur
2385 1343 2730 1425 perpetuo,
2777 1335 3045 1402 datur

637 1443 717 1510 ad
763 1451 1042 1532 tempus.

728 1550 908 1618 Sitne
952 1551 1075 1618 hoc
1113 1550 1350 1618 Donati
1388 1551 1612 1618 dubito
1652 1556 1914 1639 propter
1951 1550 2272 1619 scholium
2307 1551 2468 1620 Dan.
2512 1551 2593 1618 ad
2631 1552 2788 1616 Aen.
2828 1548 2860 1614 I
2907 1547 3038 1615 ¹73:

634 1655 771 1722 Alii
818 1658 1126 1736 „dicabo”
1174 1658 1339 1725 dabo
1385 1660 1728 1746 accipiunt.
1779 1657 2147 1725 Terentius:
2191 1661 2369 1737 „iam
2407 1658 2571 1726 hanc
2605 1677 2862 1742 operam
2901 1655 3040 1721 tibi

637 1762 842 1842 dico'’‚
888 1764 957 1830 id
1004 1771 1103 1831 est
1149 1763 1254 1831 do.

724 1868 888 1937 Ibid.
931 1869 1014 1936 13
1060 1869 1244 1937 Senis
1276 1873 1500 1950 nostri,
1540 1871 1741 1950 Dave,
1767 1872 2030 1938 fratrem
2057 1873 2368 1938 maiorem
2391 1869 2736 1940 Chremem
2761 1866 3033 1934 nostin?

1056 1976 1115 2042 D
1133 1998 1189 2044 a.
1240 1976 1518 2060 Quidni?

726 2082 823 2164 (2)
870 2084 1122 2150 Mirum
1168 2085 1622 2172 compendium
1660 2087 2041 2152 narrationis
2080 2087 2266 2172 qnasi
2301 2105 2416 2171 per
2450 2083 3031 2171 interrogationem

634 2191 822 2270 fecit,
870 2213 951 2257 ne
998 2212 1078 2257 ex
1125 2190 1255 2258 alto
1301 2197 1636 2278 repeteret.
1683 2191 1788 2258 Sic
1828 2190 2158 2280 Vergilius
2197 2191 2427 2270 „fando
2464 2189 2724 2277 aliquod
2763 2191 2818 2254 si
2856 2188 3032 2253 forte

642 2302 787 2362 tuas
836 2300 1132 2383 pervenit
1177 2298 1258 2364 ad
1304 2299 1532 2364 aures”
1582 2320 1639 2364 e.
1664 2318 1726 2383 q.
1753 2319 1804 2363 s.
1853 2297 1943 2378 (II
1990 2297 2127 2379 81),
2177 2305 2244 2364 et
2290 2300 2548 2378 „nostin
2593 2297 2777 2375 hanc,
2825 2313 3032 2382 quam

633 2409 812 2468 amat
868 2403 1064 2470 frater
1078 2401 1145 2469 ?’'
1205 2407 1274 2470 in
1336 2403 1650 2470 Eunucho
1711 2403 1832 2485 (111
1881 2403 1942 2472 5.
1973 2403 2107 2485 15).
2246 2404 2472 2470 Editor
2530 2405 2652 2470 hoc
2716 2401 3032 2488 ampullis

631 2511 727 2576 ita
786 2512 1151 2578 exornavit:
1215 2511 1311 2592 (1)
1374 2507 1657 2579 Dicendo
1720 2511 1972 2590 „senis”
2033 2511 2311 2579 ostendit
2340 2511 2389 2593 ¹)
2436 2516 2503 2578 et
2549 2508 3028 2577 adulescentem

630 2636 699 2683 se
746 2614 1084 2682 dominum
1130 2617 1395 2696 habere,
1444 2617 1711 2684 dicendo
1761 2618 2051 2697 „nostri”
2102 2618 2380 2685 ostendit
2425 2638 2562 2685 esse
2607 2623 2676 2684 et
2711 2615 3025 2695 alienum,

630 2721 894 2789 dicendo
936 2724 1285 2801 „fratrem”
1325 2746 1450 2789 non
1489 2746 1696 2790 unum
1736 2746 1870 2791 csse
1897 2728 2304 2803 monstravit,
2329 2724 2593 2791 dicendo
2619 2723 3026 2803 „maiorem”

629 2831 827 2895 etiam
883 2832 1149 2896 minoris
1195 2830 1349 2896 facit
1392 2830 1708 2897 indicium
1755 2831 1898 2911 (NB
1946 2834 2158 2897 minor
2202 2830 2312 2898 ille
2359 2838 2456 2897 est
2499 2830 2859 2917 Demipho,
2905 2832 3028 2915 qui

628 2938 698 3001 in
736 2935 954 3003 fabula
990 2935 1344 3004 identidem
1384 2943 1711 3025 comparet
1731 2935 1796 3019 Ῑ).
1843 2938 1950 3005 Sic
1989 2942 2361 3026 argumenti
2385 2943 2636 3025 partem
2661 2939 3026 3003 maximam

626 3041 914 3108 nondum
958 3063 1219 3108 narrans
1260 3044 1327 3107 in
1368 3046 1509 3129 ipsa
1545 3046 2047 3130 interrogatione
2085 3047 2402 3131 transegit
2433 3043 2538 3124 (cf.
2578 3040 2793 3125 Don.).
2837 3041 3024 3109 Haec

626 3156 848 3216 autem
890 3151 1106 3215 omnia
1141 3155 1399 3235 propter
1437 3148 1752 3237 populum
1779 3146 1830 3231 ²)
1866 3152 1958 3217 sic
1997 3156 2315 3238 aguntum
2352 3149 2494 3216 ideo
2517 3148 2631 3216 ille
2660 3148 2929 3236 „quidni
2941 3145 3019 3213 P’

628 3254 819 3332 dicit,
896 3276 976 3321 ne
1049 3257 1139 3321 sit
1210 3275 1371 3341 opus
1442 3254 1742 3342 pluribus
1815 3256 2048 3323 verbis.
2201 3257 2364 3323 Ecce
2431 3277 2594 3344 quae
2660 3254 3022 3322 secundum
3111 3250 3120 3257 ’

627 3359 1157 3448 Interpolatorem
1223 3364 1425 3428 insint
1492 3365 1560 3428 in
1576 3366 1595 3379 ⁶
1633 3382 1706 3429 co
1761 3361 1931 3449 quod
1974 3360 2263 3430 Donatus
2310 3362 2663 3452 appellavit
2727 3363 3020 3440 „mirum

626 3465 1151 3554 compendium''1
1220 3546 1230 3559 ·

716 3573 880 3641 Ibid.
932 3573 1015 3640 19
1083 3574 1169 3641 Et
1212 3580 1540 3661 supererat
1585 3574 1684 3656 (3)
1728 3575 1887 3642 Plus
1933 3581 2032 3642 est
2077 3596 2521 3663 superesse
2571 3596 2764 3662 quem
2813 3594 3014 3641 esse.

715 3680 859 3759 Ed„
907 3684 982 3746 ut
1029 3680 1114 3748 57
1140 3679 1235 3762 (2)
1281 3680 1440 3746 Plus
1488 3687 1586 3746 est
1635 3685 1780 3761 „vis
1826 3682 2019 3748 boni”
2071 3703 2266 3769 quam
2311 3682 2576 3749 bonum.

713 3786 875 3853 Ibid.
925 3787 1015 3854 20
1083 3787 1385 3853 Desinas:
1435 3790 1528 3854 sic
1574 3795 1672 3855 est
1715 3792 2055 3877 ing-eninm
2103 3790 2580 3876 (Demiphonis)

715 3892 880 3959 Don.
925 3895 1023 3976 (1)
1068 3894 1246 3961 Bona
1291 3897 1688 3982 praeparatio
1734 3917 1861 3982 qua
1906 3902 1970 3963 et
2017 3897 2197 3963 dives
2243 3902 2309 3964 et
2351 3918 2586 3964 avarus
2629 3894 3020 3963 describitur

623 3998 942 4086 Demipho
961 4049 979 4081 ,
1042 4009 1117 4068 ut
1161 4001 1486 4069 indotatas
1532 4005 1793 4089 nuptias
1839 4002 1958 4068 filii
2003 4004 2168 4070 ferre
2211 4025 2339 4071 non
2384 4006 2607 4089 possit.
2745 4001 2866 4068 Ed.
2915 4002 3018 4085 (2)

694 4292 747 4355 1)
788 4291 1061 4343 ‚Dicendo”
1096 4300 1146 4345 et
1184 4293 1458 4346 ‚ostendit'’
1494 4296 1547 4347 in
1584 4296 1671 4347 Ed.
1703 4296 1901 4348 scholiis
1933 4312 2072 4363 nepe
2106 4296 2326 4347 redeunt.

694 4375 750 4439 Β)
796 4375 869 4425 Cf.
903 4390 1049 4441 snpra
1081 4392 1128 4442 p.
1162 4376 1260 4430 287
1300 4378 1356 4428 ad
1390 4377 1511 4429 Eun.
1550 4379 1591 4427 V
1629 4378 1762 4429 419
1795 4377 1847 4429 in
1881 4380 1992 4441 tine,
2026 4377 2106 4429 nbi
2142 4378 2506 4446 distinguuntur
2550 4381 2879 4447 spectato
2899 4394 3013 4433 rea

624 4462 673 4509 et
706 4474 732 4509 e
750 4472 775 4510 1·
794 4474 826 4508 u
844 4459 873 4507 d
892 4457 995 4507 iti.
