3246 5085
1242 339 1553 390 nonnus.
2331 272 2336 276 ¹
2474 321 2608 390 319

302 508 467 575 Ibid.
518 505 604 574 27
676 506 749 572 Si
793 505 860 574 id
907 511 1007 572 est
1050 511 1387 592 peccatum
1406 557 1423 586 ,
1473 512 1812 594 peccatum
1857 507 2295 595 imprudentia
2338 514 2435 575 cst

309 615 407 695 (2)
468 613 690 679 Primo
750 619 949 700 negat
1008 619 1344 699 peccatum
1364 661 1381 692 ,
1444 613 1675 679 dehinc
1719 613 2009 680 concedit
2057 619 2121 680 ct
2165 613 2428 701 purgat.

209 721 317 802 (4)
380 723 622 801 Πλοκῆ,
684 742 836 787 nam
884 722 1180 806 superius
1230 721 1652 808 „peccatum”
1702 743 1933 787 nomen
1980 730 2111 802 est,
2161 743 2428 809 sequens
2472 744 2613 809 par-

206 829 535 915 ticipium.
673 826 771 909 (5)
834 826 921 892 Et
980 830 1188 914 primo
1242 834 1438 915 negat
1486 835 1854 914 peccatum,
1904 828 2130 894 deinde
2175 831 2231 894 si
2277 837 2612 916 peccatum

209 942 348 1015 est,
396 940 636 1022 purgat
678 933 748 1000 id
786 937 1003 1021 ipsum
1045 934 1287 1002 veniali
1324 933 1635 1020 qualitate
1673 937 1753 1002 ab
1787 935 2264 1022 imprudentiae
2300 937 2609 1022 partibus.

304 1042 468 1109 Ibid.
511 1041 594 1106 41
664 1039 941 1108 Nullum
982 1047 1079 1108 est
1116 1044 1251 1108 iam
1289 1041 1537 1109 dictum
1578 1043 1750 1128 quod
1791 1065 1916 1109 non
1957 1042 2205 1108 dictum
2245 1045 2334 1109 sit
2371 1045 2552 1130 prius

309 1157 555 1230 Σχῆμα
601 1147 830 1228 λόγου·
878 1150 1119 1228 tzanni,
1182 1170 1331 1215 nam
1396 1148 1753 1227 „dictum'’,
1815 1150 1914 1215 bis
1971 1152 2262 1237 positum
2310 1155 2387 1216 ut
2431 1171 2616 1236 supe-

208 1259 353 1322 rius
404 1257 823 1343 „peccatum”
874 1260 997 1336 (vs.
1048 1254 1185 1338 27),
1232 1256 1485 1324 diversa
1530 1255 1872 1344 significat.

306 1363 383 1428 In
452 1384 545 1429 vs.
596 1363 637 1429 6
709 1363 1040 1441 „dictum”
1107 1369 1173 1429 et
1234 1364 1302 1428 in
1364 1384 1459 1430 vs.
1508 1361 1595 1430 27
1660 1364 2078 1449 „peccatum”
2146 1369 2420 1450 utroque
2478 1362 2618 1429 loco

208 1471 555 1556 participia
614 1474 784 1536 sunt.
854 1469 1100 1557 Figura
1162 1470 1363 1544 πλοκή
1431 1469 1601 1534 cadit
1662 1475 1918 1535 tantum
1977 1471 2044 1534 in
2112 1468 2447 1548 „dictum”
2516 1469 2614 1535 bis

216 1575 471 1642 diverse
537 1577 827 1662 positum
890 1597 987 1641 vs.
1055 1573 1165 1655 41,
1236 1582 1313 1640 ut
1374 1581 1547 1643 recte
1610 1576 1986 1642 observavit
2037 1575 2368 1654 Donatus,
2432 1577 2618 1642 cuius

212 1683 416 1750 verba
463 1687 582 1760 „nt
626 1684 923 1768 superius
971 1683 1389 1768 „peccatum”
1418 1681 1456 1708 '⁹
1506 1703 1634 1748 non
1683 1684 2006 1768 pertinent
2049 1683 2131 1748 ad
2177 1703 2444 1769 sequens
2488 1682 2620 1762 „di-

213 1808 404 1857 versa
460 1787 847 1875 significat'’,
910 1787 1021 1854 sed
1084 1789 1163 1853 ad
1212 1787 1591 1875 praecedens
1642 1789 1783 1867 „bis
1832 1789 2186 1874 positum”.
2281 1788 2616 1854 Habemus

211 1899 427 1984 igitur
487 1900 615 1962 tres
674 1897 813 1961 eius
871 1897 1304 1962 imitationes:
1375 1894 1415 1960 6
1442 1895 1539 1978 (2)
1605 1901 1671 1962 et
1733 1894 1832 1977 (3)
1879 1903 1944 1961 et
1990 1893 2075 1962 27
2102 1895 2218 1977 (4),
2287 1916 2323 1961 e
2371 1897 2608 1981 quibus

214 2006 582 2090 postremae
640 2001 803 2067 duae
865 2000 1181 2068 debentur
1241 2002 1505 2068 fortasse
1552 2003 1668 2066 uni
1713 2002 2028 2068 imitatori
2075 2003 2232 2066 satis
2278 2003 2615 2089 imperito,

218 2111 337 2196 qui
380 2107 753 2194 exemplum
800 2107 1049 2174 addidit
1096 2129 1177 2174 ex
1214 2107 1955 2175 Heautontimorumeno
1995 2129 2258 2194 prorsus
2293 2110 2614 2195 ineptum.

218 2214 436 2282 Schol.
487 2214 527 2280 6
569 2215 667 2297 (2)
726 2219 1051 2281 auctorem
1098 2217 1198 2280 sui
1248 2213 1579 2281 Editorem
1627 2215 1839 2301 prodit
1884 2213 2322 2281 additamento
2369 2221 2619 2301 etymo-

218 2322 437 2410 log-Ico
455 2370 472 2400 ,
521 2319 739 2406 qualia
785 2323 846 2387 ci
891 2324 962 2386 in
1006 2318 1253 2386 deliciis
1300 2341 1435 2387 esse
1476 2342 1664 2407 saepe
1704 2321 1990 2387 vidimus
2007 2370 2024 2400 ,
2065 2320 2364 2408 idemque
2402 2326 2618 2387 contra

218 2428 342 2510 (3),
388 2450 513 2495 non
558 2429 739 2513 prius
784 2427 895 2493 sed
940 2429 1259 2513 posterius
1310 2427 1643 2506 „dictum”
1694 2450 1924 2495 nomen
1971 2450 2106 2495 esse
2154 2431 2428 2515 scripsit.

314 2533 574 2602 Scholia
632 2533 711 2601 ad
772 2556 867 2601 vs.
926 2532 1011 2600 27
1054 2533 1153 2617 (2)
1217 2539 1283 2605 et
1343 2533 1440 2616 (5)
1503 2535 1821 2603 rhetorica
1883 2544 2034 2602 sunt
2102 2535 2179 2602 de
2242 2535 2616 2621 quaestione

218 2663 385 2729 quae
446 2645 514 2707 in
566 2642 667 2707 his
713 2641 1005 2707 versibus
1049 2639 1283 2720 lateat,
1334 2661 1530 2727 quam
1577 2643 1904 2708 uberrime
1952 2646 2256 2709 tractavit
2316 2643 2620 2730 Eugra—

217 2749 475 2836 phius
536 2747 617 2814 ad
677 2769 772 2813 vs.
825 2745 931 2813 19.
1000 2746 1337 2813 Eiusmodi
1399 2747 1644 2814 scholia
1703 2750 2022 2816 rhetorica
2061 2772 2099 2816 a
2146 2749 2396 2815 Donato
2441 2751 2616 2816 abiu—

220 2855 489 2922 dicanda
556 2876 693 2921 esse
755 2853 1193 2925 demonstravi
1252 2856 1321 2918 in
1384 2854 1631 2920 Mnem.
1694 2854 1985 2921 XXXIII
2046 2878 2110 2942 p.
2181 2853 2308 2920 125
2350 2877 2486 2942 sqq.
2551 2861 2617 2921 et

214 2986 283 3051 p.
334 2961 469 3027 229
492 2983 627 3048 sqq.
692 2998 778 3011 —-
841 2959 1143 3027 Alterum
1205 2967 1425 3027 autem
1471 2960 1569 3043 (2)
1616 2960 1886 3028 alterius
1933 2962 2031 3043 (5)
2075 2968 2449 3048 excerptum
2494 2967 2618 3028 est.

216 3070 319 3136 Ex
356 3069 459 3134 his
496 3070 703 3155 igitur
740 3065 1001 3133 scholiis
1037 3067 1283 3133 Donato
1315 3067 1704 3154 relinquitur
1745 3074 2000 3135 tantum
2037 3069 2106 3135 id
2151 3070 2322 3155 quod
2365 3067 2614 3159 legitur

220 3177 305 3243 ad
344 3197 439 3241 vs.
480 3175 589 3241 41.
652 3173 887 3241 Sabb.
939 3195 1194 3241 mecum
1242 3177 1612 3262 proscripsit
1663 3173 1702 3239 6
1728 3175 1824 3257 (2)
1863 3181 1931 3241 et
1967 3175 2065 3258 (3)
2104 3181 2170 3242 ct
2207 3174 2295 3244 27
2322 3174 2439 3257 (2),
2481 3196 2608 3241 non
2723 3223 2730 3235 .

223 3281 312 3350 27
338 3281 437 3364 (4)
483 3288 547 3349 et
594 3279 711 3364 (5).

315 3494 347 3563 Ι
409 3495 471 3563 2.
500 3495 587 3563 24
676 3494 750 3562 Si
811 3494 1052 3561 falsum
1113 3500 1228 3561 aut
1285 3514 1529 3563 vanum
1576 3501 1692 3561 aut
1736 3495 1963 3563 fictum
2009 3502 2107 3563 est
2153 3499 2457 3565 continuo
2503 3519 2616 3585 pa·

220 3600 357 3670 Iam
404 3610 503 3669 est

264 3711 413 3793 -(I)
461 3706 811 3789 „Falsum”
864 3712 962 3773 est
1007 3728 1133 3794 quo
1177 3709 1430 3795 teg-itur
1474 3707 1542 3774 id
1588 3709 1761 3795 quod
1808 3710 2054 3778 factum
2101 3718 2232 3791 est,
2283 3710 2614 3791 „vanum”

221 3824 322 3883 est
368 3815 539 3903 quod
584 3815 724 3882 fieri
765 3836 889 3881 non
927 3820 1173 3901 potest,
1220 3813 1530 3895 „fictum”
1572 3817 1744 3902 quod
1779 3818 2022 3885 sactum
2064 3840 2192 3885 non
2233 3825 2334 3885 est
2373 3825 2440 3885 ct
2479 3818 2618 3884 ficri

226 3924 463 4010 potuit.

316 4028 424 4096 Sic
469 4030 629 4095 scite
675 4027 987 4096 Donatus.
1037 4027 1201 4094 Dein
1250 4035 1611 4114 sequuntur
1655 4029 1844 4095 haec:

314 4135 415 4217 (2)
458 4133 577 4201 Vel
627 4132 950 4215 „falsum”
999 4140 1099 4201 est
1143 4135 1371 4201 fictum
1416 4134 1823 4203 mendacium
1865 4133 2080 4203 simile
2120 4138 2418 4218 veritati,
2462 4157 2622 4218 „va-

223 4240 429 4309 num”
494 4262 610 4307 nec
672 4240 975 4328 possibile
1034 4262 1151 4307 nec
1206 4240 1594 4322 verisimile,
1662 4242 1971 4320 „’'fictum
2024 4249 2235 4309 totum
2283 4247 2419 4311 sine
2464 4267 2618 4313 vero

220 4348 334 4414 sed
391 4346 766 4414 verisimile.
912 4346 1093 4429 (3),
1092 4344 1428 4426 ,''Falsum
1487 4347 1668 4434 loqui
1727 4348 2048 4416 mendacis
2110 4358 2234 4429 est,
2305 4351 2613 4434 „fictum”

222 4452 479 4535 callidi,
531 4452 860 4534 „vanum”
912 4451 1119 4520 stulti.
1259 4452 1357 4536 (4)
1405 4452 1753 4534 ‚,''Falsum
1800 4453 1980 4542 loqui
2017 4454 2242 4543 culpae
2283 4462 2412 4537 est,
2466 4457 2620 4537 ‚,·fic
