3246 5085
1301 355 1594 411 monus.
2500 339 2637 412 25¹7

343 523 452 604 45,
481 525 523 590 8
569 563 650 590 =
697 525 901 592 Bokk.
947 525 1182 592 Anecd.
1226 525 1378 606 361,
1405 525 1518 592 28.
1559 565 1646 576 -
1678 525 2139 604 nirdam-nc·
2182 527 2506 608 συβώτης,
2559 553 2645 594 νο-

249 632 430 707 μεύς.
480 630 771 699 Conferri
815 632 1222 720 Hesychium
1267 633 1450 698 iubet
1496 633 1964 713 Reitzenstein,
2016 634 2131 700 ubi
2176 655 2339 719 quae
2386 641 2640 700 extant:

253 738 613 816 αἷγύπτης·
677 739 921 817 σίντης,
970 739 1436 815 οἷσκαλαβώτης
1484 738 1627 805 vel:
1688 739 1715 804 δ
1762 739 2108 818 καλοβότης
2150 739 2352 807 nihilo
2391 741 2645 808 facilius

253 843 742 931 intelleguntur.
790 845 914 911 Sed
961 847 1255 911 veritatis
1301 866 1520 911 omnes
1567 869 1870 913 numeros
1915 847 2107 913 habet
2155 846 2322 933 quod
2368 847 2460 913 ibi
2507 869 2647 934 pro-

251 953 470 1036 posuit
531 951 626 1017 M.
675 951 1000 1018 Schmidt:
1053 953 1495 1031 αἷσυῆτης,
1546 955 1659 1038 qui
1704 956 2035 1040 sequentia
2080 955 2147 1018 in
2197 975 2402 1019 unum
2453 954 2645 1031 βότης

253 1060 605 1138 contraxit,
676 1061 812 1125 sive
882 1066 1085 1139 recte,
1157 1061 1293 1125 sive
1365 1059 1544 1125 aliud
1611 1059 1749 1126 illie
1817 1060 1997 1127 latet.
2080 1060 2271 1146 Apud
2334 1061 2647 1127 Photium

262 1189 307 1228 a
324 1166 342 1231 ἶ
361 1190 398 1229 σ
415 1191 448 1231 υ
466 1169 500 1242 ἦ
520 1191 556 1230 τ
576 1191 608 1240 n
631 1191 660 1240 ς
681 1187 695 1205 ·
738 1168 1021 1245 συβώτης
1038 1216 1054 1246 ,
1095 1165 1311 1243 νομεύς
1354 1169 1508 1252 quin
1549 1169 1635 1231 sit
1676 1167 2080 1234 scribendum
2108 1190 2232 1236 non
2256 1179 2352 1233 est
2375 1167 2645 1234 dubium

258 1278 452 1352 (ern
481 1310 563 1322 -
593 1279 806 1352 rm).

353 1479 461 1556 47,
488 1476 571 1542 21
624 1499 704 1527 =
753 1475 955 1544 Bekk.
1005 1477 1238 1544 Anecd.
1291 1475 1443 1557 363,
1474 1477 1580 1544 10.
1646 1515 1729 1527 -
1793 1478 2087 1560 ἀΐδρυτα·
2152 1479 2238 1543 τὰ
2302 1476 2498 1556 κακοὶ,
2566 1478 2649 1544 τὰ

253 1584 623 1662 κατάρατοι.

353 1688 644 1758 Conferri
688 1691 870 1756 iubet
917 1691 1348 1759 Reitzenstein
1392 1692 1614 1780 Etym.
1667 1691 1764 1757 M.
1813 1690 1922 1770 42,
1952 1690 2072 1756 10:
2136 1689 2420 1771 ἄΐδρυτον
2467 1689 2653 1756 κακόν

259 1799 332 1863 τὸ
381 1796 754 1876 κατάρατον,
805 1796 915 1863 sed
955 1804 1123 1863 tacet
1162 1798 1239 1864 de
1278 1799 1642 1886 Hesychi0‚
1691 1801 1804 1884 qui
1842 1799 1998 1864 haec
2038 1797 2334 1884 praebet:
2375 1797 2655 1874 ἀΐδρυτον

261 1903 484 1968 κακόν·
537 1911 830 1982 Κρατῖνος
881 1904 1188 1985 Σεριφίοις
1235 1905 1341 1986 (fr.
1392 1904 1588 1986 209)·
1642 1906 1896 1970 οἰκοῦσιν
1941 1903 2319 1984 Φεύγοντες,
2378 1903 2656 1983 ammon

269 2011 458 2076 κακὸν
507 2010 746 2083 ἄλλοις.

364 2213 474 2296 47,
501 2215 610 2282 23.
677 2254 762 2266 -
819 2214 1036 2288 ’Aleos
1086 2213 1285 2287 κυνέη.
1334 2213 1748 2280 ἀθάνατόν
1787 2241 1846 2280 τι
1900 2214 2082 2296 νέφος
2133 2216 2261 2282 κτὲ.
2335 2216 2657 2296 Quoniam

265 2345 420 2389 mox
472 2324 765 2409 sequitur
812 2320 1012 2388 altera
1055 2321 1344 2388 eiusdem
1389 2320 1643 2408 glossae
1688 2320 2065 2407 explicatio,
2114 2321 2470 2390 simillimis
2518 2345 2658 2389 ver-

265 2429 366 2495 bis
414 2449 740 2516 expressa,
792 2429 977 2493 cuius
1021 2429 1285 2492 initium
1335 2433 1462 2492 est:
1515 2422 1630 2491 οἷον
1676 2427 1908 2507 νεφέλη
1954 2429 2313 2508 ἀφανής,
2356 2431 2549 2495 etiam
2590 2433 2658 2496 in

196 2561 205 2571 ·
262 2537 475 2623 priore
539 2533 754 2601 simile
815 2534 972 2622 quid
1033 2537 1275 2621 requiri
1339 2539 1546 2621 patet;
1596 2537 1817 2622 itaque
1863 2537 2104 2601 conieci
2151 2534 2500 2615 ἀόρατον
2546 2545 2659 2604 aut

263 2641 676 2723 ἄφαντον,
749 2642 858 2707 sed
927 2663 1079 2707 vero
1149 2644 1346 2708 etiam
1410 2642 1691 2708 similius
1754 2662 1889 2708 esse
1952 2642 2297 2707 ἀθέατον
2361 2645 2659 2709 observat

261 2750 496 2828 Naber,
543 2752 650 2815 cui
692 2748 971 2815 libenter
1015 2749 1305 2815 concede.
1354 2748 1494 2815 Hoc
1539 2752 1748 2836 igitur
1792 2751 2193 2815 restituatur.

363 2966 471 3047 50,
503 2966 606 3033 15.
651 2966 979 3034 αἶκοὶλλειν
1021 3015 1034 3033 .
1066 3016 1081 3033 .
1111 3017 1126 3033 .
1159 3017 1174 3033 .
1214 2966 1400 3041 οὕτως
1443 2978 1555 3035 Πλ
1577 2966 1673 3033 ατ
1694 2994 1735 3033 ω
1756 2993 1803 3034 ν.
1846 2968 2164 3049 Quoniam
2192 2968 2361 3055 apud
2385 2966 2654 3035 Suidam

269 3074 531 3141 affertur
571 3074 1001 3157 Arictophanis
1040 3096 1262 3140 versus
1302 3073 1558 3140 Thesm.
1602 3072 1758 3153 869,
1800 3074 1905 3139 hic
1944 3094 2197 3160 quoque
2232 3073 2411 3139 illius
2438 3082 2660 3161 poetae

268 3203 502 3248 nomen
549 3181 954 3248 scribendum
1001 3182 1197 3246 fuisse
1243 3187 1342 3247 est
1390 3181 1558 3267 quod
1605 3183 1967 3267 suspiceris.

365 3401 473 3481 52,
499 3400 608 3468 22.
663 3438 748 3451 -
798 3403 1028 3467 αῖονοῖν.
1079 3409 1476 3467 καταντλεῖν.
1526 3402 1629 3469 καὶ
1681 3400 1751 3467 τὸ
1801 3390 2195 3482 κατέχειν
2244 3403 2276 3478 ἢ
2329 3405 2545 3470 λούειν.

363 3504 600 3587 „wohl
647 3507 991 3588 καταχέειν
1037 3506 1186 3572 oder
1236 3556 1295 3573 ..
1325 3504 1385 3571 .’'
1437 3508 1893 3575 Reitzenstein.
1943 3509 2205 3575 Poterat
2244 3510 2665 3576 confidentius

263 3614 482 3699 loqui,
525 3635 674 3680 nam
721 3621 1140 3693 καταχεῖν
1180 3616 1298 3694 (sic
1335 3615 1769 3692 scribendum)
1809 3617 1965 3701 quin
2007 3637 2231 3681 verum
2272 3619 2355 3681 sit
2395 3620 2662 3682 minime

267 3722 565 3787 dubium.
627 3720 875 3787 Iudicat
935 3720 1146 3786 Naber
1205 3718 1488 3786 similem
1544 3742 1823 3788 errorem
1894 3722 2126 3787 Anecd.
2186 3722 2387 3787 Bekk.
2438 3722 2547 3799 20,
2576 3720 2660 3787 23

269 3830 722 3905 commissum,
775 3828 886 3893 ubi
937 3810 1229 3907 ἄρυταὶνῃ
1276 3826 1675 3894 balneatores
1724 3832 1825 3893 uti
1871 3828 2175 3893 dicuntur
2213 3828 2360 3905 πρὸς
2401 3828 2469 3891 τὸ
2509 3851 2662 3904 παρ-

271 3935 533 4015 έχειν,
601 3936 808 4000 immo
875 3942 1317 4013 παροικεῖν.
1392 3934 1478 3999 Et
1537 3936 1606 3999 in
1652 3934 2001 4021 'Euripidis
2063 3936 2427 4021 fragmento
2492 3935 2660 4020 apud

269 4042 580 4107 Photium
630 4062 680 4107 s.
709 4062 775 4107 v.
825 4042 1004 4105 λίθων
1050 4040 1207 4122 χοαί
1251 4039 1484 4106 allato:

731 4146 985 4221 λευκοὺς
1035 4147 1236 4219 λίθους
1285 4144 1623 4227 ἔχοντες
1675 4148 1976 4226 αὐχοῦσιν
2026 4147 2202 4225 μέγα

267 4252 619 4342 legendum
668 4274 804 4320 esse
850 4252 1193 4333 χέοντες
1236 4252 1454 4319 docuit
1496 4252 1671 4318 idem
1720 4253 2035 4319 Mnemos.
2091 4250 2264 4318 1873
2313 4274 2375 4339 p.
2427 4252 2579 4319 344.

365 4474 474 4555 54,
500 4473 586 4543 2¹7
634 4502 714 4528 =
762 4472 965 4541 Bekk.
1017 4473 1248 4539 Anecd.
1301 4471 1455 4552 358,
1485 4470 1547 4540 ¹7.
1601 4510 1688 4521 -—
1740 4471 2077 4537 Praebendi
2125 4494 2315 4538 sensu
2364 4480 2428 4539 et
2477 4470 2665 4551 αἴρειν

2313 4592 2373 4645 1Ἰ
