3246 5085
598 324 735 392 308
1645 343 1958 394 nonnus.

690 508 745 574 V
792 508 855 575 8.
884 508 971 574 28
1017 507 1143 574 8οᾶ
1192 511 1393 574 transi
1444 508 1628 574 sodes
1672 507 1752 574 ad
1801 509 2016 574 forum
2061 514 2254 594 atque
2297 507 2466 574 illud
2511 509 2674 574 mihi

1012 615 1377 702 Argentum
1424 635 1686 680 rursum
1731 615 1884 680 iube
1931 615 2228 693 rescribi,
2279 615 2607 680 Phormio.

826 721 961 787 Ph.
1009 722 1191 802 Quod
1238 743 1359 809 ego
1407 724 1707 808 rescripsi
1752 743 1940 808 porro
1985 719 2118 787 illis
2163 723 2396 808 quibus
2441 719 2678 788 debui?

690 829 789 909 (l)
830 828 1206 908 „Rescribi”
1246 829 1461 907 reddi,
1504 828 1750 895 scilicet
1788 850 1902 915 per
1931 849 2188 895 mensae
2211 832 2618 916 scripturam.
2713 829 2812 910 (2)
2835 828 3002 909 Quo-

597 938 775 1002 niam
834 935 1428 1001 adnumerationem
1475 938 1782 1022 pecuniae
1829 935 2147 1002 antecedit
2193 939 2661 1022 scriptura,
2709 938 3004 1001 rescri-

598 1043 787 1108 bere
858 1042 1151 1108 dicebant
1219 1064 1335 1128 pro
1406 1044 1920 1108 remuneratione
1939 1090 1957 1121 ,
2029 1047 2095 1107 et
2161 1044 2252 1107 sic
2319 1042 2516 1108 infert
2589 1042 2804 1128 „quod
2874 1063 2998 1128 ego

597 1149 894 1234 rescripsi
953 1169 1139 1234 porro
1190 1147 1327 1214 illis
1384 1149 1619 1234 quibus
1677 1148 1934 1213 debui”.
2005 1147 2182 1214 Haeo
2238 1155 2338 1214 est
2389 1169 2554 1235 ‚ergo
2615 1147 2860 1235 figura,
2925 1150 2994 1212 in

600 1275 729 1340 qua
785 1254 1063 1320 secunda
1114 1253 1192 1320 de
1253 1255 1481 1340 primis
1541 1253 1984 1341 significatum
2043 1259 2332 1320 sumunt.
2469 1253 2568 1336 (3)
2621 1253 2998 1332 „Rescribi”

598 1382 713 1448 per
772 1363 1193 1447 scripturam,
1254 1360 1322 1426 id
1382 1366 1481 1426 est
1544 1360 1619 1427 de
1685 1381 1944 1427 mensae
2003 1363 2323 1448 scriptura
2367 1361 2536 1440 dari3
2585 1361 2757 1426 unde
2801 1360 2998 1426 hodie

603 1467 865 1534 additur
910 1467 1355 1555 chirographis
1404 1467 1641 1546 „domo
1689 1489 1770 1534 ex
1816 1489 1958 1534 arca
2005 1469 2142 1534 sine
2191 1488 2449 1534 mensae
2495 1467 2884 1554 scriptura”.

640 1574 781 1644 ,30
804 1575 903 1658 (1)
968 1574 1193 1655 „Quod
1258 1595 1382 1662 ego
1446 1597 1499 1639 r.
1546 1574 1638 1639 i.”
1701 1596 1816 1661 per
1875 1577 2260 1661 scripturam
2308 1573 2578 1640 reddidi.
2717 1573 2816 1654 (2)
2859 1571 3004 1638 Illis

598 1680 765 1766 dedi,
806 1686 884 1747 ut
921 1681 1094 1767 apud
1131 1679 1496 1768 Vergilium
1540 1680 1843 1759 „deditur
1878 1681 1984 1746 hic
2025 1681 2239 1747 subito
2277 1679 2550 1746 Troiana
2585 1701 2700 1767 per
2736 1681 3004 1768 agmina

603 1788 867 1854 rumor”
918 1787 1064 1869 (VII
1116 1787 1294 1870 144).

694 1893 1115 1960 Illustrantur
1161 1894 1315 1961 haec
1356 1894 1601 1961 scholia
1639 1894 1740 1962 his
1781 1899 2077 1960 veterum
2115 1893 2273 1960 locis
2305 1894 2388 1974 ¹):
2429 1893 2550 1959 Ad.
2591 1892 2654 1958 II
2695 1891 2758 1959 4.
2789 1893 2873 1958 13
2897 1893 3000 1974 (1)

607 2000 791 2088 „Ego
848 2001 928 2067 ad
976 2002 1185 2066 forum
1232 2001 1385 2068 ibo'’
1434 2007 1579 2068 tum
1625 2003 1799 2067 enim
1845 2003 1914 2066 in
1963 2000 2099 2067 foro
2145 2006 2212 2067 et
2254 2000 2334 2066 de
2381 2021 2636 2067 mensae
2681 2003 3004 2086 scriptura

601 2108 709 2190 (cf.
758 2129 952 2194 supra
996 2106 1137 2190 (3))
1183 2110 1395 2195 magis
1444 2128 1638 2193 quam
1687 2129 1766 2173 ex
1813 2127 1958 2173 arca
2003 2107 2320 2193 domoque
2367 2107 2473 2173 vel
2519 2110 2680 2173 cista
2725 2110 3004 2194 pecunia

602 2213 1131 2280 numerabatur”.
1268 2213 1481 2280 801101.
1542 2214 1686 2280 Ter.
1749 2213 1848 2280 ed.
1913 2213 2140 2280 Schlee
2200 2235 2264 2299 p.
2332 2213 2484 2292 139,
2530 2213 2614 2279 14
2675 2213 2757 2279 ad
2819 2215 2886 2279 h.
2915 2213 2998 2279 1.:

608 2319 829 2400 „reddi
890 2341 1006 2406 per
1062 2319 1492 2407 scripturam’'
1635 2319 1741 2386 Ps.
1807 2320 2018 2385 Acron
2081 2319 2160 2386 ad
2205 2319 2367 2397 Hor.
2415 2319 2622 2386 Serm.
2669 2319 2734 2384 11
2781 2319 2846 2385 3.
2877 2318 2998 2386 ¹74:

606 2426 990 2508 „rescribere
1050 2432 1149 2492 est
1212 2430 1389 2492 enim
1448 2426 1740 2493 debitum
1787 2425 2032 2492 solvere
2051 2474 2068 2504 ,
2117 2425 2239 2491 hoc
2285 2432 2381 2492 est
2429 2428 2748 2512 scriptum
2795 2426 3002 2492 debiti

601 2531 894 2600 liberare.
943 2531 1283 2600 Terentius
1333 2581 1394 2613 „.
1423 2583 1437 2599 .
1470 2581 1485 2600 .
1532 2533 1683 2600 iube
1722 2533 2023 2600 rescribi”
2063 2532 2185 2599 hoc
2223 2537 2320 2599 est
2358 2530 2537 2598 reddi
2576 2554 2689 2619 per
2729 2535 3004 2619 scriptu-

602 2639 811 2706 ram'’.
848 2638 1030 2706 Serv,
1072 2638 1151 2705 ad
1192 2640 1349 2706 Aen.
1376 2638 1495 2705 VII
1521 2639 1654 2705 422
1685 2638 2033 2717 „rescribi”
2061 2659 2212 2705 vero
2233 2639 2448 2705 reddi:
2489 2638 2804 2705 Horatius
2829 2638 3000 2720 (l.l.).

694 2745 787 2811 Hi
832 2746 962 2812 loci
1007 2768 1131 2812 nou
1178 2746 1465 2812 multum
1514 2745 1680 2812 lucis
1728 2746 1806 2811 ad
1853 2744 2249 2811 scholiorum
2293 2752 2661 2811 nostrorum
2704 2752 3002 2811 auctores

600 2850 1072 2941 cognoscendos
1118 2853 1409 2918 afferunt.
1460 2851 1554 2918 De
1593 2852 1696 2918 his
1736 2860 1953 2918 autem
1995 2854 2086 2918 sic
2121 2852 2538 2918 iudicandum
2577 2873 2714 2917 esse
2751 2873 3000 2919 censeo.

690 2958 903 3025 Schol.
967 2958 1065 3041 (2)
1128 2962 1509 3026 concinnum
1573 2979 1836 3044 prorsus
1898 2960 2054 3024 satis
2115 2958 2272 3023 facit
2327 2957 2407 3023 ad
2456 2959 2635 3024 verbi
2682 2958 2858 3043 quod
2901 2964 3004 3024 est

606 3065 952 3142 „rescribi”
1015 3068 1255 3131 iustam
1301 3064 1685 3151 plenamque
1731 3063 2258 3151 intelligentiam.
2307 3064 2448 3131 Hoc
2495 3067 2704 3151 igitur
2749 3064 3002 3131 Donato

602 3170 942 3249 debemm,
992 3173 1103 3257 qui
1148 3170 1357 3251 idem,
1409 3177 1482 3237 ut
1528 3177 1722 3258 puto,
1770 3172 2102 3257 praemisit
2139 3191 2219 3235 ex
2257 3169 2388 3251 (1):
2435 3170 2779 3247 „rescribi”
2821 3170 3004 3237 reddi

605 3314 691 3327 —
738 3274 905 3341 nihil
962 3276 1261 3364 amplius.
1332 3278 1663 3344 Praeterea
1724 3280 1920 3343 etiam
1987 3298 2100 3362 pro
2145 3276 2584 3343 additamento
2630 3277 3002 3343 habendum

602 3386 735 3457 est,
784 3381 954 3475 quod
999 3381 1243 3470 legitur
1286 3386 1354 3449 in
1400 3383 1524 3449 fine
1571 3382 1789 3469 schol.¹
1820 3383 1915 3465 (1)
1967 3382 2186 3461 „Haec
2225 3389 2326 3449 est
2362 3403 2518 3469 ergo
2554 3382 2806 3470 figura”
2847 3391 3004 3449 cett.

603 3486 766 3553 Dou.
831 3488 1072 3575 figuras
1134 3492 1479 3576 separatim
1542 3491 1737 3556 refert
1797 3496 1862 3555 et
1919 3488 2231 3555 vocabulo
2295 3488 2538 3557 Graeco
2599 3489 2705 3556 vel
2765 3489 3000 3581 saltem

602 3597 871 3661 certiore
910 3595 1225 3674 formula,
1268 3616 1463 3683 quam
1502 3596 1658 3662 haec
1698 3603 1830 3677 est,
1872 3616 2034 3682 quae
2069 3596 2316 3661 redolet
2337 3595 2621 3662 Editoris
2645 3596 2998 3663 formulam

600 3721 785 3787 saepe
833 3712 1209 3789 usurpatam
1262 3703 1381 3780 „ab
1429 3724 1503 3769 eo
1550 3701 1717 3789 quod
1763 3705 2104 3788 praecedit,
2152 3704 2218 3767 id
2267 3702 2437 3789 quod
2483 3704 2840 3789 sequitur”.

601 3806 815 3873 801101.
856 3808 953 3891 (3)
991 3807 1245 3874 Editori
1283 3810 1529 3888 tribuo,
1570 3811 1685 3894 qui
1723 3829 1824 3874 res
1873 3810 2152 3894 sumpsit
2190 3828 2225 3872 e
2266 3807 2427 3873 Don.
2467 3809 2548 3873 ad
2585 3807 2856 3895 Adelph.
2897 3807 2994 3874 1.1.

600 3913 709 3980 sed
770 3919 907 3981 suis
954 3917 1167 3981 verbis
1214 3936 1319 3982 eas
1365 3918 1688 4001 vestivit.
1793 3914 2003 3981 Schol.
2057 3914 2143 3981 30
2167 3916 2286 3999 (1),
2335 3918 2434 3981 uti
2481 3916 2996 3982 additamentum

602 4019 689 4086 29
714 4021 811 4101 (l)
863 4021 1150 4099 „scilicet
1197 4044 1258 4107 p.
1306 4044 1394 4088 m.
1446 4022 1636 4099 scr.'',
1694 4026 2024 4088 continent
2069 4021 2412 4108 vulgarem
2461 4023 2642 4089 verbi
2690 4021 3006 4088 definitio-

600 4148 780 4204 nem,
821 4133 898 4193 ut
936 4127 1283 4195 ostendunt
1317 4129 1443 4196 loci
1480 4150 1676 4217 supra
1708 4133 1922 4209 citati,
1956 4151 2152 4216 quam
2175 4132 2244 4194 in
2269 4132 2673 4216 marginibus
2696 4130 3002 4195 exhibue-

672 4388 726 4451 1)
774 4385 875 4437 Hos
920 4386 1049 4437 loco·
1090 4390 1256 4453 gratus
1298 4387 1443 4438 debeo
1478 4388 1539 4435 W
1559 4386 1840 4437 essneri
1875 4387 2136 4438 industriae
2173 4387 2221 4437 in
2259 4387 2528 4453 Appeudice
2559 4388 2880 4454 componendo
2917 4389 3004 4437 ad·

604 4467 805 4519 hibitus.
