3246 5085
1288 344 1666 396 rmromoa.
2526 324 2655 393 159

363 510 528 576 Ibid.
589 532 654 595 p.
707 508 901 577 75D:
964 508 1272 590 (ἀνάγκη)
1335 509 1574 582 εἰδότας
1636 509 1765 573 ἀεὶ
1830 507 2277 586 γίγνεσθαι
2345 507 2479 573 καὶ
2528 508 2657 572 ἀεὶ

273 615 408 682 διὰ
471 615 561 693 B!
574 638 652 679 ου
716 612 1042 679 εἰδέναι.
1105 613 1228 681 Sed
1291 614 1701 700 pleonasmus
1750 620 1844 679 est
1888 634 2011 680 non
2060 613 2357 703 ferendus
2402 619 2469 679 et
2514 615 2659 699 quis

271 740 588 807 umquam
651 720 818 785 dixit
877 720 1042 791 εἰδὼς
1106 720 1412 797 γίγνομαι
1480 742 1594 806 pro
1662 720 1880 785 εἰδέναι
1944 717 2263 800 ’ἄρχομαιῗ
2332 720 2651 785 Scribam:

273 826 520 898 εἶδότας
567 825 1200 903 διαγίγνεσθαι,
1264 847 1389 912 quo
1435 826 1603 891 facto
1653 831 1879 910 sponte
1924 825 2172 891 excidet
2217 828 2659 913 interpretatio

274 932 412 999 καὶ
462 932 590 997 ἀεὶ
639 931 769 997 διὰ
817 931 1001 1009 βίου
1049 930 1375 997 εἰδέναι.

363 1149 524 1215 Ibid.
585 1171 648 1235 p.
699 1146 893 1214 80A:
960 1145 1212 1226 πότερόν
1275 1170 1364 1213 σοι
1429 1148 1595 1213 δοκεῖ
1656 1146 1935 1226 ὅμοιον
1998 1150 2083 1228 τῶ
2147 1149 2279 1230 θείῳ
2340 1145 2494 1215 εἶναι
2560 1150 2662 1213 καὶ

272 1258 528 1334 πότερον
597 1256 682 1336 τῷ
754 1256 979 1337 Onna-4⁹³3
1051 1254 1191 1320 Imo
1255 1253 1731 1320 emendandum
1798 1262 1897 1321 est
1960 1256 2452 1337 ὁμοιότερον,
2520 1256 2663 1322 coll.

271 1384 337 1449 p.
392 1360 583 1430 7913:
647 1360 982 1439 ὃμοιότερον
1045 1360 1165 1439 ἄρα
1230 1360 1412 1439 ψυχὴ
1479 1360 1767 1435 σώματός
1818 1361 1907 1431 ἔτι
1956 1362 2041 1439 τῷ
2090 1361 2299 1439 ἀειδεῖ,
2350 1363 2418 1425 τὸ
2470 1363 2531 1426 δὲ
2580 1364 2663 1441 τῶ

269 1470 488 1551 ὁρατῷ.
553 1466 733 1532 Adde
781 1464 938 1531 ‘7921
1003 1473 1068 1531 et
1125 1468 1194 1529 in
1255 1466 1673 1550 sequentibus
1718 1464 2096 1551 planissime
2141 1466 2554 1532 confirmatur
2599 1466 2667 1532 id

271 1573 444 1660 quod
505 1575 696 1638 suasi.
769 1570 1013 1637 Eadem
1075 1572 1308 1657 pagina
1370 1570 1422 1638 O
1485 1570 1645 1636 tolle
1705 1570 1940 1637 inutile
2000 1572 2353 1638 emblema:
2420 1575 2488 1638 τὸ
2554 1572 2667 1647 μὲν

274 1679 488 1762 ὁρατὸν
556 1679 747 1743 αὐτοῦ
813 1676 925 1758 [τὸ
982 1680 1236 1759 σῶμα]
1286 1676 1389 1740 καὶ
1444 1676 1502 1739 ἐν
1552 1677 1745 1756 ὃρατῷ
1797 1677 2067 1753 κείμενον
2118 1674 2145 1743 ὃ
2192 1678 2263 1752 δὴ
2310 1680 2509 1758 νεκρὸν
2556 1701 2666 1741 κα-

279 1788 530 1863 λοῦμεν.
577 1783 716 1850 Iam
763 1780 1234 1848 Herwerdenus
1278 1781 1397 1847 hoc
1442 1780 1628 1847 vidit.

370 1984 536 2052 Ibid.
585 1984 781 2051 80D:
831 1984 1302 2063 διαπεΦύσητοιι
1350 1983 1455 2049 καὶ
1505 1984 1956 2050 ἀπόλωλεν.
2005 1983 2162 2050 Vide
2206 1987 2274 2049 in
2319 1987 2441 2052 hoc
2478 2006 2663 2072 argu·

282 2098 507 2157 mento
575 2090 905 2157 tractando
972 2095 1358 2177 perpetuum
1424 2111 1620 2156 usum
1691 2094 2195 2175 compositorum
2264 2092 2660 2170 διαλύεσθαι,

278 2196 663 2274 διαπίπτειν,
706 2195 1086 2260 διατι-νεῖσθαι
1106 2244 1123 2274 ,
1148 2195 1717 2274 διασκεδάννυσθαι,
1746 2196 2202 2274 διαφυσᾶσθαι,
2228 2196 2657 2262 διαπέτεσθοιι·

277 2306 576 2389 quocirca
621 2307 940 2387 praestare
985 2301 1262 2367 dixerim
1306 2303 1738 2387 compositum
1784 2297 1960 2367 διόλ
1981 2315 2195 2367 ωλεν.

371 2521 534 2589 Ibid.
583 2519 779 2587 89A:
829 2516 895 2586 εὖ
945 2522 1112 2597 ἡμᾶς
1161 2514 1387 2586 ἰάσατο
1433 2520 1536 2585 καὶ
1587 2518 1785 2602 ὥσπερ
1832 2519 2239 2602 πεφευγότας
2288 2521 2390 2589 καὶ
2441 2524 2667 2599 ἧττη·

277 2627 566 2706 μένους
631 2627 1060 2692 ἀνεκαλέσατο
1124 2627 1227 2691 καὶ
1297 2626 1637 2704 προῦτρεψε
1698 2628 1841 2706 πρὸς
1890 2629 1958 2693 τὸ
2007 2627 2391 2707 napinam
2436 2653 2506 2693 τε
2555 2629 2659 2693 καὶ

275 2732 724 2810 ξυσκοπεῒν
787 2735 888 2797 τὸν
949 2733 1155 2808 λόγον.
1221 2731 1442 2819 Longe
1490 2735 1799 2799 usitatius
1844 2739 1941 2799 est
1987 2733 2660 2810 ξυνεπισκοπεῒν,

274 2839 390 2906 sed
446 2840 567 2904 hoc
625 2837 946 2923 plerisque
997 2836 1139 2904 leve
1185 2832 1514 2903 vi'debitur
1529 2859 1548 2918 ;
1595 2858 1797 2923 grave
1844 2843 2063 2904 autem
2108 2841 2350 2904 vitium
2394 2837 2521 2905 loci
2566 2843 2661 2904 in-

273 2944 676 3032 telligentiae
719 2943 914 3010 officit
959 2946 1027 3009 in
1071 2941 1190 3008 illo
1241 2945 1435 3018 ἦττη
1455 2943 1777 3024 μένους,
1826 2943 1997 3029 quod
2044 2945 2310 3009 minime
2349 2944 2474 3009 huc
2515 2966 2663 3029 qua-

275 3050 444 3116 drat.
491 3049 661 3130 Quid
707 3047 921 3114 enim?
965 3046 1202 3114 Contra
1247 3070 1320 3115 ea
1364 3070 1527 3134 quae
1575 3048 1867 3116 Socrates
1912 3049 2191 3127 dixerat,
2239 3047 2663 3136 probabiliter

275 3155 678 3241 disputarant
725 3151 924 3219 Cebes
964 3160 1028 3219 et
1068 3152 1340 3231 Simiae,
1381 3157 1474 3220 ita
1513 3159 1588 3219 ut
1626 3158 1856 3220 ceteris
1894 3158 2007 3240 qui
2051 3153 2343 3222 adessent
2383 3154 2661 3221 Socratis

270 3263 554 3326 rationes
599 3261 904 3325 evertisse
950 3258 1340 3324 viderentur.
1391 3259 1750 3324 Possuntne
1787 3260 1857 3324 hi
1896 3261 2023 3326 dici
2062 3259 2402 3336 ἧττῆσθαιῖ
2447 3260 2658 3328 Immo

272 3366 658 3448 trepidabant
727 3366 951 3450 opinor
1018 3374 1083 3429 et
1151 3366 1524 3430 metuebant
1591 3387 1672 3430 ne
1733 3386 1994 3450 prorsus
2051 3373 2452 3432 evanesceret
2516 3388 2659 3452 spes

273 3491 472 3557 quam
531 3469 608 3535 de
673 3472 872 3535 animi
931 3469 1420 3578 immortalitate
1479 3476 1915 3556 conceperant.
1974 3470 2101 3551 Qui
2147 3475 2329 3538 novit
2372 3493 2450 3537 ex
2497 3471 2654 3557 Rep.

273 3574 309 3640 I
358 3573 594 3641 33613:
643 3574 955 3648 δείσαντες
1005 3576 1442 3652 διεπτοήθημεν
1487 3581 1552 3640 et
1603 3578 2013 3642 Anacreontis
2061 3574 2443 3642 versiculos:

636 3679 794 3747 Ἀτε
841 3681 1050 3762 νεβρὸν
1100 3680 1380 3756 νεοθηλέα
1430 3682 1805 3761 γαλαθηνὸν,
1852 3679 1947 3750 ὅς’
1999 3683 2061 3746 ἐν
2110 3681 2227 3763 ὕλη

640 3787 956 3866 κεροέσσης
996 3787 1400 3866 ἀπολειφθεὶς
1449 3787 1563 3851 ὑπὸ
1609 3788 1837 3866 μητρὸς
1885 3787 2181 3868 ἐπτοήθη,

271 3899 344 3960 et
399 3891 733 3958 Plutarchi
786 3895 854 3956 in
916 3891 1243 3958 Alcibiade
1307 3892 1407 3957 X:
1472 3891 1834 3968 πτοηθέντος
1896 3894 1999 3956 καὶ
2068 3892 2481 3973 διαφυγόντος
2544 3900 2653 3960 τοῦ

267 3998 528 4078 ὄρτυγος
588 4003 654 4064 et
713 3997 1167 4064 Homericum:
1234 4003 1349 4062 τῶν
1411 3998 1472 4062 δὲ
1534 3997 1751 4078 Φρένες
1800 3999 2129 4077 ἐπτοίηθεν,
2178 4002 2411 4086 quibus
2459 4001 2657 4068 multi

265 4103 398 4169 loci
445 4102 590 4168 addi
633 4110 935 4189 possunt,
984 4125 1240 4170 mecum
1289 4105 1552 4170 fortasse
1599 4105 2028 4190 suspicabitur
2075 4105 2408 4171 Platonem
2458 4110 2655 4193 scrip-

269 4210 466 4273 sisse:
522 4209 932 4286 πεφευγότας
979 4209 1082 4273 καὶ
1137 4208 1713 4285 ἐπτοημένους.
1765 4207 2051 4275 Verbum
2097 4211 2266 4296 apud
2312 4211 2651 4276 Platonem

265 4313 444 4380 haud
492 4314 885 4400 infrequens,
935 4334 1061 4400 qua
1106 4313 1181 4379 de
1228 4335 1295 4380 re
1341 4312 1806 4380 Stallbaumius
1856 4315 2021 4381 dixit
2066 4315 2145 4381 ad
2192 4317 2430 4382 Phaed.
2476 4317 2561 4382 68
2578 4314 2653 4383 O.
