3246 5085
1304 335 1612 384 noturus.
2574 313 2652 379 11

382 499 662 586 Tempus
706 505 805 566 est
845 507 918 565 ut
955 521 1116 586 quae
1152 493 1448 587 perhibui
1486 503 1644 587 ipsis
1682 497 2072 566 scholiorum
2112 497 2423 582 exemplis
2446 497 2663 564 ordine

263 605 730 671 demonstrem.
794 605 880 671 Et
945 609 1230 692 primum
1295 607 1556 692 quidem
1619 607 1787 682 dixi,
1852 606 2262 690 repetitiones
2324 625 2471 669 vere
2539 606 2657 670 hoc

265 714 530 777 nomine
577 711 804 797 dignas
847 734 963 777 nec
1011 734 1382 778 numerosas
1429 733 1597 792 esse,
1648 733 1761 776 nec
1807 711 2036 776 referre
2084 713 2454 776 continuam
2501 709 2653 776 duo-

267 837 415 881 rum
461 818 799 882 homiuum
846 839 1103 903 operam
1152 824 1588 884 commentum
1638 819 2136 902 excerpentium‚
2185 816 2261 880 de
2305 816 2406 880 his
2445 817 2653 901 igitur

269 925 402 988 iam
447 925 771 1008 agendum
819 930 935 988 est.

1061 1115 1096 1198 ᾖ
1145 1111 1206 1178 1.
1254 1112 1869 1197 Repetitiones.

361 1297 833 1382 Repetitiones,
896 1298 960 1363 h.
1003 1319 1056 1362 e.
1119 1297 1362 1363 scholia
1425 1317 1683 1381 prorsus
1745 1294 2004 1374 similia,
2054 1298 2422 1362 rarissimae
2469 1303 2658 1374 sunt,

260 1403 371 1468 sed
437 1406 632 1468 etiam
692 1403 821 1468 fere
883 1402 1124 1468 similia
1183 1405 1336 1468 satis
1397 1423 1556 1468 rara.
1621 1402 1961 1488 Leguutur
2018 1409 2131 1467 aut
2176 1401 2330 1468 locis
2381 1403 2649 1466 diversis

257 1514 375 1574 aut
421 1508 500 1574 ad
549 1508 823 1573 eundem
868 1529 1147 1574 versum.
1213 1507 1389 1573 Dabo
1437 1529 1598 1593 quae
1646 1511 1895 1595 repperi
1941 1511 2011 1572 in
2058 1511 2356 1575 omnium
2404 1507 2654 1573 fabula-

262 1635 416 1678 rum
467 1617 944 1680 commentariis
977 1612 1042 1690 ¹).

359 1837 414 1882 a.
471 1817 648 1881 Doeie
691 1818 969 1882 diversis.

356 1999 596 2063 Andr.
659 1998 690 2062 I
758 1999 816 2064 l.
845 1998 925 2063 81
959 2000 1054 2078 (1)
1117 1999 1315 2066 Don.:
1384 2000 1691 2078 „Funus”
1740 2007 1837 2066 est
1883 2022 2119 2088 pompa
2166 2003 2649 2088 exsequiarum,

261 2104 510 2169 dictum
549 2125 586 2168 a
625 2103 986 2170 funalibus:
1036 2109 1277 2170 etenim
1323 2113 1508 2171 nocte
1555 2107 1975 2172 efferebantur
2019 2115 2281 2192 propter
2328 2127 2656 2171 sacrorum

265 2208 760 2274 celebrationem
824 2209 1141 2275 diurnam.
1325 2212 1431 2276 Sic
1475 2211 1796 2278 Donatus.
1863 2213 2033 2277 Hinc
2098 2215 2395 2298 magistri
2444 2211 2531 2277 88
2558 2212 2655 2292 (1)

271 2319 382 2392 „in
446 2316 678 2380 funus''
742 2319 812 2380 in
877 2338 1182 2402 pompam
1243 2321 1712 2402 exsequiarum.
1772 2319 1874 2400 (2)
1928 2321 1986 2382 A
2036 2317 2360 2383 funalibus
2406 2318 2655 2383 dictum

269 2427 402 2496 est,
467 2421 534 2486 id
595 2405 694 2486 est
755 2424 936 2486 uncis
999 2428 1064 2487 et
1125 2422 1362 2488 aculeis
1408 2423 1930 2489 candelabrorum
1978 2445 2033 2488 e.
2060 2445 2119 2508 q.
2146 2445 2196 2488 s.
2406 2422 2531 2488 100
2558 2422 2655 2501 (2)

270 2525 550 2603 „funus”
611 2549 648 2592 a
709 2526 1035 2593 funalibus
1098 2529 1341 2594 dictum
1403 2536 1531 2608 est,
1602 2535 1679 2596 ut
1742 2552 1933 2616 supra
1996 2532 2401 2609 notavimus3
2450 2537 2515 2596 et
2562 2535 2658 2595 est

270 2634 548 2711 „funus”
597 2654 832 2720 pompa
868 2638 1332 2719 exsequiarum.

362 2739 521 2805 Vide
585 2761 746 2825 quae
821 2741 896 2806 de
957 2741 1056 2805 his
1116 2742 1441 2827 disputavi
1490 2743 1736 2808 Mnem.
1788 2741 2041 2808 XXXII
2088 2765 2149 2829 p.
2200 2742 2331 2808 295
2380 2750 2445 2807 et
2495 2742 2647 2809 310.

269 2849 480 2913 Prava
542 2847 855 2913 derivatio
913 2850 980 2912 in
1041 2848 1130 2913 88
1154 2848 1250 2927 (2)
1311 2848 1627 2914 reddenda
1690 2856 1787 2915 est
1840 2849 1961 2928 IP,
2010 2856 2077 2913 et
2122 2850 2349 2924 eidem,
2400 2851 2645 2934 opinor,

273 2952 403 3018 100
427 2954 524 3036 (2)
584 2952 776 3017 funus
825 3001 839 3017 .
870 3001 884 3017 .
915 3000 930 3018 .
978 2938 1368 3019 notavimus.
1552 2953 1827 3040 Reliqua
1872 2957 2145 3039 repetita
2192 2960 2343 3019 sunt
2391 2975 2428 3019 a
2474 2975 2648 3039 mag.

274 3080 539 3125 mmore.

362 3165 393 3229 I
442 3164 503 3230 3.
534 3164 617 3229 13
680 3165 1000 3231 Amabant
1053 3171 1298 3231 veteres
1360 3166 1437 3232 de
1497 3170 1793 3252 proximo
1856 3166 2099 3232 similia
2157 3167 2363 3231 dicere
2424 3216 2438 3229 .
2470 3214 2485 3229 .
2515 3214 2530 3230 .
2590 3172 2657 3231 et

273 3270 534 3356 quidem
583 3273 638 3335 si
682 3272 750 3334 in
795 3272 1009 3335 verbis
1055 3277 1236 3348 sunt,
1279 3272 1586 3349 παρόμοια
1626 3273 1945 3349 dicuntur,
1976 3276 2127 3349 <si>
2160 3274 2227 3335 in
2265 3271 2653 3347 nominibus,

275 3377 747 3454 παρονομασίαι.
908 3374 1014 3440 Sic
1060 3375 1136 3441 D.
1189 3376 1357 3442 Hinc
1404 3380 1738 3464 magistri:
1790 3377 1821 3441 I
1860 3377 1921 3441 5.
1952 3375 1989 3442 ‘2
2016 3377 2111 3457 (3)
2150 3377 2478 3456 παρόμοιον
2518 3375 2649 3457 (D).

267 3504 406 3546 nam
467 3480 738 3566 quotiens
798 3482 976 3544 verba
1037 3490 1197 3560 eunt,
1261 3483 1492 3559 παρόμ.
1541 3483 1789 3561 dicitur,
1839 3483 2107 3569 quotiens
2151 3484 2391 3547 nomina
2437 3481 2648 3561 παρόν.

270 3586 398 3667 (W.
450 3592 643 3666 curs.)
704 3591 770 3651 et
828 3585 917 3650 IV
965 3587 1026 3653 4.
1057 3584 1140 3653 37
1166 3586 1264 3669 (2)
1312 3588 1388 3653 de
1433 3591 1725 3673 proximo
1773 3590 2100 3667 παρόμοιον
2145 3592 2448 3675 repetivit
2494 3586 2651 3673 (D.).

267 3693 504 3778 quamdo
548 3692 790 3755 nomina
831 3699 992 3770 sunt,
1033 3698 1494 3772 παρονομασία,
1536 3697 1775 3779 quando
1812 3696 1987 3759 verba
2026 3696 2351 3775 παρόμοιον
2390 3696 2645 3759 dicitur.

271 3797 398 3877 (W.
451 3804 646 3875 curs.)

358 3901 421 3966 II
469 3901 530 3968 3.
559 3902 720 3981 9(1)
787 3900 1042 3980 „Cedo”
1107 3903 1452 3991 singularis
1504 3926 1815 3971 numerus
1860 3913 1990 3985 est,
2044 3905 2292 3983 „cette”
2342 3903 2647 3990 pluralis,

269 4016 344 4073 ut
391 4029 420 4072 s
437 4006 510 4073 al
527 4030 570 4073 v
585 4030 619 4073 e
667 4029 696 4073 s
714 4008 790 4072 al
811 4030 852 4073 v
871 4030 904 4073 e
923 4014 1018 4073 te.
1067 4008 1227 4107 Don.
1420 4010 1500 4075 15
1527 4011 1623 4091 (l)
1676 4011 1909 4090 „cedo”
1962 4010 2308 4097 singularis
2356 4018 2615 4077 tantum
2634 4058 2651 4089 ,

271 4115 522 4191 „cette”
572 4113 861 4199 pluralis.
913 4116 1094 4202 Mag.

362 4219 424 4284 II
477 4219 540 4284 6.
575 4219 657 4284 12
685 4218 782 4301 (3)
845 4222 1015 4287 Mire
1076 4222 1182 4289 hic
1244 4226 1453 4288 utitur
1515 4226 1685 4288 senis
1747 4224 1995 4289 verbis:
2060 4226 2197 4309 ipse
2244 4226 2417 4289 enim
2464 4245 2659 4310 supra

337 4434 389 4499 1)
426 4433 555 4483 Fieri
588 4436 744 4499 potest
781 4436 834 4483 ut
868 4434 1099 4497 quaedam
1133 4449 1207 4484 me
1233 4434 1459 4499 fugerint,
1494 4436 1576 4485 sed
1611 4450 1697 4485 nec
1730 4435 1911 4500 gravia,
1946 4435 2133 4502 opinor,
2168 4452 2253 4486 nec
2286 4436 2457 4486 multa.
