3246 5085
601 320 734 386 414
1643 339 1956 389 nonu-us.

600 506 881 569 maxime
943 502 1273 568 calamitas
1334 506 1641 589 pertinet:
1706 524 1832 589 quo
1881 504 2102 569 dolore
2148 502 2274 571 v'ox
2320 505 2702 592 plerumque
2748 506 3019 572 subtra-

599 612 781 676 hitur
825 615 1016 695 atque
1063 607 1389 696 singultit.
1546 609 1644 690 (3)
1692 610 1779 675 Et
1824 609 2023 676 simul
2072 610 2183 676 dat
2226 612 2359 676 iam
2411 613 2671 697 sig-num
2719 612 3017 697 perdita-

601 738 750 782 rum
797 736 1032 781 rerum.

676 822 792 887 -En
853 822 1050 887 habes
1113 819 1368 898 locum,
1435 823 1546 886 ubi
1593 820 1882 886 Donatus
1929 825 2067 908 ipse
2114 822 2230 887 hac
2280 821 2557 889 formula
2602 823 2835 903 utitur,
2884 824 3021 889 sed

597 930 691 993 ita
755 934 829 993 ut
894 948 971 992 ex
1033 948 1225 1014 supra
1287 928 1474 993 dictis
1537 932 1796 993 tantum
1858 949 2063 1015 pauca
2109 933 2357 1015 repetat
2405 935 2471 995 et
2518 951 2754 997 novam
2805 952 3018 1017 argu-

599 1041 895 1100 mentum
943 1037 1096 1099 satis
1140 1055 1339 1120 grave
1387 1056 1556 1099 nunc
1607 1033 1817 1101 addat.

691 1140 901 1206 Schol.
951 1139 1047 1220 (3)
1093 1147 1238 1225 post
1281 1144 1608 1227 superiora
1657 1162 1851 1226 quam
1901 1146 2183 1207 maxime
2230 1142 2516 1229 languet.

691 1247 1024 1333 Hecyra
1068 1246 1228 1331 prol.
1277 1246 1308 1311 I
1358 1245 1418 1313 7.
1491 1247 1581 1313 Ut
1627 1254 1840 1333 posset
1885 1252 2129 1313 iterum
2176 1249 2448 1315 vendere

690 1354 788 1434 (2)
850 1352 1026 1431 Hoc,
1088 1360 1156 1417 ut
1216 1354 1509 1431 diximus,
1561 1354 1641 1418 ad
1689 1354 1947 1421 laudem
1996 1355 2250 1422 fabulae
2298 1356 2597 1435 refertur,
2644 1361 3001 1442 postquam

601 1464 856 1525 tantum
902 1458 1171 1525 fiduciae
1217 1464 1440 1545 poetae
1490 1460 1689 1526 dedit.

687 1566 891 1632 Verba
937 1565 1219 1632 Editoris
1267 1570 1379 1652 qui
1425 1569 1689 1653 respicit
1735 1568 1903 1653 quod
1948 1568 2236 1635 Donatus
2278 1568 2444 1633 dixit
2481 1568 2561 1635 ad
2600 1590 2694 1635 vs.
2740 1568 2801 1634 6.
2852 1569 2999 1635 Iam

602 1674 1091 1740 Wessnerus
1137 1673 1291 1739 haec
1336 1676 1608 1739 notavit.

692 1781 895 1846 Ibid.
946 1779 978 1844 I
1027 1779 1088 1843 2.
1117 1779 1204 1845 22
1275 1778 1398 1845 Sed
1448 1781 1601 1866 quid
1649 1781 1769 1846 hoc
1819 1778 2082 1867 negoti?

693 1888 790 1969 (2)
839 1886 1024 1952 ‘Bene
1084 1886 1328 1951 addidit
1392 1887 1723 1975 „negoti'',
1787 1894 1864 1952 ut
1927 1894 2193 1975 augeret
2236 1890 2555 1955 invidiam
2604 1890 2790 1967 facti,
2834 1909 3001 1961 nam

602 1996 818 2081 potuit
863 1994 1068 2059 dicere
1122 1993 1319 2078 „quid
1365 1993 1485 2059 hoc
1534 1991 1715 2059 est?''
1779 1992 1933 2072 Sed,
1981 2002 2049 2058 ut
2095 1995 2387 2074 dicimus,
2437 1994 2515 2061 ad
2561 1994 2877 2061 invidiam
2930 2003 3004 2062 et

603 2100 1124 2188 magnitudinem
1171 2104 1264 2165 rei
1315 2100 1616 2188 „negoti”
1671 2099 1855 2166 dixit.

695 2207 810 2273 Ed.
849 2209 918 2271 in
957 2206 1179 2272 eodem
1217 2205 1457 2273 scholio
1499 2207 1825 2273 Donatum
1868 2209 2121 2294 repetit,
2164 2214 2456 2295 utsupra
2479 2209 2600 2273 Ad.
2623 2208 2773 2274 113.
2803 2206 2842 2273 5
2870 2210 2999 2289 (4).

695 2316 870 2379 Haec
918 2335 1167 2399 quoque
1213 2312 1359 2379 inde
1405 2334 1442 2379 a
1489 2313 1700 2393 „Sed”
1751 2317 2001 2380 notavit
2050 2314 2549 2381 Wessnerus.

692 2419 852 2484 Ibid.
910 2418 972 2483 II
1037 2419 1097 2483 1.
1126 2419 1211 2483 45
1280 2419 1408 2485 Ubi
1473 2421 1712 2486 duxere
1772 2421 2061 2507 impulsu
2120 2429 2371 2501 vostro,
2435 2427 2650 2487 vostro
2697 2421 3001 2509 impulsu

603 2526 856 2593 easdem
903 2527 1176 2612 exigunt

693 2634 790 2714 (2)
853 2631 1141 2708 Videtur,
1203 2641 1274 2696 ut
1330 2657 1517 2717 cupra
1579 2633 1863 2713 dicdmm,
1928 2635 2083 2700 haec
2144 2640 2277 2700 tota
2326 2656 2549 2701 scaena
2596 2636 2674 2701 ad
2722 2636 2839 2701 hoc
2887 2639 2995 2701 in·

601 2742 928 2827 terposita‚
975 2745 1050 2804 ut
1096 2739 1344 2805 fabulae
1393 2762 1627 2806 nomen
1676 2741 1824 2806 hinc
1870 2740 2398 2828 intellegeremus
2444 2744 2803 2808 inventum.

693 2846 820 2912 Hic
880 2866 1104 2911 versus
1164 2845 1330 2911 nihil
1391 2848 1670 2933 pertinet
1730 2847 1806 2911 ad
1871 2868 2098 2912 nomen
2167 2846 2520 2935 Hecyra.
2590 2849 2706 2915 Ed.
2770 2851 2999 2934 inepte

602 2953 883 3040 applicat
950 2960 1014 3018 et
1084 2951 1284 3017 simul
1348 2939 1701 3041 exaggerat
1767 2975 1927 3039 quae
1992 2954 2283 3020 Donatus
2346 2956 2423 3020 ad
2490 2977 2583 3021 vs.
2650 2956 2727 3020 4:
2802 2954 3001 3034 „Uno

601 3063 816 3127 animo
876 3081 1097 3124 omnes
1159 3081 1374 3125 socrus
1421 3061 1693 3125 oderunt
1738 3061 2005 3138 nurus'’,
2055 3061 2223 3126 hunc
2271 3064 2339 3125 in
2382 3063 2648 3127 modum
2696 3065 2997 3147 scripsit:

601 3168 698 3247 (1)
747 3165 1040 3242 Nescias,
1091 3186 1170 3230 an
1219 3187 1293 3231 ex
1344 3169 1660 3232 sententia
1705 3167 1823 3232 hac
1870 3167 1974 3232 vel
2022 3167 2175 3232 adeo
2215 3189 2293 3233 ex
2336 3169 2452 3234 hac
2492 3188 2714 3234 scaena
2750 3189 2997 3233 nomen

601 3272 852 3339 fabulae
901 3275 987 3336 sit
1031 3275 1392 3338 inventum.

692 3377 852 3442 Ibid.
901 3377 996 3443 ΙΙΙ
1049 3376 1222 3444 1.17
1288 3381 1498 3463 Atque
1547 3379 1937 3465 impeditum
1977 3383 2043 3444 in
2084 3401 2156 3446 ea
2196 3386 2315 3460 (re)
2356 3382 2651 3466 expedivi
2691 3383 2991 3448 animum

601 3506 821 3550 meum

693 3591 789 3671 (2)
851 3586 1088 3669 Curae,
1153 3598 1221 3654 ut
1280 3592 1568 3668 diximus,
1619 3598 1734 3657 aut
1778 3592 1990 3677 ligant
2037 3599 2149 3658 aut
2197 3593 2487 3671 solvunt,
2536 3600 2612 3658 ut
2657 3592 2993 3680 Vergilius

605 3719 808 3784 „quae
856 3697 1022 3762 mihi
1069 3696 1291 3762 reddat
1336 3718 1486 3762 eum
1535 3697 1638 3762 vel
1686 3719 1759 3763 eo
1807 3719 1913 3762 me
1961 3698 2170 3764 solvat
2216 3700 2584 3765 amantem’'
2633 3697 2745 3778 (IV
2785 3697 2989 3780 479);
3054 3761 3075 3790 ι

601 3807 838 3870 amoris
884 3806 1057 3869 enim
1105 3824 1292 3868 curae
1343 3803 1599 3876 vincula
1648 3803 1969 3870 dicuntur.

691 3911 1060 3996 Respicitur
1121 3907 1439 3974 scholium
1496 3909 1575 3974 ad
1621 3931 1716 3975 vs.
1768 3910 1809 3974 8
1862 3913 1989 3987 „At
2036 3913 2127 3975 sic
2175 3913 2369 3977 citius
2414 3914 2526 3996 qui
2573 3917 2637 3977 te
2684 3912 2990 3997 expedias

599 4020 702 4084 his
764 4018 1090 4082 aerumnis
1138 4016 1478 4100 reperias''‚
1529 4016 1645 4080 ubi
1688 4014 1933 4102 legitur
1980 4019 2047 4080 in
2095 4015 2228 4096 (3):
2281 4017 2449 4082 Bene
2498 4017 2838 4102 „expedias
2886 4039 2995 4084 ae-

598 4123 914 4197 rumnis'',
977 4128 1090 4186 aut
1149 4125 1323 4186 enim
1385 4120 1646 4187 solvunt
1706 4143 1817 4187 nos
1873 4143 2061 4187 curae
2108 4123 2412 4188 abeuntes
2460 4131 2574 4189 aut
2618 4124 2991 4210 impediunt

601 4237 666 4296 et
701 4229 911 4315 ligant
951 4227 1389 4305 advenientes,
1429 4234 1504 4292 ut
1547 4226 1819 4306 „solvite
1857 4227 2043 4294 corde
2082 4233 2331 4293 metum
2370 4228 2636 4308 Teucri,
2678 4228 2991 4297 secludite

599 4336 849 4403 curas''.
897 4333 1117 4420 (Verg.
1167 4332 1199 4397 I
1247 4332 1426 4414 562).

689 4440 882 4506 Vides
945 4439 1271 4505 Donatum
1331 4439 1412 4504 ad
1473 4459 1568 4504 vs.
1618 4438 1661 4504 8
1723 4445 1908 4526 apto,
1972 4440 2300 4506 Editorem
2362 4441 2440 4506 ad
2489 4462 2581 4507 vs.
2638 4438 2719 4506 17
2764 4444 2989 4528 inepto
