3246 5085
663 319 750 384 24
1698 339 2009 388 nonnus.

661 507 738 566 ut
805 500 1229 567 Wessneri
1281 504 1643 568 coniectura
1688 503 2003 590 postulat,
2052 504 2162 569 sed
2205 507 2273 568 in
2319 503 2373 568 B
2417 506 2633 589 ipsum
2678 501 3055 568 Donatum
3086 548 3123 579 ,

658 611 727 673 in
776 610 835 672 A
879 614 1270 695 excerptum.
1373 627 1380 634 ·

753 713 908 779 Ibid.
964 713 1046 778 18
1071 715 1164 778 A:
1214 713 1426 779 Habet
1475 716 1802 780 miseriam
1848 717 2052 780 otiosa
2090 716 2385 780 narratio.
2526 713 2578 778 B
2627 712 2724 793 (2)
2770 712 3111 778 Misera—

659 817 876 882 biliter
922 824 985 882 et
1029 819 1342 884 invidiose
1388 822 1674 905 positum
1726 820 1999 895 „senex”
2052 825 2201 885 cett.

751 922 998 988 Iterum
1046 923 1206 989 Don.
1254 927 1324 990 in
1371 924 1445 1002 B,
1497 931 1869 1010 excerptum
1915 929 1983 990 in
2031 927 2109 990 A.

751 1028 912 1093 Ibid.
962 1028 1047 1093 25
1073 1027 1132 1094 Α
1158 1030 1254 1109 (2)
1307 1029 1520 1108 „Male
1567 1029 1788 1115 loqui''
1836 1051 1951 1116 pro
1990 1029 2383 1096 maledicere.
2501 1029 2553 1094 B
2578 1028 2675 1108 (2)
2712 1050 2826 1114 pro
2862 1027 3099 1093 male

661 1133 867 1198 dicere
884 1154 900 1211 ;
952 1140 1016 1199 et
1061 1138 1308 1219 quaerit
1353 1136 1619 1228 Probus,
1670 1139 1813 1221 quis
1858 1143 2005 1202 ante
2050 1135 2425 1201 Terentium
2472 1135 2725 1200 dixerit.
2856 1133 3089 1198 Idem

661 1237 889 1303 denuo.

751 1343 910 1408 Ibid.
962 1345 1070 1410 26.
1119 1343 1276 1410 Vide
1321 1367 1513 1432 supra
1559 1369 1619 1431 p.
1675 1345 1757 1413 17
1806 1347 1884 1412 ad
1931 1347 2098 1411 Eun.
2153 1346 2247 1411 III
2296 1346 2495 1412 219.

750 1448 911 1513 Ibid.
961 1448 1046 1516 27
1095 1449 1190 1515 A:
1255 1450 1477 1536 Fingit
1520 1450 1621 1516 illi
1669 1454 1938 1516 crimina
1985 1452 2061 1516 de
2106 1472 2295 1517 causa
2338 1459 2405 1516 et
2451 1451 2529 1517 de
2574 1451 2851 1536 negotia

662 1554 750 1618 B:
797 1554 1133 1639 Ingeniose
1179 1557 1255 1620 de
1299 1559 1436 1640 ipso
1485 1559 1743 1642 negotio
1790 1563 1941 1621 sunt
1983 1558 2246 1622 inventa
2292 1558 2603 1622 convicia.
2784 1547 2787 1550 ⁴

750 1657 827 1721 In
885 1659 942 1722 A
994 1681 1170 1744 mag.
1219 1661 1527 1726 rhetorice
1573 1661 1850 1726 reddidit
1896 1661 2058 1727 Don.
2110 1662 2182 1739 B,
2230 1662 2423 1747 idque
2468 1681 2837 1746 perperam,
2885 1679 3073 1724 nam

660 1763 856 1827 verba
920 1781 1082 1847 quae
1142 1764 1542 1849 explicantur
1585 1767 1972 1843 (‚,bonorum
2019 1775 2322 1844 extortor,
2370 1766 2595 1851 legum
2647 1765 3069 1844 contortor'’)

661 1889 787 1931 non
835 1873 987 1931 sunt
1030 1867 1177 1934 ficta
1217 1873 1486 1934 crimina
1531 1871 1642 1935 sed
1686 1875 1971 1937 convicia
2014 1875 2340 1958 ingeniose
2384 1875 2664 1936 inventa.

752 2080 915 2145 Ecce
973 2081 1349 2168 compendia
1412 2080 1516 2146 vel
1575 2087 1876 2166 excerpta
1934 2103 1969 2147 a
2028 2085 2359 2168 magistris
2407 2083 2675 2146 minoris
2727 2083 3061 2144 momenti

661 2178 826 2264 (raro
868 2187 944 2251 ab
993 2186 1119 2267 IP)
1179 2187 1412 2252 leviter
1473 2187 1877 2271 breviterque
1924 2187 2191 2252 conficta
2236 2208 2270 2251 e
2318 2187 2552 2251 Donati
2599 2184 2857 2250 scholiis
2903 2184 3061 2250 lon-

659 2292 947 2376 gioribus
966 2341 982 2369 ,
1046 2313 1207 2376 quae
1267 2294 1449 2357 iuxta
1510 2292 1884 2377 compendia
1942 2294 2123 2357 nobis
2166 2295 2421 2378 integra
2467 2298 2718 2356 servata
2762 2296 2933 2355 sunt.
2988 2293 3060 2354 A

663 2394 1090 2481 Gompilatore
1146 2401 1400 2463 invecta
1462 2398 1763 2463 videntur
1810 2420 1887 2464 ex
1935 2401 2227 2482 margine
2274 2397 2426 2462 edit.
2472 2395 2887 2462 Terentianae
2932 2394 3063 2460 ali-

662 2504 874 2579 cuius,
921 2523 1116 2587 quam
1160 2506 1342 2567 iuxta
1391 2503 1737 2569 editionem
1783 2503 1881 2568 IP
1930 2502 2311 2569 adhibuerit.

751 2607 1078 2692 Perpauca
1116 2608 1416 2673 adnotata
1455 2615 1636 2674 erant
1673 2608 1751 2673 ad
1790 2608 2208 2685 Eunuchum,
2251 2607 2436 2693 plura
2468 2607 2545 2672 ad
2569 2608 3050 2672 Phormionem.

659 2712 915 2777 Similia
992 2722 1210 2777 autem
1290 2716 1530 2799 passim
1599 2716 2009 2797 reperiuntur
2074 2715 2144 2777 in
2212 2712 2607 2797 reliquarum
2675 2710 3051 2776 fabularum

661 2817 941 2882 scholiis.

751 2922 1009 2987 Scholia
1056 2930 1273 2989 autem
1318 2924 1397 2988 ad
1442 2923 1707 2988 Phorm.
1756 2924 1819 2989 Π
1860 2924 1900 2989 3
1948 2945 2026 2989 ex
2067 2923 2184 2989 hac
2222 2927 2401 3009 parte
2440 2921 2604 2987 nihil
2642 2922 2877 2987 habent
2916 2942 3045 3005 quo

659 3027 1016 3111 discrepent
1063 3048 1098 3092 a
1141 3028 1387 3113 reliquo
1433 3035 1815 3094 commento.

751 3237 1102 3322 Hucusque
1171 3238 1290 3303 hoc
1355 3241 1679 3323 imprimis
1744 3243 1852 3325 egi
1920 3248 1996 3306 ut
2064 3241 2410 3306 refutarem
2471 3242 2895 3306 coniecturam
2961 3237 3043 3303 de

658 3344 906 3409 duobus
951 3346 1300 3409 commenti
1343 3346 1820 3430 excerptoribus
1866 3348 2202 3411 continuis.
2251 3343 2545 3410 Vidimus
2585 3365 2765 3409 veras
2804 3365 3044 3408 meras-

659 3470 782 3533 que
817 3451 1253 3533 repetitiones,
1294 3456 1618 3534 excerpta,
1663 3451 2036 3535 compendia
2071 3453 2140 3514 in
2178 3456 2276 3515 tot
2312 3449 2703 3515 scholiorum
2742 3448 3041 3513 millibus

655 3574 1060 3637 nequaquam
1116 3575 1454 3620 numerosa
1515 3576 1649 3620 esse
1710 3562 1775 3621 et
1818 3558 2174 3620 maximam
2218 3560 2466 3640 partem
2515 3552 3034 3640 magistellorum

658 3657 1059 3743 quorundam
1125 3679 1382 3744 operam
1429 3659 1663 3724 referre
1708 3660 1921 3725 levem
1968 3668 2032 3724 et
2079 3659 2530 3737 desultoriam,
2581 3664 2833 3744 praeter
2875 3679 3043 3743 quos

657 3764 762 3828 hic
820 3762 960 3828 illic
1018 3764 1500 3849 Interpolatoris
1544 3767 1835 3850 primarii
1882 3786 2133 3850 quoque
2178 3764 2564 3830 industriam
2613 3785 2799 3848 saepe
2847 3763 3040 3829 offen-

659 3868 894 3933 dimus.

748 3972 995 4038 Dehinc
1055 3976 1291 4039 omissa
1347 3973 1461 4039 illa
1521 3977 1912 4052 coniectura,
1976 3976 2160 4039 cuius
2222 3979 2435 4039 tamen
2483 3974 2784 4038 refutatio
2832 3976 2898 4038 in
2945 3994 3042 4038 se-

657 4081 881 4163 quenti
942 4078 1383 4145 dissertatione
1441 4080 1792 4145 identidem
1854 4079 2027 4145 ultro
2086 4080 2525 4157 affirmabitur,
2573 4100 2786 4143 meam
2832 4081 3037 4164 ipsius

657 4186 1090 4249 coniecturam
1129 4185 1206 4251 de
1244 4184 1550 4271 peculiari
1585 4186 1699 4251 illo
1740 4189 2088 4252 commenti
2124 4186 2386 4251 Editore
2410 4190 2476 4251 et
2498 4184 2956 4270 Interpolatore
2986 4184 3039 4264 ¹)

729 4412 783 4475 1)
817 4410 980 4461 Unum
1011 4411 1407 4479 interpolatorem
1439 4410 1675 4475 insignem
1706 4411 1803 4461 iam
1836 4412 2031 4475 agnovit
2063 4412 2409 4463 Sabbadini
2444 4414 2581 4462 Stud.
2615 4412 2730 4463 Ital.
2765 4412 2821 4461 11
2854 4428 2903 4476 p.
2939 4413 3027 4465 18:
