3246 5085
1310 342 1628 394 Defluus.
2535 328 2670 394 285

280 514 380 582 111
445 512 505 578 1.
532 511 575 576 4
644 511 907 596 Semper
979 509 1176 590 „sed”
1248 512 1604 576 contrariae
1671 511 2025 575 sententiae
2093 509 2478 598 significatio
2547 517 2670 580 est.

282 621 531 686 Phorm
590 619 621 686 Ι
668 618 731 684 2.
759 617 798 685 ¹7
823 617 919 702 (2)
970 615 1138 696 „Sed
1166 619 1297 704 'qui
1346 621 1421 683 tu
1467 638 1533 683 es
1579 614 1874 683 tristis?’'
1922 621 2026 698 (ut
2071 617 2134 681 h.
2160 616 2235 697 1.)
2288 619 2482 697 „sed”
2531 640 2675 705 par-

282 726 486 794 ticula
557 726 903 792 transitum
963 723 1285 811 significat
1345 723 1425 790 ad
1487 725 1882 789 mentionem
1945 722 2208 789 alterius
2268 727 2382 790 rei.
2474 724 2672 812 quue

278 834 587 920 repetivit
654 831 879 897 Editor
938 829 1019 896 ad
1082 828 1112 893 Ῑ
1177 829 1238 894 4.
1267 827 1351 896 37
1379 829 1475 911 (l)
1544 828 1713 908 ‚;Sed
1773 832 1917 915 quis
1979 830 2084 895 hic
2145 837 2240 896 est
2301 851 2493 896 senex
2522 880 2536 897 .
2566 829 2670 897 .?''

286 939 522 1021 „Sed”,
559 944 635 1004 ut
672 938 956 1004 diximus
989 936 1055 1017 ¹),
1108 938 1457 1002 transitum
1504 935 1825 1022 significat
1869 935 1949 1002 ad
1996 935 2268 1002 alteram
2305 959 2441 1004 rem
2482 939 2561 1004 ab
2601 959 2675 1003 ea

284 1067 451 1134 quae
498 1045 831 1131 agebatur.

376 1151 592 1239 Igitur
636 1158 986 1237 utrumque
1034 1148 1354 1216 scholium
1399 1168 1437 1214 a
1476 1147 1726 1216 Donato
1765 1147 2068 1214 alienum.
2120 1148 2332 1228 „Sed”
2375 1172 2488 1237 pro
2523 1172 2676 1238 ergo

283 1261 355 1325 in
416 1257 513 1340 (1)
576 1279 688 1344 per
748 1277 816 1322 se
879 1256 1119 1322 falsum
1186 1260 1316 1334 est,
1386 1261 1452 1321 et
1512 1254 1608 1336 (2)
1650 1261 1900 1342 pugnat
1943 1277 2093 1321 oum
2141 1255 2302 1322 Don.
2352 1257 2434 1323 ad
2478 1257 2677 1324 Andr.

282 1365 351 1431 11
418 1363 478 1429 1.
512 1363 615 1442 10,
678 1363 847 1429 unde
911 1368 1121 1429 tamen
1189 1361 1418 1426 Editor
1478 1359 1853 1447 exemplum
1916 1366 2254 1427 mutuatus
2312 1367 2429 1429 est.
2493 1360 2682 1430 Gom-

287 1475 587 1536 mentum
646 1469 917 1544 vacabat
977 1467 1055 1534 de
1122 1466 1344 1547 „sed''‚
1410 1472 1476 1532 et
1537 1465 1616 1531 ad
1666 1466 1837 1531 hunc
1885 1487 2146 1533 versum
2193 1467 2358 1532 nihil
2405 1468 2680 1534 habebat

288 1581 541 1664 praeter
584 1577 851 1641 initium
900 1573 1126 1641 scholii
1171 1573 1289 1656 (3),
1340 1575 1526 1639 cuius
1572 1579 1896 1659 postrema
1943 1593 2090 1659 pars
2153 1576 2408 1651 „omnis
2460 1573 2676 1640 enim’'

292 1688 442 1749 cett.
490 1689 627 1748 tam
672 1679 832 1746 falsa
878 1687 977 1746 est
1023 1701 1217 1767 quam
1264 1679 1564 1766 insipida.

385 1786 623 1874 Aliqua
685 1786 1027 1853 difficultas
1085 1791 1307 1852 manet
1368 1788 1436 1851 in
1500 1785 1820 1873 particula
1867 1786 2060 1867 „an'',
2099 1808 2272 1875 quae
2320 1787 2416 1869 (2)
2459 1790 2681 1876 iungit

294 1914 444 1960 cum
507 1893 623 1975 (1).
694 1893 872 1958 Num
939 1895 1149 1981 igitur
1209 1891 1436 1957 Editor
1496 1913 1622 1958 non
1682 1891 1921 1959 Donati
1980 1893 2091 1959 sed
2150 1893 2318 1960 alius
2379 1897 2681 1982 magistri

291 1998 535 2065 scholio
574 1999 672 2081 (1)
719 2021 911 2064 suum
960 1999 1057 2080 (2)
1103 1996 1345 2077 adfixit,
1390 2020 1469 2065 an
1514 2005 1868 2085 utrumque
1916 2001 1993 2065 ab
2031 2020 2106 2066 eo
2145 2001 2505 2086 profectum
2543 1999 2683 2067 est?

294 2104 469 2172 Illud
530 2108 644 2172 vix
705 2105 1007 2171 credibile
1027 2155 1045 2185 ,
1105 2126 1254 2172 nam
1316 2125 1467 2171 eum
1512 2126 1766 2192 semper
1809 2105 2016 2172 adhuc
2063 2106 2144 2172 ad
2189 2108 2472 2194 genuina
2516 2129 2686 2174 com·

294 2213 501 2276 menti
545 2209 786 2277 scholia
832 2232 899 2277 se
940 2210 1287 2298 applicasse
1336 2211 1644 2292 vidimus,
1689 2214 1906 2299 itaque
1951 2215 2167 2299 potius
2211 2213 2309 2296 (1)
2357 2221 2423 2280 et
2468 2213 2564 2296 (2)
2603 2214 2683 2280 ad

292 2317 567 2383 eundem
613 2317 901 2384 redeunt.

387 2423 548 2490 Ibid.
601 2423 684 2491 17
751 2423 852 2490 Ibi
894 2422 1255 2510 plurimum
1302 2429 1401 2489 est

378 2530 485 2627 ·(5)
544 2530 807 2599 Scilicet
877 2536 1137 2619 propter
1195 2552 1477 2599 amorem
1541 2534 1762 2598 uxoris
1806 2553 1978 2600 suae.
2071 2532 2390 2621 Ineptum,
2439 2534 2678 2601 etenim

296 2638 654 2705 affirmatur
697 2640 819 2705 hoc
862 2660 989 2705 non
1037 2639 1115 2705 de
1163 2659 1331 2718 sene,
1381 2638 1492 2705 sed
1538 2639 1615 2705 de
1662 2639 2086 2706 adulescente.

388 2745 551 2811 Ibid.
599 2744 709 2811 24.
777 2746 840 2811 N
844 2744 976 2811 ulla
1021 2751 1120 2811 est
1165 2745 1330 2811 mihi
1374 2747 1511 2812 vita
1555 2746 1910 2831 expetenda
1953 2748 2118 2826 (sine
2165 2746 2439 2829 Phanio)

388 2853 487 2934 (1)
535 2850 775 2931 „Nulla
812 2874 927 2938 pro
966 2873 1115 2919 non.
1234 2852 1329 2933 (2)
1370 2854 1469 2917 An
1507 2850 1754 2917 nullius
1792 2851 2212 2931 condicionis,
2256 2855 2442 2940 quasi
2479 2852 2678 2919 dicat:

294 2979 376 3024 ne
440 2959 704 3024 deorum
758 2960 897 3025 vita
943 2958 1205 3044 quidem
1248 2957 1415 3023 mihi
1460 2956 1666 3023 dulcis
1689 2964 1811 3024 'est
1855 2960 1989 3023 sine
2037 2954 2142 3023 te?
2278 2957 2374 3040 (3)
2421 2958 2682 3025 Scilicet

294 3063 478 3131 nulla
524 3068 663 3131 vita
706 3066 794 3130 sit
839 3064 1195 3151 expetenda
1239 3066 1374 3129 sine
1419 3062 1691 3129 Phanio.

388 3170 514 3237 Hic
572 3170 859 3238 Donatus
920 3178 1019 3237 est
1078 3172 1191 3262 qui
1252 3168 1426 3235 dedit
1487 3171 1585 3250 (1)
1647 3176 1714 3234 et
1774 3168 1870 3251 (2)
1933 3176 2010 3235 ut
2055 3191 2252 3237 unam
2297 3173 2680 3238 sententiam

294 3280 831 3364 interrogativam
869 3277 944 3357 ²).
1032 3275 1207 3342 Illud
1292 3274 1388 3357 (3)
1476 3274 1848 3363 magistello
1925 3274 2183 3342 cuidam
2251 3278 2678 3346 tribuendam.

300 3383 580 3465 „Nullus
641 3404 757 3470 pro
819 3381 1016 3449 non”
1086 3383 1382 3469 frequens
1441 3385 1541 3448 est
1599 3384 1668 3447 in
1722 3382 1824 3448 his
1883 3382 2148 3449 scholiis
2209 3382 2286 3450 de
2345 3404 2472 3471 quo
2532 3384 2679 3452 vide

298 3490 546 3559 Wessn.
594 3493 662 3556 in
710 3510 856 3577 app.
902 3489 1005 3557 ad·
1028 3489 1184 3556 Hec.
1232 3489 1265 3554 1
1310 3489 1374 3555 2.
1402 3490 1465 3554 4.

387 3597 551 3663 Ibid.
601 3595 689 3661 30
757 3595 901 3662 Hoc
945 3594 1111 3663 nihil
1156 3602 1254 3661 est
1296 3594 1643 3662 Phaedria:
1689 3595 1870 3662 ilicet
2012 3640 2020 3647 -

388 3703 551 3769 Don.
597 3707 768 3768 recte
813 3703 911 3784 (2)
962 3701 1188 3782 „Hoc”
1236 3701 1586 3768 relativum
1627 3706 1733 3781 (=
1755 3702 1914 3782 hoc,
1956 3702 2125 3788 quod
2163 3701 2370 3785 dicis).
2417 3702 2680 3770 Idemne

294 3811 577 3897 perrexit
620 3830 704 3875 an
749 3808 974 3874 Editor
1018 3810 1237 3895 potius
1282 3810 1350 3873 in
1400 3807 1530 3890 (3):
1577 3809 1679 3872 An
1720 3808 1926 3888 „hoo”
1967 3830 2119 3874 cum
2156 3814 2530 3896 contemptu
2565 3831 2680 3896 pro

296 3917 446 3997 „hic
495 3916 778 4001 Antipho
824 3913 989 3980 nihil
1032 3913 1195 3981 est’'.
1258 3912 1365 3981 Sic
1411 3912 1634 3982 Cicero
1671 3915 1740 3980 in
1784 3914 2063 3980 Verrinis
2105 3916 2271 3992 „etsi
2308 3916 2426 3981 hoc
2465 3918 2678 3982 nescio

294 4022 451 4112 quid
496 4028 881 4110 nugatorem
928 4019 1248 4088 sciebam”
1296 4020 1409 4101 (IV
1450 4020 1557 4102 33,
1598 4020 1711 4086 ubi
1751 4020 1942 4087 hodie
1980 4019 2108 4109 leg.
2147 4022 2680 4108 „nugatorium’')

292 4151 409 4218 pro
458 4128 740 4209 „hunc’'.

387 4232 484 4301 De
552 4235 652 4316 (4)
722 4254 1017 4320 „semper
1078 4232 1341 4313 „ilicet”
1404 4232 1599 4299 finem
1661 4235 1756 4300 rei
1813 4233 2198 4322 significat’',
2235 4236 2368 4301 iam
2415 4232 2552 4299 dixi
2599 4232 2680 4301 ad

367 4406 419 4470 1)
460 4405 527 4453 De
562 4402 769 4452 formula
801 4406 857 4452 ut
888 4401 1097 4451 dicim
1129 4400 1257 4451 infra
1290 4415 1443 4467 agam.

363 4486 421 4553 2)
455 4486 529 4536 ct
566 4484 694 4535 infra
726 4484 779 4534 11
815 4484 861 4545 1,
880 4483 944 4537 5‘1
963 4485 1032 4547 (1)
1064 4482 1222 4533 initio.
