3246 5085
604 276 734 341 120
1606 294 1984 345 amomon.

696 457 1112 539 CHARmDRS,
1178 481 1240 546 p.
1299 458 1425 525 155
1444 459 1550 527 Bc
1613 456 1717 533 ἧκε
1780 462 1908 542 γὰρ
1955 458 2388 542 (Charmides)
2435 459 2539 523 καὶ
2589 458 2833 534 ἐποίησε
2880 459 3005 537 γέ-

502 636 507 641 ,
599 580 772 631 λωτα
820 566 1046 632 πολύν·
1094 564 1353 639 ἕκαστος
1402 566 1530 646 γὰρ
1581 570 1748 643 ἡμῶν
1796 574 1914 631 τῶν
1962 567 2314 642 καθημένων
2362 573 2802 647 συγχωρῶν
2851 566 3002 630 τὸν

599 672 858 747 πλησίον
895 673 1052 737 ἐώθει
1094 675 1357 756 σπουδῇ,
1398 670 1493 738 ἵνα
1536 679 1683 752 παρ’
1725 674 1894 754 αὐτῷ
1935 672 2276 754 καθέζοιτο,
2317 670 2425 745 ἕως
2459 678 2575 736 τῶν
2601 673 2700 735 ἐπ’
2727 670 2998 753 ἐσχάτῳ

599 779 944 855 καθημένων
992 780 1095 845 τὸν
1140 781 1254 855 μὲν
1302 780 1756 856 ἄνεστῆσαμεν,
1804 780 1906 845 τὸν
1957 780 2021 845 δὲ
2069 779 2341 857 πλάγιον
2390 778 2851 856 κατεβάλομεν.

689 885 935 950 Neutra
1001 884 1387 971 significatio
1455 886 1639 951 verbi
1718 893 2068 967 συγχωρεῖν
2147 883 2450 966 (comitari
2517 891 2582 949 et
2649 871 2996 965 concedere)

598 989 751 1055 huic
798 988 936 1056 loco
982 992 1312 1069 convenit,
1362 992 1468 1059 cui
1513 994 1884 1056 conveniret
1932 990 2192 1077 quidem
2243 991 2549 1070 ἕγχωρῶν,
2599 990 2784 1054 locum
2815 1010 2996 1072 prae-

600 1096 739 1161 bem
798 1094 1252 1178 (Charmides),
1316 1096 1426 1163 sed
1490 1102 1707 1163 tamen
1770 1096 1875 1162 vel
1921 1098 2041 1162 hoc
2087 1095 2437 1163 abundaret
2480 1100 2742 1182 propter
2788 1094 2996 1161 verba

594 1204 926 1287 sequentia
961 1199 1059 1267 ἵνα
1099 1206 1245 1283 παρ’
1287 1204 1453 1282 αὐτῷ
1491 1201 1823 1283 καθέζοιτο.
1868 1202 2076 1281 Quare
2100 1202 2446 1270 videndum
2473 1222 2682 1268 annon
2705 1205 3000 1288 praestet

595 1304 947 1375 molestum
994 1309 1409 1395 participium
1454 1329 1489 1373 e
1534 1313 1721 1374 textu
1770 1311 2131 1376 exturbare.

686 1497 761 1563 P.
816 1494 1034 1565 1560.
1100 1499 1168 1563 ἐκ
1232 1497 1301 1573 δη
1366 1497 1581 1564 τούτου
1639 1500 1747 1564 τοῦ
1795 1496 1986 1577 λόγου
2033 1497 2306 1569 διαίταις
2356 1496 2455 1562 ἐπὶ
2505 1500 2633 1561 πᾶν
2682 1496 2751 1561 τὸ
2799 1500 2997 1570 σῶμα

594 1602 951 1681 τρεπόμενοι
996 1603 1168 1681 μετὰ
1217 1608 1323 1669 τοῦ
1365 1601 1504 1670 ὅλου
1546 1604 1615 1669 τὸ
1656 1604 1837 1684 μέρος
1882 1603 2289 1684 ἐπιχειροῦσιν
2329 1603 2683 1682 θεραπεύειν
2721 1624 2809 1665 τε
2850 1598 2995 1664 καὶ

599 1710 906 1774 ἰᾶσθαι.

689 1814 1063 1901 Suspicione
1122 1837 1248 1882 non
1306 1822 1526 1885 carent
1584 1820 1711 1882 tria
1756 1814 1992 1881 ultima
2036 1815 2266 1894 verba,
2316 1815 2465 1900 quia
2509 1816 2577 1878 in
2622 1810 3004 1878 anteceden-

598 1922 774 1986 tibus
835 1928 911 1987 ut
970 1922 1312 1999 Ξσοδύναμα
1376 1926 1634 1993 variant
1692 1924 1884 1990 verba
1932 1923 2297 2002 θεραπεύειν,
2347 1943 2573 1999 curare,
2622 1923 2688 1985 et
2735 1920 2946 1983 ἰᾶσθαι
2969 1965 2992 1996 ,

598 2026 839 2095 mederi.

688 2215 763 2280 P.
817 2212 945 2280 158
970 2216 1049 2281 D.
1112 2216 1327 2297 φαίνῃ.
1394 2216 1639 2281 Burnet
1700 2218 1770 2280 in
1821 2214 2320 2301 diligentissima
2366 2215 2658 2280 Platonis
2704 2214 2995 2280 editione

600 2321 948 2387 Oxoniensi
986 2324 1196 2388 nescio
1235 2343 1314 2387 an
1354 2329 1524 2388 recte
1560 2323 1796 2409 ubique
1820 2322 2076 2389 Platoni
2097 2322 2442 2389 reddiderit
2469 2322 2994 2387 terminationem

598 2438 663 2500 317
725 2448 841 2513 pro
900 2440 950 2492 ῒι
1011 2430 1079 2492 in
1144 2426 1419 2493 secunda
1470 2448 1750 2513 <persona
1811 2427 2152 2496 Indicativi
2199 2428 2397 2493 medii
2441 2435 2506 2493 et
2550 2428 2811 2513 passivi.
2858 2424 2994 2490 Vix

598 2534 770 2598 enim
840 2553 916 2598 ex
986 2534 1251 2619 antiqua
1317 2536 1769 2602 terminatione
1830 2547 1941 2602 ῐιῑῒ
1985 2536 2054 2600 in
2116 2536 2336 2601 Attica
2396 2536 2572 2600 nasci
2628 2533 2842 2619 potuit
2895 2544 2990 2610 ἐῑ,

596 2640 973 2724 priusquam
1016 2660 1133 2726 pro
1179 2643 1356 2706 omni
1402 2653 1470 2717 W
1504 2641 1696 2707 scribi
1737 2648 2036 2727 coeptum
2073 2649 2171 2711 est
2211 2654 2261 2707 ΐι
2283 2689 2299 2718 ,
2340 2648 2416 2705 ut
2455 2644 2522 2705 in
2561 2640 2992 2705 substantivis

595 2743 847 2823 βουλεῖ,
920 2753 1098 2819 τιμεῒ
1150 2750 1298 2811 cett.
1362 2766 1475 2832 pro
1536 2747 1773 2828 βουλῇ,
1837 2757 2028 2829 τιμῇ,
2092 2751 2238 2833 sim.
2309 2747 2447 2827 Quo
2511 2749 2722 2833 magis
2783 2747 2992 2809 miror
3039 2799 3045 2806 .

597 2851 873 2917 eundem
933 2850 1123 2917 fidem
1169 2852 1469 2918 habuisse
1518 2855 1722 2918 veteri
1767 2855 2210 2939 superstitioni
2255 2855 2838 2939 grammaticorum
2881 2870 2991 2915 ex-

596 2955 887 3042 cipienda
951 2977 1087 3022 esse
1154 2959 1357 3022 trium
1419 2958 1764 3023 verborum
1827 2959 2066 3024 formas
2125 2959 2375 3035 βούλει,
2439 2956 2579 3034 οἴει,
2647 2956 2804 3030 ὄψει.
2876 2953 2984 3022 Cf.

596 3062 767 3146 apud
828 3061 1188 3127 Burnetum
1245 3064 1385 3147 ipsa
1432 3065 1784 3148 sequentia.
1832 3062 1937 3129 Sic
1981 3065 2189 3149 igitur
2236 3062 2655 3128 statuendum
2701 3062 2982 3138 videtur,

595 3167 767 3252 apud
814 3155 1221 3253 'antiquiores
1278 3172 1497 3254 poetas
1558 3171 2022 3254 scriptoresque
2082 3169 2334 3234 Atticos
2377 3169 2618 3254 ubique
2665 3169 2800 3232 sine
2842 3165 2988 3232 ulla

593 3275 964 3358 exceptione
1026 3288 1092 3346 ῆῖ
1152 3272 1556 3339 scribendum
1605 3295 1761 3340 esse.
1819 3274 2000 3355 Quod
2047 3277 2104 3338 si
2152 3278 2448 3361 quamvis
2499 3272 2984 3340 dubitabundus

593 3381 660 3443 in
708 3377 985 3445 editione
1029 3399 1175 3444 mea
1220 3382 1459 3445 retinui
1505 3392 1593 3458 ε-ι,
1641 3379 1711 3444 id
1756 3399 2104 3466 puerorum
2152 3384 2538 3446 nostratium
2585 3400 2774 3446 causa
2819 3379 2942 3443 feci
2962 3427 2982 3456 ,

554 3505 744 3560 ,cum
807 3491 883 3549 ut
942 3483 1195 3550 facilius
1258 3488 1700 3552 coniunctivos
1745 3487 1824 3552 ab
1869 3487 2234 3554 indicativis
2282 3489 2784 3574 distinguerent,
2833 3489 2984 3550 tum

596 3593 749 3676 quia
806 3593 876 3656 in
936 3593 1171 3658 nostris
1229 3595 1676 3678 grammaticis
1737 3596 2104 3660 terminatio
2161 3607 2210 3656 τι
2260 3594 2732 3680 antiquioribus
2778 3593 2984 3657 etiam

594 3697 831 3762 Atticis
878 3697 1077 3762 tribui
1121 3697 1371 3764 assolet.

682 3881 757 3946 P.
812 3879 1032 3946 16ΟΒ.
1082 3879 1299 3946 δυοῖν
1342 3881 1471 3961 γὰρ
1518 3880 1589 3954 δὴ
1638 3880 1738 3946 τὰ
1787 3879 2046 3962 ἕτερα.

686 3985 885 4072 Saepe
923 3989 990 4051 in
1028 3985 1212 4053 libris
1249 3986 1537 4093 Platonis
1574 3988 1831 4055 obviam
1874 3988 1946 4053 fit
1984 3989 2140 4054 haec
2180 3988 2462 4055 formula
2498 4009 2729 4074 parum
2764 3988 2984 4076 logica

592 4096 775 4160 iuxta
821 4114 962 4159 eam
1010 4113 1206 4179 quam
1249 4114 1402 4159 sana
1438 4096 1600 4160 ratio
1648 4094 1970 4180 postulare
2017 4095 2276 4161 videtur
2325 4095 2482 4160 δυοῖν
2505 4133 2590 4142 -
2617 4093 2884 4175 θᾶτερον.

685 4282 877 4348 LYSIS
938 4302 1001 4367 p.
1050 4280 1277 4348 2211).
1344 4281 1371 4347 ὃ
1433 4283 1498 4349 32
1544 4284 1612 4347 τὸ
1662 4282 1941 4362 πρότερον
1989 4283 2292 4360 ἐλέγομεν
2340 4282 2525 4362 φίλον
2572 4279 2748 4362 εἶναι,
2797 4279 2982 4357 ὕθλος

595 4413 691 4470 τις
740 4381 828 4469 ἦν,
877 4385 1075 4470 ὥσπερ
1122 4389 1363 4468 ποίημα
1408 4390 1643 4471 μακρὸν
1687 4389 2112 4470 συγκείμενον.
