3246 5085
644 304 772 369 100
1663 326 1992 375 nummos.

635 490 845 570 potest
901 484 978 551 cl.
1030 485 1182 566 256,
1213 484 1294 552 17
1344 508 1479 553 nec·
1503 490 1849 566 iniurium,
1899 492 2082 554 cuius
2129 490 2433 555 beneficio
2479 490 2738 557 redieris
2785 490 2872 555 ad
2934 490 3086 554 'ho-

630 593 845 671 mines
892 593 953 657 ei
999 598 1212 657 totum
1260 593 1484 658 debere
1529 595 1700 679 quod
1749 598 1956 661 uiues.

729 755 994 833 253,1'7
1046 758 1145 822 Ad
1190 761 1394 824 istum
1447 761 1717 826 modum
1751 762 1930 845 fusis
1963 762 2245 843 precibus
2293 782 2345 827 e.
2375 784 2434 847 q.
2465 784 2515 827 s.

726 861 851 927 Hic
912 863 1223 948 Apuleius
1278 867 1579 930 imitat-ur
1629 866 2024 953 Vergilium,
2073 868 2142 932 cf
2179 869 2336 933 Aen.
2392 866 2494 945 VI,
2546 865 2630 930 55
2680 867 3076 953 funditque

480 990 493 997 ·
634 988 850 1052 preces
918 990 1030 1034 rex
1100 976 1351 1055 pectore
1422 972 1497 1036 ab
1560 974 1727 1051 imo,
1792 972 1960 1057 quod
2022 971 2391 1059 exemplum
2455 975 2653 1037 etiam
2715 972 3073 1037 Sidonius

634 1080 891 1139 secutus
938 1082 1034 1139 est
1080 1075 1198 1160 Ep.
1248 1076 1309 1141 II
1358 1076 1420 1155 5,
1448 1076 1489 1142 2
1536 1099 1651 1162 pro
1700 1099 1824 1162 quo
1867 1099 2121 1164 precem
2169 1077 2459 1143 sedulam
2507 1076 2704 1142 fundo
2751 1099 2803 1142 e.
2831 1100 2902 1163 q.
2943 1100 3010 1144 s,

706 1241 821 1300 258,
845 1240 903 1293 17
951 1240 1216 1291 adem&
1251 1246 1315 1304 φ·
1356 1243 1627 1315 adstructis
1659 1248 1725 1305 φ*
1767 1244 1934 1305 (etiam
1969 1244 2018 1293 in
2055 1246 2250 1308 marg).
2307 1246 2365 1293 18
2401 1243 2543 1293 michi
2577 1245 2614 1293 1⁸·
2651 1227 2696 1297 ἦ
2728 1250 2782 1305 Φ.
2843 1246 2911 1295 19
2955 1260 3070 1294 nec

637 1334 698 1383 12¹
745 1332 843 1382 Nec
870 1334 957 1383 F’.
1006 1335 1071 1382 20
1106 1334 1382 1397 συνείρων-α*
1416 1334 1518 1395 ΕΦ.
1570 1334 1632 1384 21
1673 1338 1780 1400 post
1813 1334 1868 1383 di
1900 1334 2121 1399 sequitur
2155 1335 2204 1384 in
2239 1335 2276 1383 F
2311 1336 2451 1385 unius
2487 1336 2584 1385 t'ere
2619 1336 2809 1386 litterae
2843 1337 3064 1401 spatio-

631 1413 732 1464 lum
768 1416 1155 1479 vacuum,-quod
1190 1415 1431 1480 excipiunt
1462 1416 1664 1479 vestigia
1697 1414 1904 1479 syllabae
1936 1416 1983 1464 ie
2017 1432 2163 1481 prope
2195 1431 2370 1465 erasae.

722 1558 877 1636 253,
905 1560 988 1624 21
1040 1559 1265 1626 uultus
1311 1560 1609 1625 attollens
1656 1562 1934 1645 emergit
1981 1559 2200 1624 diuina
2246 1560 2459 1626 facies.

722 1664 1037 1751 Apuleius
1097 1669 1235 1751 ipse
1296 1687 1488 1751 supra
1548 1666 1714 1730 dixit
1776 1664 2099 1746 (159,12)
2162 1673 2422 1731 uastum
2468 1666 2769 1732 attollens
2817 1674 3050 1753 caput

633 1774 948 1855 proserpit
1017 1792 1195 1847 ursa3
1272 1770 1595 1851 (169,18)
1668 1769 1909 1857 pallore
1975 1771 2326 1836 deformem
2387 1770 2687 1836 attollens
2747 1773 3048 1849 faciem3

632 1872 813 1955 (172,
844 1874 956 1956 31)
1012 1876 1237 1942 attolle
1285 1897 1559 1942 uacuam
1606 1877 1832 1941 faciem
1880 1884 1946 1941 et
1991 1877 2158 1942 infra
2203 1876 2384 1957 (260,
2415 1876 2525 1956 14)
2572 1876 2872 1943 attollens
2931 1898 3053 1943 ca-

631 1984 731 2045 nis
772 1985 1049 2047 ceruices
1089 1982 1317 2047 arduas
1357 1983 1623 2048 Anubis.
1667 1981 1991 2069 Vergilius
2031 1989 2247 2047 autem
2287 1985 2520 2069 praeiit
2559 1984 2742 2063 (Aen.
2783 1983 2814 2047 I
2853 1982 3044 2059 354)

632 2134 646 2151 .
675 2135 690 2151 .
722 2136 737 2152 .
786 2108 895 2153 ora
942 2088 1151 2153 modis
1198 2087 1495 2153 attollens
1544 2087 1784 2175 anida
1833 2088 2035 2152 miris.

701 2254 814 2311 253,
834 2253 899 2301 24
933 2253 1116 2303 conitor
1150 2253 1223 2317 (et
1258 2253 1309 2303 in
1342 2256 1528 2303 textum
1564 2257 1613 2302 et
1647 2252 1757 2315 (bis)
1788 2252 1840 2301 in
1879 2254 2053 2317 marg.)
2086 2257 2142 2313 Φ.
2178 2253 2241 2302 29
2277 2253 2508 2316 dispereie
2546 2252 2609 2301 1³²
2651 2252 2857 2317 dispersa·
2875 2253 2950 2302 12⁸
2975 2259 3043 2315 φ.

727 2395 880 2479 253,
911 2396 997 2461 30
1020 2418 1249 2462 corona
1270 2396 1694 2463 multiformis
1720 2398 1917 2461 uariis
1941 2395 2206 2461 floribus
2230 2396 2578 2462 sublimem
2603 2396 3043 2463 distrinxerat,

637 2505 970 2570 uerticem.

725 2609 973 2675 Similis
1041 2609 1379 2696 descriptio
1440 2608 1682 2696 legitur
1743 2605 2009 2686 247,16
2068 2629 2216 2673 nam
2277 2614 2342 2674 et
2405 2615 2598 2694 caput
2659 2610 3036 2694 stringebat.

637 2715 933 2780 diadema
978 2715 1270 2781 candida.-

728 2819 881 2898 253,
911 2820 993 2885 31
1060 2829 1319 2902 (corona
1371 2868 1385 2884 .
1418 2869 1432 2884 .
1464 2825 1507 2898 .)
1554 2823 1740 2885 cuius
1806 2819 2016 2884 media
2077 2819 2338 2902 quidem
2371 2819 2417 2899 ¹)
2479 2841 2670 2905 super
2739 2820 3036 2886 frontem

635 2926 824 3013 plana
887 2927 1247 2992 rotunditas
1275 2925 1326 3005 ²)
1386 2929 1454 2990 in
1517 2926 1783 2991 modum
1849 2923 2091 3011 speculi
2153 2925 2258 2990 uel
2301 2929 2505 2989 immo
2554 2933 3032 3010 argumentum

635 3031 825 3097 lunae
875 3081 888 3098 .
920 3079 935 3096 .
984 3032 1323 3097 candidum
1366 3031 1587 3096 lumen
1635 3031 1951 3096 emicabat
1996 3051 2054 3095 e.
2082 3051 2142 3115 q.
2171 3051 2220 3094 s.

728 3137 799 3200 In
863 3136 913 3200 F
976 3143 1122 3201 ante
1186 3138 1503 3200 candidum
1565 3158 1695 3201 una
1755 3137 1884 3201 fere
1945 3135 2162 3201 littera
2224 3157 2401 3202 erasa
2449 3143 2575 3201 est:
2625 3139 2910 3221 suspicor
2947 3159 3027 3219 ,9,

633 3241 981 3328 legendum
1027 3245 1235 3328 igitur
1280 3262 1531 3307 censeo:
1569 3235 2018 3325 per-candidum
2049 3241 2267 3306 lumen
2318 3244 2636 3307 emicabat
2663 3241 2713 3320 3)
2753 3260 2892 3326 0:11.
2921 3263 2979 3306 e.

730 3347 1121 3413 Huiusmodi
1170 3347 1484 3413 adiectiva
1533 3351 1882 3433 composita
1929 3350 2300 3432 saepissime
2346 3351 2615 3433 scriptor
2657 3355 2872 3412 noster
2915 3347 3030 3412 ad-

638 3452 850 3531 hibet,
920 3451 1096 3518 velut
1159 3452 1526 3538 perlucidus
1591 3452 1726 3532 (44,
1754 3451 1876 3530 29;
1931 3451 2037 3532 95,
2069 3451 2183 3533 16,
2242 3451 2390 3531 191,
2422 3451 2496 3529 3;
2548 3451 2702 3530 251,
2735 3452 2805 3528 1;
2855 3451 3020 3530 253,

637 3557 724 3622 22
786 3564 967 3638 cet.);
1032 3564 1097 3623 at
1158 3558 1373 3625 lucida
1432 3561 1709 3624 occurrit
1771 3559 1924 3637 254,
1955 3558 1993 3623 6
2051 3564 2227 3638 cet.);
2277 3563 2660 3645 perargutus
2719 3557 2902 3638 (237,
2931 3557 3014 3634 4;

634 3663 871 3728 Florid.
922 3663 1080 3728 XIII
1126 3687 1233 3751 pg.
1282 3663 1535 3742 163,1;
1586 3671 1652 3729 at
1697 3672 2009 3750 argutum
2056 3667 2332 3729 occurrit,
2373 3664 2642 3729 Metam.
2672 3663 2826 3741 254,
2853 3662 2972 3743 22)
2995 3683 3012 3741 ;

633 3769 1032 3856 perastutula
1071 3769 1253 3851 (192,
1281 3769 1381 3850 2);
1426 3772 1849 3856 perinfamem
1887 3769 2020 3850 (58,
2053 3770 2164 3849 16)
2203 3768 2486 3856 peruigil
2525 3767 2705 3848 (107,
2734 3770 2809 3846 9;
2851 3769 3014 3845 240,

639 3875 749 3955 11)
764 3897 779 3952 ;
836 3875 1128 3962 perfacile
1175 3876 1328 3956 204,
1363 3877 1394 3941 1
1448 3885 1572 3942 cet.

703 4180 755 4236 1)
790 4179 975 4244 quidem
1008 4179 1163 4229 scribo
1197 4196 1306 4230 cum
1340 4181 1475 4228 codd.

702 4263 757 4325 2)
791 4261 1069 4310 rotunditas
1108 4261 1171 4309 F·
1193 4268 1249 4323 φ.

702 4343 757 4404 8)
801 4342 955 4406 Supra
995 4359 1181 4407 quoque
1223 4343 1423 4392 emicare
1463 4341 1699 4391 obiectum
1745 4341 1960 4390 adsciscit
2008 4342 2143 4400 (214,
2167 4342 2214 4400 5)
2249 4343 2379 4388 terra
2417 4375 2429 4388 .
2451 4376 2460 4386 .
2481 4375 2492 4387 .
2528 4338 2723 4388 emicuit
2757 4338 3006 4401 sanguini·

637 4423 836 4472 fontem.
