3246 5085
634 260 762 326 118
1668 281 1975 331 ransom.

645 445 968 530 Antiquae
1031 448 1204 510 enim
1263 466 1565 531 personae
1625 468 1751 511 non
1797 445 2007 511 solum
2056 448 2281 513 faciem
2304 497 2319 525 ,
2369 446 2477 513 sed
2526 451 2738 513 totum
2784 454 3027 533 caput,

625 553 820 616 etiam
869 553 1153 638 occiput,
1203 553 1538 639 tegebant,
1589 553 2132 639 quemadmodum
2180 553 2368 619 hodie
2414 556 2464 617 ii
2501 556 2615 639 qui
2654 552 2803 619 telis
2842 576 3027 620 exer-

625 663 848 723 centur
909 656 1013 722 vel
1069 658 1337 723 rudibus
1383 660 1552 724 inter
1598 680 1666 725 se
1711 660 2024 738 batuunt,
2072 662 2450 747 tegimentis
2506 666 2803 740 utuntur,
2852 681 3025 746 quae

623 768 836 829 totum
887 769 1080 850 caput
1124 766 1499 849 cooperiunt
1529 762 1598 846 1).

716 867 937 954 Neque
981 868 1149 934 illud
1194 874 1466 956 etymon
1511 871 1689 952 *pere
1730 873 1795 934 in
1846 869 1978 935 solo
2026 870 2335 936 vocabulo
2371 892 2633 953 persona
2678 878 3015 938 servatum

625 982 754 1054 est,
823 975 932 1040 sed
994 979 1192 1042 etiam
1252 978 1322 1040 in
1368 976 1617 1042 duobus
1666 976 1845 1055 aliis,
1894 979 2019 1042 nisi
2067 976 2271 1055 fallor,
2320 979 2524 1043 vitam
2574 981 2794 1043 traxit.
2842 979 3019 1044 Nam

623 1102 852 1147 nomen
910 1084 1244 1167 proprium
1306 1082 1586 1159 Persius,
1633 1084 1765 1147 iam
1814 1082 2052 1148 Lucilii
2098 1084 2498 1168 temporibus
2543 1092 2837 1161 exstans,
2884 1106 3017 1149 non

623 1208 660 1253 a
707 1187 910 1265 Persa,
957 1185 1128 1251 unde
1177 1187 1455 1251 Persicus
1494 1209 1620 1252 non
1662 1187 1907 1251 Persius
1943 1194 2159 1252 ortum
2200 1194 2329 1266 est,
2368 1188 2478 1253 sed
2518 1189 2595 1253 ab
2630 1189 2753 1255 hac
2792 1188 3019 1253 eadem

622 1292 831 1357 radice
893 1291 1316 1357 derivandum
1365 1298 1464 1357 est
1507 1293 1825 1379 habetque
1874 1294 2140 1358 eandem
2189 1294 2320 1359 fere
2369 1296 2506 1359 vim
2553 1301 2749 1380 atque
2802 1296 3023 1377 Capito

624 1406 688 1464 et
726 1382 948 1463 eodem
987 1399 1175 1463 modo
1214 1398 1560 1463 formatum
1600 1406 1699 1464 est
1736 1420 1861 1485 quo
1902 1400 2145 1464 Pedius.
2187 1400 2521 1465 Praeterea
2560 1401 2726 1465 forte
2758 1401 3021 1466 fortuna

621 1504 849 1569 Festus
878 1502 929 1584 2>
996 1504 1473 1570 deminutivum
1521 1504 1880 1586 persillum,
1945 1506 2231 1590 priscum
2295 1505 2686 1571 vocabulum
2748 1510 2813 1570 in
2881 1506 3021 1571 solo

623 1631 914 1677 sermone
973 1611 1371 1676 sacerdotum
1433 1615 1789 1695 superstes,
1854 1611 2037 1676 nobis
2101 1614 2418 1689 servavit,
2476 1612 2643 1697 quod
2692 1616 2783 1677 ita
2826 1615 3022 1677 inter-

624 1722 947 1803 pretatur:
1014 1715 1392 1801 „persillum
1455 1722 1686 1781 vocant
1732 1715 2087 1780 sacerdotes
2134 1716 2559 1782 rudusculum
2589 1715 2639 1797 3)
2688 1719 2971 1803 picatum
2994 1765 3013 1795 ‚

627 1828 801 1898 (ex)
829 1822 882 1902 ⁴)
920 1843 1046 1907 quo
1087 1824 1378 1907 unguine
1411 1820 1675 1886 Flamen
1713 1820 2081 1886 Portunalis
2123 1842 2300 1887 arma
2337 1821 2589 1902 Quirini
2612 1823 2907 1909 unguet'’
2936 1823 3013 1903 ⁵).

625 1927 712 1992 Et
747 1925 992 1993 Paulus
1031 1926 1382 1994 Diaconus:
1429 1926 1807 2012 „persillum
1847 1926 2141 1993 dicebant
2178 1948 2291 1995 vas
2331 1928 2653 2013 quoddam
2688 1932 3011 2015 picatum,

624 2036 694 2098 in
734 2054 859 2119 quo
898 2039 1036 2099 erat
1073 2040 1518 2119 unguentum,
1559 2032 1727 2098 unde
1768 2054 1948 2098 arma
1978 2033 2237 2112 ,Quirini
2277 2034 2799 2120 unguebantur.''
2843 2034 3015 2100 Satis

623 2142 831 2226 igitur
875 2145 1122 2207 constat
1156 2140 1479 2224 persilbum
1525 2138 1861 2205 vasculum
1908 2139 2227 2225 quoddam
2276 2141 2509 2218 fuisse,
2558 2140 2729 2225 quod
2778 2162 3013 2206 nomen

628 2268 820 2311 suum
867 2249 1132 2311 traxisse
1177 2246 1344 2311 mihi
1392 2245 1649 2311 videtur
1694 2267 1773 2311 ex
1820 2246 2059 2323 forma,
2110 2266 2269 2329 quae
2316 2249 2510 2331 capiti
2559 2253 2695 2311 erat
2742 2246 3012 2325 similis,

626 2355 795 2417 sicut
841 2355 1089 2420 ratione
1133 2356 1389 2419 inversa
1435 2351 1821 2417 vocabulum
1871 2358 2044 2430 testa,
2094 2351 2263 2438 quod
2313 2354 2569 2438 proprie
2606 2351 2868 2437 aliquod
2902 2373 3017 2418 vas

627 2457 900 2536 indicat,
947 2461 1014 2522 in
1061 2479 1350 2523 sermone
1387 2458 1647 2545 vulgari
1686 2465 1751 2523 et
1787 2457 2036 2545 linguis
2077 2457 2439 2523 Romanicis
2478 2458 3016 2546 significationem

628 2566 858 2649 capitis
902 2567 1162 2649 accepit.
1227 2563 1398 2644 Quae
1445 2567 1659 2630 omnia
1706 2567 1760 2629 si
1806 2565 2139 2630 nobiscum
2185 2570 2559 2650 reputamus
2581 2613 2597 2642 ,
2647 2587 2771 2630 non
2820 2571 3018 2630 teme-

627 2673 870 2736 rarium
915 2671 1077 2735 mihi
1123 2671 1381 2737 videtur
1425 2670 1803 2737 contendere
1853 2669 2009 2736 olim
2049 2673 2114 2734 in
2157 2670 2387 2757 lingua
2424 2671 2654 2736 Latina
2692 2667 3019 2736 exstitisse

627 2775 1012 2842 vocabulum
1074 2778 1346 2858 *pereum
1391 2783 1496 2857 (=
1523 2777 1787 2861 „kop''),
1857 2779 2043 2842 cuius
2106 2779 2383 2862 vestigia
2444 2783 2889 2843 remanserunt
2947 2779 3019 2842 in

615 2905 896 2965 persona,
963 2883 1230 2974 Persius,
1290 2882 1626 2966 persillum,
1676 2882 1969 2968 quodque
2016 2887 2367 2969 cognatum
2414 2891 2510 2948 est
2554 2885 2701 2949 voci
2737 2905 3017 2965 porrum,

628 3009 823 3074 quam
867 2992 1121 3075 proprie
1167 2998 1347 3073 caput
1390 2989 1783 3076 significasse
1827 3009 1904 3053 ex
1949 2987 2090 3054 loco
2137 2989 2375 3055 Moreti
2420 2994 2592 3055 certo
2638 2991 2900 3055 scimus·

627 3231 884 3298 separatim
932 3231 1200 3282 adhibitum
1243 3247 1419 3281 nomen
1458 3231 1586 3290 deae,
1623 3236 1680 3280 ut
1712 3231 1915 3280 Bellona
1949 3237 1999 3280 et
2034 3233 2257 3290 Pomona,
2296 3236 2534 3297 postremo
2567 3233 2911 3298 appellativum
2952 3255 3009 3276 -ι

626 3313 856 3380 quidquid
893 3315 1036 3362 Ceres
1069 3313 1262 3378 frugum
1295 3329 1381 3379 per
1414 3328 1592 3362 annum
1628 3313 1757 3362 tulit.
1790 3312 1965 3362 Forma
2000 3312 2229 3362 feminina
2264 3313 2313 3362 in
2340 3329 2541 3376 persona
2573 3330 2668 3364 non
2701 3315 2853 3378 magis
2888 3315 3019 3364 mira

627 3400 700 3446 est
726 3411 868 3459 quam
896 3396 947 3445 in
975 3397 1237 3446 membrana
1268 3393 1584 3459 (membrum)
1619 3397 1669 3443 et
1692 3395 1870 3460 fiscina
1899 3395 2100 3460 (fiscus),
2132 3395 2190 3444 cf.
2224 3396 2440 3454 Kiihner‚
2473 3395 2543 3445 1.1.
2583 3395 2607 3444 1
2637 3412 2683 3460 p.
2705 3396 2819 3454 658,
2848 3395 2909 3444 n⁰
2930 3397 3017 3446 16.

699 3479 755 3542 1)
791 3477 867 3529 Cf.
903 3477 1148 3537 Wicaeler,
1183 3475 1596 3540 Theatergebiiude
1629 3479 1717 3526 etc.
1757 3493 1803 3541 p.
1836 3477 1900 3525 41
1940 3481 1989 3525 et
2020 3476 2136 3526 Τὼ.
2174 3477 2217 3526 X
2255 3478 2308 3535 1;
2344 3479 2507 3526 Scecn.
2545 3477 2683 3526 Rom.
2716 3493 2763 3542 p.
2800 3476 2882 3526 88.
2916 3479 3013 3526 Sed

629 3565 819 3626 praeter
863 3560 948 3609 has
991 3574 1216 3624 persona·
1262 3557 1407 3608 etiam
1452 3558 1576 3608 aliae
1615 3557 1908 3618 dimidiatae,
1940 3557 2089 3608 solam
2124 3558 2293 3608 faciem
2329 3563 2557 3624 tegent-e,
2588 3560 2640 3608 in
2675 3575 2761 3608 unu
2797 3559 3014 3620 fuerunt,

627 3643 689 3691 cf.
723 3642 864 3691 Lacr.
899 3640 968 3690 IV
1003 3641 1128 3694 297:
1164 3645 1318 3691 cretea
1347 3656 1558 3704 persona.

695 3723 855 3772 Etiam
901 3723 951 3772 in
999 3722 1202 3773 dialecto
1248 3721 1556 3787 Groningana
1600 3721 1802 3786 aliisque
1837 3725 1987 3772 exstat
2023 3721 2303 3773 vocabulum
2346 3721 2695 3788 nechebilskop''
2728 3721 3017 3786 (oscherbel-

629 3803 876 3871 lenekop”,
935 3803 1394 3870 nechabellenkoffl),
1446 3804 1570 3868 quod
1623 3803 1750 3854 idem
1803 3804 1936 3854 valet
1980 3807 2122 3868 atque
2167 3804 2314 3854 larva.
2368 3805 2432 3854 Et
2475 3805 2567 3870 ipsi
2604 3804 2809 3854 Romani
2842 3820 3015 3870 parvae

626 3903 851 3955 personas
887 3888 947 3937 ad
983 3887 1220 3936 Bacchum
1257 3885 1592 3937 celebrandum
1627 3902 1682 3936 cx
1718 3886 1966 3938 arboribus
1998 3902 2247 3952 caspensas
2282 3887 2448 3937 oscilla
2482 3887 2847 3950 (deminutivum
2880 3903 3016 3936 voca·

626 3969 727 4020 buli
762 3971 834 4034 oe)
869 3969 1114 4027 vocabant,
1150 3970 1211 4019 cf.
1246 3968 1387 4034 Vcrg.
1427 3968 1603 4034 Georg.
1640 3968 1693 4017 11
1728 3970 1851 4028 8893
1890 3970 2043 4019 Macr.
2078 3973 2180 4019 Sat.
2216 3970 2242 4019 1
2272 3969 2302 4022 7
2339 3970 2463 4032 §ah
2506 3971 2565 4019 11
2603 3971 2721 4032 548.

697 4052 753 4117 2)
781 4051 948 4100 Pectus
977 4066 1025 4115 p.
1059 4050 1157 4103 217
1191 4051 1283 4110 M„
1318 4067 1364 4115 p.
1402 4051 1500 4100 268
1535 4051 1626 4101 Th.
1660 4050 1707 4100 d.
1744 4050 1799 4100 P.

696 4135 752 4198 8)
799 4133 1100 4182 aduncatum
1148 4147 1235 4197 pro
1271 4131 1536 4182 rudiculum
1571 4133 1745 4194 (codd.)
1779 4132 1993 4182 restituit
2026 4132 2253 4198 Scaliger,
2286 4133 2395 4184 1ι.ο.
2432 4149 2543 4184 uvas
2578 4150 2633 4184 ex
2667 4149 2781 4183 cavo
2817 4133 3009 4186 informi

624 4231 753 4276 saxo,
785 4216 912 4280 quod
947 4215 1094 4265 rudus
1126 4229 1288 4264 taxum
1323 4213 1598 4280 impolitum
1631 4213 1747 4265 eit”.

695 4298 751 4363 4)
781 4313 842 4347 ex
875 4296 1079 4348 inseruit
1114 4297 1394 4348 Muellerum
2149 4301 2213 4360 -5)
2247 4298 2325 4348 Sic
2357 4299 2492 4350 codd.

1628 4427 2012 4435 -——-———-—-
