3246 5085
1309 341 1599 392 monus.
1632 327 1642 336 '
2528 291 2661 394 265

125 523 130 526 ·
261 505 337 570 11
387 503 472 570 69
523 510 587 570 et
633 505 960 592 Aristoph.
1010 506 1088 571 fr.
1137 505 1350 572 32011.
1399 505 1693 592 Speciem
1737 507 1931 573 habet
1980 511 2317 588 correctiO,
2366 510 2659 580 fallacem

261 620 508 678 tamen.
554 611 722 677 Nam
770 615 1113 698 separatim
1159 611 1468 694 ὥμφιδέαι
1517 614 1689 700 apud
1734 613 2002 680 Suidam
2050 623 2655 698 commemorantur,

255 726 436 786 recte
477 725 697 812 autem
735 718 871 785 illic
910 719 1216 785 dicuntur
1253 721 1693 799 περισκελί
1710 721 1834 793 δες
1880 723 2035 793 τινές
2068 719 2457 808 dmg-item
2488 726 2657 812 apud

259 826 870 912 Harpocrationem,
908 847 1111 912 neque
1149 825 1400 892 abludit
1437 827 1807 915 Hesychius
1830 827 2100 906 ψέλλια·
2142 831 2404 907 κρίκους·
2439 831 2661 896 δακτυ-

261 935 435 1004 λίους
483 935 960 1018 interpretatae.
1009 931 1176 998 Sunt
1211 935 1419 1020 igitur
1462 935 1773 1014 αμφιδέαι
1814 957 2054 999 crurum
2091 941 2495 1017 ornamenta,
2536 960 2663 1004 non
2748 953 2755 960 ·

261 1038 436 1118 colli,
501 1041 613 1123 qui
661 1059 812 1104 vero
860 1039 1083 1116 κόσμος
1136 1040 1614 1121 περιτραχήλιος
1666 1047 1949 1121 vocatur,
1996 1044 2053 1106 is
2100 1045 2355 1128 proprio
2404 1047 2663 1110 nomine

261 1144 728 1223 ἐμφιδέραι
753 1169 794 1207 α
851 1145 1062 1211 dictus
1109 1146 1270 1224 fuit,
1318 1145 1386 1211 id
1432 1145 1600 1232 quod
1650 1145 1808 1213 olim
1856 1169 1968 1233 pro
2016 1147 2237 1214 Lexici
2284 1147 2663 1235 Segueriani

261 1251 540 1316 lectione
602 1257 901 1337 corrupta
947 1252 1463 1330 ἄμφιδέρρεα
1515 1255 1703 1334 (item
1748 1251 1902 1333 202,
1930 1251 2044 1333 26)
2093 1256 2382 1319 restituit
2429 1255 2660 1323 vDam.

269 1357 449 1437 Quae
511 1359 874 1423 coniectura
938 1361 995 1423 si
1054 1361 1161 1424 cui
1209 1362 1425 1424 minus
1473 1365 1643 1425 certa
1688 1359 2005 1438 videatur,
2056 1360 2418 1427 confirmari
2465 1365 2669 1448 possit

267 1463 504 1530 collata
565 1463 692 1530 alia
754 1463 970 1531 Photii
1030 1464 1279 1551 glossa:
1347 1465 1868 1546 περιδέραια·
1921 1469 2376 1548 περιτραχήλια
2426 1469 2657 1545 κόσμια

262 1570 622 1656 (Aristoph.
670 1570 748 1634 fr.
800 1570 1010 1652 320³).

363 1805 515 1886 100,
549 1805 652 1873 17.
701 1806 980 1872 Affertur
1023 1829 1264 1873 novum
1309 1807 1551 1873 Eubuli
1599 1809 1661 1874 ἐν
1711 1809 2040 1890 Πεντάθλῳ
2088 1810 2564 1896 fragmentum:

633 1913 828 1992 νόθος,
878 1911 1301 1992 ἀμφίδουλος,
1349 1913 1682 1990 οὐδαμόθεν
1727 1916 1915 1988 οὐδεὶς
1966 1916 2141 1980 κύων.

267 2018 492 2098 „Malo
550 2020 790 2085 κλύων”
857 2027 1120 2086 annotat
1181 2021 1414 2088 Naber.
1489 2023 2127 2104 Παρατραγῳδοῦντος
2189 2024 2397 2109 igitur
2463 2023 2655 2088 verba

266 2147 406 2192 esse
450 2129 832 2212 suspicatus.

365 2329 515 2407 104,
541 2329 584 2396 8
628 2355 708 2381 =
752 2330 987 2396 Anecd.
1037 2329 1243 2396 Bekk.
1293 2329 1446 2408 389,
1477 2331 1563 2397 18
1610 2358 1691 2385 =
1740 2331 1920 2400 Suid.
1990 2370 2074 2383 —
2138 2333 2313 2414 ἀμφὶ
2362 2333 2433 2398 τὸ
2482 2332 2656 2398 λυκό-

267 2443 441 2518 Φως·
489 2439 624 2517 περ)
674 2460 783 2510 την
831 2437 1054 2513 αὑγήν.

359 2541 764 2610 intercidisse
796 2541 1070 2609 lemma:
1113 2545 1441 2625 αμφιλ’
1411 2570 1444 2610 υ
1464 2569 1549 2619 κη
1593 2552 1858 2612 annotat
1892 2546 2122 2613 Naber.
2162 2546 2291 2613 Res
2312 2546 2653 2613 manifesta

263 2648 524 2715 videtur
559 2648 701 2715 coll.
742 2648 938 2715 schol.
977 2658 1030 2715 H
1057 2649 1229 2715 433:
1270 2650 1605 2732 ἀμφιλύκη
1648 2653 1787 2731 νύξ·
1828 2655 1897 2718 τὸ
1937 2654 2314 2732 καλούμενον
2340 2655 2649 2735 λυκόφως,

269 2756 342 2821 τὸ
389 2757 531 2836 πρὸς
579 2754 788 2837 ὄρθρον.

366 2972 515 3054 104,
545 2973 624 3040 11
667 3002 748 3028 -·
785 2975 1020 3041 Anecd.
1061 2974 1266 3041 Bekk.
1303 2974 1454 3055 389,
1482 2976 1591 3043 20.
1635 3014 1720 3027 —
1763 2978 2331 3057 ἁμφιφορεῑα·
2386 2979 2653 3055 amaa.

360 3082 639 3147 Annotat
681 3080 1146 3147 Reitzenstein:
1196 3084 1635 3161 ὥμΦιΦορῆ
1656 3109 1696 3147 α
1720 3104 1735 3121 ·
1787 3084 2050 3161 ἀγγεῖον
2091 3084 2272 3150 Suid.
2292 3104 2309 3163 ;
2348 3085 2460 3150 ubi
2496 3105 2658 3169 quae

271 3187 610 3267 adduntur,
659 3194 980 3254 testantur
1023 3191 1339 3255 sinceram
1386 3210 1526 3254 eam
1576 3210 1711 3255 esse
1758 3188 2124 3257 lectionem.

367 3406 516 3487 105,
541 3407 628 3473 22
674 3439 756 3465 =
800 3408 1029 3474 Anecd.
1070 3408 1274 3474 Bekk.
1317 3406 1606 3493 389,28.
1650 3445 1734 3458 —
1776 3408 2191 3486 ἁμωσγέπως.
2233 3408 2653 3487 ὁπωσδήποτε,

271 3514 302 3580 ἔ
316 3541 346 3579 ν
391 3515 471 3592 γέ
516 3538 669 3593 τινι,
733 3516 868 3579 καθ’
917 3516 1218 3580 ὁντιναοῦν
1264 3516 1502 3595 τρόπον.
1555 3516 1680 3582 Pro
1728 3514 1788 3579 ἔν
1836 3519 2155 3603 corrigere
2200 3516 2316 3580 ἔνι’
2361 3518 2650 3583 cuiusvis

269 3628 366 3687 est
412 3628 477 3687 et
525 3621 696 3707 apud
740 3620 1008 3687 Suidam
1054 3628 1223 3687 recte
1271 3624 1363 3687 sic
1409 3619 1642 3687 editur.

363 3824 516 3903 111,
544 3824 608 3890 9.
658 3862 744 3875 —
791 3826 1009 3906 ἀναθορ
1027 3850 1056 3891 ε
1073 3832 1117 3892 ῒ.
1167 3824 1480 3908 ἆνατρέχε
1502 3851 1545 3893 ι.
1594 3826 1927 3893 Scribatur
1972 3828 2193 3908 ἄναθορ
2211 3852 2239 3892 ε
2257 3832 2461 3900 ῒ<ν>·
2511 3828 2659 3893 ἀνα-

270 3932 425 4013 uix
443 3955 473 3996 ε
490 3933 690 4002 κν>.

367 4134 520 4214 111,
547 4135 634 4201 26
674 4162 756 4188 --
794 4135 1029 4201 Anecd.
1073 4135 1274 4201 Bekk.
1303 4134 1462 4215 390,
1489 4135 1596 4201 20.
1637 4174 1720 4186 —-
1765 4137 2129 4213 ἅναίδην.
2173 4136 2662 4218 οὶπηρυθριασμέ-

266 4267 372 4313 mc
390 4291 407 4322 ,
447 4243 662 4320 ἀθρόως
683 4292 700 4320 ,
742 4242 1031 4321 σφοδρῶς.
1074 4242 1266 4329 Apud
1290 4242 1558 4308 Suidam
1585 4249 1711 4307 est:
1754 4244 2028 4317 ὤναίδην.
2067 4244 2285 4321 ἁθρόως
2306 4293 2323 4322 ,
2352 4247 2659 4326 σφοδρῶς,

267 4349 859 4428 ἄπηρυθριασμένως.
930 4350 1052 4430 Qui
1099 4350 1443 4415 verborum
1492 4347 1645 4414 ordo
1693 4354 1984 4414 mutatus
2038 4351 2359 4436 originem
2403 4351 2655 4438 glossae

267 4456 595 4521 manifeste
639 4457 934 4535 vitiosae,
979 4455 1079 4523 vel
1125 4458 1217 4522 sic
1264 4479 1388 4522 non
1428 4458 1797 4536 obscuram,
1837 4454 2074 4525 clarius
2113 4461 2311 4525 etiam
2350 4460 2645 4525 ostendit.
2712 4486 2735 4505 ·
