3246 5085
603 301 736 368 214
1649 323 1961 374 nonnus.

689 487 1033 553 Praeteriit
1081 494 1371 574 tempus3
1421 509 1546 574 quo
1594 490 1659 552 in
1708 487 1848 554 loco
1894 488 2145 554 dictum
2192 495 2324 568 est,
2370 491 2579 575 parati
2622 488 2785 555 nihil
2828 495 2944 557 est.

691 590 904 658 Homo
951 595 1088 678 ipse
1134 615 1456 679 nusquam
1509 640 1524 658 .
1555 642 1570 658 .
1599 643 1614 659 .

600 696 638 762 7
688 696 997 777 Quisnam
1047 700 1195 765 hinc
1233 721 1270 764 a
1315 699 1558 765 Thaide
1605 698 1781 765 exit?
1826 701 1889 766 Is
1936 707 2033 766 est
2079 721 2157 766 an
2198 723 2326 766 non
2366 698 2506 767 est?
2554 700 2741 787 Ipsus
2778 708 2895 768 est.

689 803 854 883 Quid
905 805 1022 870 hoc
1069 804 1391 871 hominis?
1439 805 1606 887 Quid
1656 807 1760 872 hic
1799 805 2104 873 ornatus?
2152 807 2321 889 Quid
2360 806 2525 872 illud
2565 807 2721 873 mali
2760 805 2898 874 est?

687 910 785 992 (l)
837 911 1218 990 „Praeteriit
1259 913 1558 998 tempus”
1603 915 1755 998 quia
1799 921 2099 998 „tempus
2124 917 2554 979 constitutum
2579 915 2716 979 est”
2746 919 2869 994 (vs.
2896 912 2987 994 3).

597 1016 693 1098 (2)
759 1040 928 1104 „quo
987 1021 1055 1083 in
1103 1018 1285 1084 loco”
1335 1022 1486 1105 quia
1537 1017 1757 1098 „locus
1802 1023 2193 1086 constitutus
2238 1020 2378 1086 est”
2426 1020 2655 1102 (ibid.).
2796 1018 2897 1084 Ad
2944 1019 2984 1084 5

601 1123 857 1201 „Homo
902 1125 1083 1209 ipse”
1134 1127 1285 1211 quia
1336 1123 1729 1202 „Chaeream
1770 1129 1829 1192 ei
1871 1129 1963 1192 rei
2006 1126 2467 1212 praefecimus’'
2510 1133 2629 1204 (vs.
2656 1125 2749 1205 2).
2886 1123 2988 1190 Ad

598 1229 640 1295 8
666 1229 762 1310 (3)
815 1231 1023 1311 „Quid
1067 1231 1129 1296 h.
1170 1231 1232 1296 h.
1277 1233 1414 1297 est’'
1456 1231 1623 1317 quod
1664 1253 1701 1298 a
1740 1231 1981 1298 Thaide
2020 1233 2305 1318 ephebus
2343 1234 2499 1297 exit.
2637 1233 2736 1313 (4)
2779 1229 2990 1312 „Quid

599 1336 662 1400 h.
714 1337 818 1402 0.”
868 1338 1038 1422 quod
1083 1336 1160 1404 de
1206 1338 1484 1403 eunuchi
1534 1343 1711 1405 veste
1760 1340 2025 1404 indutus
2074 1346 2192 1406 est.
2288 1338 2388 1404 Ad
2430 1337 2470 1403 9
2514 1337 2726 1418 „Quid
2765 1339 2811 1402 i.
2854 1337 2989 1402 m.”

597 1442 767 1528 quod
817 1443 1091 1509 timidus
1137 1443 1485 1530 egreditur.

688 1551 864 1616 Haec
925 1553 1142 1616 omnia
1201 1554 1271 1616 in
1319 1573 1510 1616 usum
1563 1554 1850 1617 tironum
1898 1574 1934 1618 a
1984 1555 2313 1639 magistris
2362 1551 2599 1618 dIctata
2644 1571 2759 1636 per
2804 1547 2994 1618 Com-

596 1656 939 1742 pilatorem
984 1658 1110 1722 huc
1155 1665 1614 1744 permanerunt
1645 1659 1711 1739 ¹).

689 1763 852 1844 8(1)
902 1763 1059 1830 Vide
1105 1787 1184 1830 an
1229 1764 1494 1850 longam
1535 1769 1965 1831 narrationem
2010 1769 2214 1851 possit
2255 1767 2511 1844 audire,
2554 1767 2667 1850 qui
2704 1762 2988 1830 nondum

597 1872 804 1935 amico
849 1878 1144 1936 narrante
1190 1875 1324 1937 iam
1373 1873 1476 1951 (cf.
1519 1893 1654 1938 var.
1694 1869 1769 1952 1.)
1817 1872 2106 1957 pendeat.
2246 1871 2342 1952 (2)
2392 1872 2547 1938 Vide
2587 1894 2665 1937 an
2706 1873 2993 1957 potuerit

601 1979 1004 2042 meretricem
1060 1979 1354 2064 ignotam
1417 1979 1536 2044 hoc
1599 1979 1826 2044 habitu
1892 1985 2084 2064 atque
2146 1985 2371 2044 ornatu
2434 1977 2689 2056 fallere,
2750 1980 2865 2063 qui
2908 1977 2989 2042 ab

599 2083 962 2168 Antiphone
1009 2087 1120 2150 vix
1167 2087 1554 2171 agnoscitur.
1695 2085 1871 2151 Haec
1919 2092 2242 2171 postrema
2286 2085 2647 2152 observatio
2692 2088 2990 2170 opportu-

599 2191 868 2254 nissima
915 2196 1015 2256 est
1029 2212 1046 2270 ς
1097 2190 1213 2256 illa
1257 2213 1384 2256 non
1430 2192 1508 2256 ad
1557 2192 1727 2256 hunc
1772 2212 2032 2257 versum
2078 2194 2392 2278 pertinet,
2442 2192 2552 2257 sed
2599 2192 2863 2256 fortasse
2908 2189 2991 2254 ad

600 2293 641 2358 4
685 2299 1060 2380 „praeteriit
1103 2296 1402 2382 tempus”
1445 2303 1627 2375 cett.;
1673 2297 1828 2382 quid
1866 2305 2086 2363 autem
2125 2299 2249 2364 sibi
2287 2297 2435 2364 vult
2474 2300 2647 2374 „iam
2672 2295 2985 2382 pendeat”

603 2408 1069 2485 usurpatumne
1117 2423 1230 2488 pro
1281 2401 1727 2480 „festinatione
1768 2402 2131 2490 trepidet’'?
2186 2400 2489 2472 Ceterum
2534 2402 2817 2488 Antipho
2852 2422 2995 2466 nar-

599 2511 846 2573 rantem
895 2510 1174 2575 amicum
1227 2508 1661 2595 placidissime
1708 2511 1929 2577 audiet
1975 2532 2087 2597 per
2134 2517 2335 2578 totam
2384 2531 2679 2577 scaenam
2726 2528 2990 2595 sequen-

601 2618 768 2693 tem,
836 2621 906 2679 ut
954 2637 1074 2680 non
1123 2636 1438 2702 assequar,
1485 2616 1640 2702 quid
1686 2618 1839 2683 haec
1888 2618 2249 2685 observatio
2297 2620 2611 2683 momenti
2658 2622 2772 2683 aut
2816 2614 2995 2680 utili·

597 2721 750 2786 tatis
798 2721 1048 2787 habeat.

685 2938 782 3004 111
831 2936 893 3003 5.
920 2937 962 3003 2
1025 2937 1244 3003 Iamne
1293 2958 1628 3023 erumpere
1676 2939 1795 3004 hoc
1841 2938 2005 3003 mihi
2053 2937 2203 3004 licet
2248 2934 2607 3026 gaudium?

686 3047 782 3125 (1)
847 3044 1286 3130 „Erumpere”
1349 3046 1532 3130 quasi
1588 3048 1874 3110 activum
1930 3045 2195 3111 verbum
2242 3048 2459 3131 posuit
2508 3066 2621 3131 pro
2668 3042 2983 3121 neutrali,

597 3156 673 3214 ut
717 3153 832 3216 sit:
882 3149 1033 3215 licet
1079 3151 1245 3216 mihi
1295 3172 1630 3237 erumpere
1676 3152 1793 3217 hoc
1838 3149 2197 3238 gaudium?
2244 3173 2395 3217 cum
2430 3154 2519 3216 sit
2556 3150 2981 3237 „erumpere”

596 3260 776 3341 quasi
822 3260 1050 3321 exire
1097 3263 1163 3323 et
1204 3257 1454 3336 „mihi”
1502 3279 1614 3343 pro
1662 3280 1700 3323 a
1749 3279 1888 3324 me.
1982 3258 2077 3340 (2)
2124 3257 2361 3324 Utrum
2406 3256 2829 3344 „erumpere”
2866 3278 2983 3343 pro

597 3365 996 3428 emittere
1045 3366 1294 3448 posuit,
1344 3384 1422 3429 an
1475 3364 1900 3451 „erumpere”
1950 3386 2064 3451 pro
2112 3364 2619 3441 exclamare,
2666 3369 2743 3429 ut
2780 3384 2984 3428 rum-

596 3490 788 3555 pere
834 3489 873 3534 v
898 3489 1119 3535 ocem
1163 3469 1398 3535 dicitur
1439 3473 1550 3557 qui
1587 3467 1945 3537 exclamat?
1995 3470 2204 3549 „Nam
2247 3493 2360 3558 pro
2399 3470 2732 3559 Iuppiter”
2775 3470 2981 3536 dictu-

593 3598 704 3642 rus
750 3582 867 3643 est.

688 3683 863 3749 Haec
908 3686 1302 3769 comparanti
1349 3684 1504 3769 quid
1551 3683 1986 3751 adulterinum
2032 3686 2117 3749 sit
2161 3687 2228 3750 in
2278 3690 2583 3770 promptu
2629 3688 2746 3749 est.
2819 3684 2983 3748 Auc-

594 3797 692 3855 tor
767 3792 996 3876 prioris
1067 3796 1293 3876 putare
1364 3790 1620 3855 videtur
1694 3790 2111 3877 „erumpere”
2184 3812 2435 3876 semper
2503 3811 2637 3856 esse
2706 3791 2981 3856 verbum

595 3904 932 3975 neutrum,
1005 3900 1271 3974 exire,
1345 3903 1410 3962 et
1468 3900 1709 3962 nescire
1774 3919 1968 3993 usum
2014 3900 2300 3963 activum
2348 3897 2520 3984 apud
2566 3895 2976 3975 Ciceronem,

593 4000 958 4079 Caesarem,
1009 4002 1310 4079 Livium,
1363 4003 1471 4067 ubi
1515 4002 1663 4069 vide
1701 4003 2145 4070 Weissenborn
2184 4005 2263 4069 ad
2304 4002 2409 4069 36.
2440 4002 2499 4069 7.
2534 4002 2637 4069 13.
2772 4003 2977 4068 Dona-

593 4116 698 4174 tus
766 4107 860 4189 (1)
923 4109 1105 4175 novit
1168 4107 1337 4173 hunc
1401 4129 1629 4187 usum,
1678 4110 1786 4175 sed
1832 4110 2083 4176 dubitat
2130 4111 2208 4176 de
2256 4111 2451 4175 huius
2498 4109 2621 4177 loci
2666 4109 2979 4198 significa-

595 4216 800 4291 tione,
842 4216 1006 4280 sitne
1048 4215 1853 4301 fortasse=rumpere,
1902 4216 1980 4283 ad
2020 4216 2390 4303 exemplum
2431 4239 2527 4284 vo
2559 4238 2727 4285 cem
2776 4238 2981 4283 rum-

593 4370 847 4379 —-———-
872 4372 885 4377 -
906 4370 982 4377 ——.

599 4456 610 4467 ’
662 4465 713 4527 1)
747 4464 820 4515 Cf.
855 4462 983 4512 intra
1015 4462 1194 4511 similia
1223 4461 1284 4511 ad
1317 4459 1383 4509 lv
1421 4464 1454 4511 4
1490 4462 1554 4508 54
1572 4461 1643 4523 (1)
1676 4464 1746 4523 (3)
1778 4464 1863 4523 (⁵).
