3246 5085
1363 343 1673 393 Donamus.
2362 425 2385 442 ,
2541 325 2675 394 233

375 505 538 574 Don.
602 511 760 575 scite
823 509 922 591 (1)
981 508 1082 574 Ex
1128 515 1308 595 parte
1353 511 1705 586 consentit,
1754 512 1867 595 qui
1913 512 2004 575 sic
2050 512 2429 598 interrog-at.
2566 510 2669 576 IP

277 613 378 696 (2)
416 613 778 684 Credere
818 616 1173 700 dubitantis
1214 623 1338 693 est,
1379 622 1699 682 certum
1742 638 1924 683 esse
1960 616 2235 683 fidentis.
2375 617 2667 684 Donatus

273 741 597 807 nusquam
638 721 906 808 allegat,
950 743 1111 808 quae
1151 722 1232 788 ad
1270 745 1408 789 rem
1447 744 1571 789 non
1613 726 1935 808 pertinent
1973 729 2039 789 et
2078 726 2350 799 minime
2388 727 2667 790 otiosum
2788 809 2791 812 ἦ

272 828 648 893 istiusmodi
695 830 1154 895 veriverbium.

370 931 532 998 Ibid.
583 933 668 998 46
733 934 831 1014 (2)
895 934 1182 1021 „Frugi”
1250 934 1438 1000 utilis·
1495 957 1567 1000 ac
1628 939 2021 1002 necessarius
2043 985 2059 1014 ,
2126 957 2163 1002 a
2232 937 2303 1001 fr
2320 957 2363 1001 u
2380 938 2526 1023 gib
2544 958 2589 1002 u
2607 959 2637 1003 s
2655 985 2673 1015 ,

272 1059 438 1124 quae
501 1040 668 1126 quod
729 1042 831 1106 his
891 1042 1274 1107 fruamur
1333 1045 1426 1106 ita
1489 1042 1696 1108 dictae
1748 1049 1935 1122 sunt;
1990 1081 2070 1092 —
2121 1043 2291 1108 unde
2335 1043 2624 1108 fructu
2646 1063 2676 1108 s

271 1153 338 1210 et
387 1146 924 1213 frumentum.
979 1186 1062 1197 —
1105 1147 1201 1229 (3)
1251 1147 1446 1214 Frui
1493 1154 1713 1216 autem
1763 1155 1860 1215 est
1909 1152 2120 1228 vesci,
2172 1171 2209 1216 a
2256 1149 2671 1228 frumine,

274 1272 440 1338 quae
487 1259 584 1319 est
630 1275 887 1320 summa
931 1276 1078 1340 pars
1125 1253 1321 1342 gulae
1340 1303 1358 1334 ,
1407 1260 1557 1322 cett.
1698 1255 2039 1322 Emblema
2058 1260 2462 1322 ‘continuum
2502 1255 2676 1322 scho-

275 1357 444 1424 lium
491 1362 690 1446 rupit.

372 1541 425 1606 V
476 1542 534 1609 1.
565 1541 603 1607 5
673 1542 1026 1608 Eunuchus
1073 1543 1272 1609 abiit:
1323 1564 1516 1630 quam
1566 1544 1646 1610 ob
1693 1566 1832 1610 rem
1880 1551 1945 1611 et
1990 1545 2147 1631 quid
2189 1545 2440 1612 factum
2486 1549 2585 1610 est

367 1651 492 1728 (1)”
529 1649 691 1730 Quia
751 1653 954 1715 nescit
1015 1671 1308 1729 causam,
1371 1672 1494 1717 non
1561 1652 1818 1738 „fugit”
1870 1651 2033 1718 dixit
2078 1652 2185 1718 sed
2237 1653 2504 1730 ,‚abiit’',
2550 1671 2665 1716 nec

279 1753 670 1835 „Chaerea'’,
712 1756 820 1822 sed
864 1757 1302 1835 „eunuchus''.
1441 1757 1657 1823 Nimis
1701 1761 2012 1837 otiosum,
2054 1779 2202 1823 cum
2227 1761 2293 1822 in
2317 1760 2455 1844 ipso
2482 1762 2667 1822 textu

271 1863 538 1950 'legatur
597 1866 826 1929 nesciri
887 1885 1178 1941 causam,
1245 1869 1309 1929 et
1372 1864 1448 1930 de
1495 1865 1881 1932 nominando
1928 1864 2209 1934 Chaerea
2258 1867 2517 1930 omnino
2564 1865 2670 1931 hic

277 1991 489 2036 sermo
535 1991 670 2035 esse
718 1969 1004 2036 nondum
1052 1972 1286 2056 potuit.

367 2076 529 2143 Ibid.
581 2074 620 2142 7
691 2077 847 2157 Quis
894 2076 1024 2142 fuit
1068 2074 1316 2164 igitur?
1389 2077 1441 2142 P
1459 2099 1527 2163 y.
1576 2076 1705 2144 Iste
1754 2075 2035 2145 Chaerea

366 2183 464 2263 (1)
523 2183 700 2249 Haec
763 2185 1168 2250 cunctatione
1215 2183 1686 2268 pronuntianda
1732 2191 1916 2263 sunt,
1964 2187 2115 2271 quia
2161 2190 2273 2251 aut
2318 2186 2528 2250 invita
2576 2185 2671 2248 in-

274 2289 446 2356 dicat
506 2295 620 2356 aut
681 2289 936 2355 dubitat
999 2289 1076 2354 de
1122 2286 1382 2356 nomine
1427 2293 1637 2377 ignoti
1683 2298 1797 2385 aut
1844 2291 2124 2378 trepidat
2170 2312 2285 2377 per
2330 2293 2631 2356 timorem

275 2403 351 2462 ut
399 2417 525 2462 non
573 2395 869 2462 videatur
916 2395 1195 2462 adfuisse
1239 2395 1345 2462 vel
1391 2399 1584 2462 scisse
1632 2418 1783 2462 cum
1830 2398 2043 2475 fieret,
2096 2405 2208 2464 aut
2256 2396 2665 2475 (ostendat),

275 2525 471 2590 quam
517 2525 641 2569 non
688 2501 963 2569 libenter
1008 2502 1176 2569 dicat
1223 2505 1362 2569 eius
1401 2523 1670 2589 nomen,
1711 2507 1817 2571 cui
1853 2507 2169 2571 irascitur.
2354 2503 2459 2571 Sic
2496 2502 2659 2570 Don.

273 2612 470 2676 nimis
509 2610 783 2676 fortasse
810 2608 1120 2696 prolixus.
1161 2609 1502 2695 Sequitur:
1537 2610 1636 2691 (2)
1674 2610 1798 2677 Sed
1836 2633 1957 2699 ego
1981 2632 2255 2700 agnosco
2279 2610 2656 2677 ancillarum

272 2715 837 2794 consuetudinem,
887 2716 1054 2802 quod
1103 2716 1447 2783 obliviosae
1497 2724 1651 2783 sunt
1688 2722 2027 2784 nominum
2060 2717 2125 2799 ¹).
2281 2717 2389 2783 Sic
2410 2716 2660 2783 Editor.

365 2822 527 2889 Ibid.
578 2822 620 2888 8
691 2822 827 2910 Py.
878 2822 1008 2888 Iste
1055 2822 1337 2908 ephebus
1385 2824 1586 2889 frater
1631 2822 1983 2889 Phaedriae

366 2929 468 3011 (1)
535 2928 865 3015 Ephebi
934 2950 1168 2995 nomen
1237 2930 1318 2995 ad
1388 2934 1667 2996 aetatem
1731 2929 2021 3009 rettulit,
2092 2952 2217 2996 non
2280 2929 2359 2996 ad
2420 2930 2667 2995 facinus

270 3037 714 3103 commissum.
901 3033 1181 3101 Obscura
1243 3034 1570 3102 adnotatio
1614 3035 1932 3103 declarare
1980 3036 2239 3101 videtur
2285 3035 2455 3122 quod
2501 3035 2663 3101 Don.

265 3144 528 3227 scripsit
575 3142 672 3223 (2)
719 3142 1108 3228 Ephebus
1155 3145 1280 3208 cito
1331 3148 1436 3224 (=
1458 3144 1765 3223 breviter)
1812 3142 2109 3221 ostendit,
2159 3164 2273 3209 cur
2316 3145 2499 3216 <sit>
2539 3144 2664 3207 iste

265 3249 602 3316 eunuchus
649 3250 930 3315 creditus
977 3248 1141 3331 (scil.
1192 3252 1343 3335 quia
1389 3252 1585 3317 etiam
1633 3251 1913 3317 eunuchi
1961 3248 2213 3317 virilem
2266 3250 2495 3316 faciem
2541 3270 2665 3315 non

269 3356 554 3437 habent).

361 3461 523 3529 Ibid.
577 3458 660 3527 17
733 3461 900 3542 Quid
946 3460 1110 3527 illud
1159 3462 1441 3528 hominis
1489 3460 1625 3528 est?

360 3568 456 3651 (2)
502 3569 626 3633 Per
669 3571 1050 3655 genetivum
1098 3588 1318 3634 casum
1364 3571 1673 3635 iniuriose
1718 3568 1971 3647 dicitur,
2020 3590 2133 3655 per
2177 3570 2655 3635 nominativum

261 3674 628 3743 honorifice.
812 3674 1081 3739 Videtur
1125 3677 1405 3740 imitatio
1451 3674 1681 3741 scholii
1726 3674 1997 3742 Don.ad
2080 3672 2143 3740 Π
2179 3673 2243 3742 2.
2273 3672 2453 3756 6(1).
2501 3674 2661 3739 Vide

268 3803 466 3868 supra
513 3804 575 3869 p.
631 3778 734 3847 13.

368 3964 416 4029 V
449 3965 510 4030 2.
537 3964 569 4029 1
625 3963 816 4051 Apud
839 3960 1279 4049 Antiphonem
1308 3970 1595 4051 uterque,
1622 3971 1804 4052 pater
1827 3971 1890 4031 et
1916 3971 2139 4043 mater,
2284 3965 2459 4031 domi
2483 3973 2663 4031 erant

363 4070 462 4152 (3)
525 4071 672 4136 Non
734 4077 1095 4157 uterque
1141 4077 1382 4157 pater
1427 4078 1494 4137 et
1541 4078 1909 4169 utraque
1957 4078 2258 4154 mater,
2306 4073 2415 4139 sed
2461 4080 2658 4139 uter-

267 4200 304 4265 q
326 4201 372 4244 u
389 4199 424 4243 e
471 4200 512 4263 p
529 4197 567 4242 a
583 4199 617 4241 r
633 4198 666 4242 e
683 4198 728 4241 n
745 4198 776 4242 s
794 4224 810 4255 ,
860 4180 1012 4262 quia
1059 4182 1270 4243 mater
1315 4184 1380 4243 et
1425 4185 1629 4263 pater.
1769 4177 2150 4264 Insipidum.

335 4396 390 4459 1)
423 4393 504 4443 Sic
537 4393 790 4458 legendum
824 4391 1026 4442 videtur.
1065 4392 1214 4441 Codd.
1247 4390 1525 4457 compendia
1559 4390 1735 4441 habent
1771 4390 1852 4440 dn.
1885 4391 1995 4450 dno,
2034 4392 2156 4441 unde
2196 4394 2376 4443 Weann.
2416 4394 2658 4445 ‚domina-

261 4476 422 4538 rum”,
455 4477 584 4541 quod
615 4491 710 4526 non
745 4474 989 4541 intellego.
1041 4477 1110 4525 De
1139 4490 1248 4541 ego
1281 4476 1344 4525 cf.
1383 4476 1568 4526 Mnem.
1603 4472 1789 4525 XXXII
1826 4489 1871 4540 p.
1904 4475 2020 4525 228.
