<?xml version="1.0" encoding="UTF-8"?>
<!DOCTYPE html PUBLIC "-//W3C//DTD XHTML 1.0 Transitional//EN"
    "http://www.w3.org/TR/xhtml1/DTD/xhtml1-transitional.dtd">
<html xmlns="http://www.w3.org/1999/xhtml" xml:lang="en" lang="en">
 <head>
  <title>
</title>
<meta http-equiv="Content-Type" content="text/html;charset=utf-8" />
  <meta name='ocr-system' content='tesseract 3.04.00' />
  <meta name='ocr-capabilities' content='ocr_page ocr_carea ocr_par ocr_line ocrx_word'/>
</head>
<body>
  <div class='ocr_page' id='page_1' title='image "./mnemosynevolume03verdgoog_0012.png"; bbox 0 0 3246 5085; ppageno 0'>
   <div class='ocr_carea' id='block_1_1' title="bbox 609 288 1957 360">
    <p class='ocr_par' dir='ltr' id='par_1_1' title="bbox 609 288 1957 360">
     <span class='ocr_line' id='line_1_1' title="bbox 609 288 1957 360; baseline 0.004 -8"><span class='ocrx_word' id='word_1_1' title='bbox 609 288 652 352; x_wconf 85' lang='lat'>4</span> <span class='ocrx_word' id='word_1_2' title='bbox 1652 311 1957 360; x_wconf 64' lang='lat' dir='ltr'>nona-rus.</span> 
     </span>
    </p>
   </div>
   <div class='ocr_carea' id='block_1_2' title="bbox 534 471 2997 4468">
    <p class='ocr_par' dir='ltr' id='par_1_2' title="bbox 603 471 2993 859">
     <span class='ocr_line' id='line_1_2' title="bbox 603 471 2989 560; baseline 0.003 -27"><span class='ocrx_word' id='word_1_3' title='bbox 603 473 960 534; x_wconf 86' lang='lat' dir='ltr'>notationes</span> <span class='ocrx_word' id='word_1_4' title='bbox 1021 474 1179 535; x_wconf 87' lang='lat' dir='ltr'>istae</span> <span class='ocrx_word' id='word_1_5' title='bbox 1245 471 1514 551; x_wconf 90' lang='lat' dir='ltr'>Donati,</span> <span class='ocrx_word' id='word_1_6' title='bbox 1578 476 1813 560; x_wconf 89' lang='lat' dir='ltr'>quibus</span> <span class='ocrx_word' id='word_1_7' title='bbox 1876 474 2042 540; x_wconf 87' lang='lat' dir='ltr'>nihil</span> <span class='ocrx_word' id='word_1_8' title='bbox 2102 477 2317 559; x_wconf 90' lang='lat' dir='ltr'>aptius</span> <span class='ocrx_word' id='word_1_9' title='bbox 2379 496 2690 560; x_wconf 88' lang='lat' dir='ltr'>umquam</span> <span class='ocrx_word' id='word_1_10' title='bbox 2738 475 2989 540; x_wconf 88' lang='lat' dir='ltr'>dictum</span> 
     </span>
     <span class='ocr_line' id='line_1_3' title="bbox 603 577 2993 666; baseline 0.003 -28"><span class='ocrx_word' id='word_1_11' title='bbox 603 581 699 639; x_wconf 86' lang='lat' dir='ltr'>est</span> <span class='ocrx_word' id='word_1_12' title='bbox 767 577 835 638; x_wconf 88' lang='lat' dir='ltr'>in</span> <span class='ocrx_word' id='word_1_13' title='bbox 903 582 1156 660; x_wconf 82' lang='lat' dir='ltr'>poetam</span> <span class='ocrx_word' id='word_1_14' title='bbox 1227 583 1341 642; x_wconf 90' lang='lat' dir='ltr'>aut</span> <span class='ocrx_word' id='word_1_15' title='bbox 1408 581 1842 664; x_wconf 80' lang='lat' dir='ltr'>ingeniosius,</span> <span class='ocrx_word' id='word_1_16' title='bbox 1918 582 2153 666; x_wconf 90' lang='lat' dir='ltr'>partim</span> <span class='ocrx_word' id='word_1_17' title='bbox 2240 583 2547 646; x_wconf 85' lang='lat' dir='ltr'>sermonis</span> <span class='ocrx_word' id='word_1_18' title='bbox 2624 579 2993 646; x_wconf 78' lang='lat' dir='ltr'>Terentiani</span> 
     </span>
     <span class='ocr_line' id='line_1_4' title="bbox 603 683 2991 772; baseline 0.003 -30"><span class='ocrx_word' id='word_1_19' title='bbox 603 683 1090 764; x_wconf 78' lang='lat' dir='ltr'>proprietatem,</span> <span class='ocrx_word' id='word_1_20' title='bbox 1169 689 1417 766; x_wconf 89' lang='lat' dir='ltr'>partem</span> <span class='ocrx_word' id='word_1_21' title='bbox 1487 683 1852 749; x_wconf 88' lang='lat' dir='ltr'>fabularum</span> <span class='ocrx_word' id='word_1_22' title='bbox 1925 689 2363 750; x_wconf 82' lang='lat' dir='ltr'>oeconomiam</span> <span class='ocrx_word' id='word_1_23' title='bbox 2432 707 2505 750; x_wconf 91' lang='lat' dir='ltr'>ac</span> <span class='ocrx_word' id='word_1_24' title='bbox 2573 705 2991 772; x_wconf 85' lang='lat' dir='ltr'>personarum</span> 
     </span>
     <span class='ocr_line' id='line_1_5' title="bbox 607 787 977 859; baseline 0.005 -11"><span class='ocrx_word' id='word_1_25' title='bbox 607 787 977 859; x_wconf 73' lang='grc' dir='ltr'><strong><em>ἦθοποιίων.”</em></strong></span> 
     </span>
    </p>

    <p class='ocr_par' dir='ltr' id='par_1_3' title="bbox 596 890 2997 1824">
     <span class='ocr_line' id='line_1_6' title="bbox 693 890 2992 983; baseline 0.003 -28"><span class='ocrx_word' id='word_1_26' title='bbox 693 890 952 970; x_wconf 79' lang='lat' dir='ltr'>Quoties</span> <span class='ocrx_word' id='word_1_27' title='bbox 997 895 1204 979; x_wconf 85' lang='lat' dir='ltr'>igitur</span> <span class='ocrx_word' id='word_1_28' title='bbox 1247 897 1432 959; x_wconf 88' lang='lat' dir='ltr'>iuxta</span> <span class='ocrx_word' id='word_1_29' title='bbox 1478 898 1835 960; x_wconf 88' lang='lat' dir='ltr'>notationes</span> <span class='ocrx_word' id='word_1_30' title='bbox 1884 895 2246 983; x_wconf 76' lang='lat' dir='ltr'>eleg-antee,</span> <span class='ocrx_word' id='word_1_31' title='bbox 2288 899 2592 974; x_wconf 78' lang='lat' dir='ltr'>sincerae,</span> <span class='ocrx_word' id='word_1_32' title='bbox 2634 897 2992 982; x_wconf 75' lang='lat' dir='ltr'>pellucidae</span> 
     </span>
     <span class='ocr_line' id='line_1_7' title="bbox 602 998 2996 1088; baseline 0.002 -27"><span class='ocrx_word' id='word_1_33' title='bbox 602 1005 667 1061; x_wconf 89' lang='lat' dir='ltr'>et</span> <span class='ocrx_word' id='word_1_34' title='bbox 728 998 1007 1062; x_wconf 89' lang='lat' dir='ltr'>eruditas</span> <span class='ocrx_word' id='word_1_35' title='bbox 1067 1005 1373 1084; x_wconf 80' lang='lat' dir='ltr'>apparent</span> <span class='ocrx_word' id='word_1_36' title='bbox 1435 1000 1677 1065; x_wconf 89' lang='lat' dir='ltr'>scholia</span> <span class='ocrx_word' id='word_1_37' title='bbox 1740 1005 2079 1087; x_wconf 81' lang='lat' dir='ltr'>nugatoria</span> <span class='ocrx_word' id='word_1_38' title='bbox 2142 1010 2204 1067; x_wconf 90' lang='lat' dir='ltr'>et</span> <span class='ocrx_word' id='word_1_39' title='bbox 2265 1005 2519 1088; x_wconf 88' lang='lat' dir='ltr'>inepta,</span> <span class='ocrx_word' id='word_1_40' title='bbox 2600 1003 2751 1068; x_wconf 86' lang='lat' dir='ltr'>haec</span> <span class='ocrx_word' id='word_1_41' title='bbox 2812 1002 2996 1067; x_wconf 89' lang='lat' dir='ltr'>nulla</span> 
     </span>
     <span class='ocr_line' id='line_1_8' title="bbox 601 1105 2997 1194; baseline 0.002 -26"><span class='ocrx_word' id='word_1_42' title='bbox 601 1106 1020 1170; x_wconf 77' lang='lat' dir='ltr'>haesitatione</span> <span class='ocrx_word' id='word_1_43' title='bbox 1065 1105 1633 1191; x_wconf 85' lang='lat' dir='ltr'>interpolatoribus</span> <span class='ocrx_word' id='word_1_44' title='bbox 1680 1108 2059 1192; x_wconf 90' lang='lat' dir='ltr'>imputanda</span> <span class='ocrx_word' id='word_1_45' title='bbox 2103 1115 2275 1172; x_wconf 88' lang='lat' dir='ltr'>sunt.</span> <span class='ocrx_word' id='word_1_46' title='bbox 2340 1109 2436 1172; x_wconf 84' lang='lat' dir='ltr'>Ex</span> <span class='ocrx_word' id='word_1_47' title='bbox 2481 1109 2601 1173; x_wconf 89' lang='lat' dir='ltr'>hac</span> <span class='ocrx_word' id='word_1_48' title='bbox 2645 1108 2826 1194; x_wconf 83' lang='lat' dir='ltr'>lege,</span> <span class='ocrx_word' id='word_1_49' title='bbox 2876 1129 2997 1174; x_wconf 89' lang='lat' dir='ltr'>nec</span> 
     </span>
     <span class='ocr_line' id='line_1_9' title="bbox 599 1211 2995 1299; baseline 0.001 -24"><span class='ocrx_word' id='word_1_50' title='bbox 599 1233 725 1276; x_wconf 91' lang='lat' dir='ltr'>non</span> <span class='ocrx_word' id='word_1_51' title='bbox 764 1212 971 1276; x_wconf 90' lang='lat' dir='ltr'>adiuti</span> <span class='ocrx_word' id='word_1_52' title='bbox 1007 1211 1470 1298; x_wconf 88' lang='lat' dir='ltr'>particularum</span> <span class='ocrx_word' id='word_1_53' title='bbox 1506 1212 1872 1298; x_wconf 90' lang='lat' dir='ltr'>aliquarum</span> <span class='ocrx_word' id='word_1_54' title='bbox 1912 1216 2128 1298; x_wconf 87' lang='lat' dir='ltr'>inepta</span> <span class='ocrx_word' id='word_1_55' title='bbox 2168 1213 2595 1299; x_wconf 88' lang='lat' dir='ltr'>adparitione,</span> <span class='ocrx_word' id='word_1_56' title='bbox 2635 1218 2767 1279; x_wconf 87' lang='lat' dir='ltr'>iam</span> <span class='ocrx_word' id='word_1_57' title='bbox 2809 1213 2995 1278; x_wconf 85' lang='lat' dir='ltr'>Sab-</span> 
     </span>
     <span class='ocr_line' id='line_1_10' title="bbox 603 1317 2991 1404; baseline 0.001 -23"><span class='ocrx_word' id='word_1_58' title='bbox 603 1318 884 1382; x_wconf 87' lang='lat' dir='ltr'>badini</span> <span class='ocrx_word' id='word_1_59' title='bbox 946 1321 1015 1382; x_wconf 91' lang='lat' dir='ltr'>in</span> <span class='ocrx_word' id='word_1_60' title='bbox 1077 1318 1375 1382; x_wconf 80' lang='lat' dir='ltr'>Eunuchi</span> <span class='ocrx_word' id='word_1_61' title='bbox 1437 1325 1558 1383; x_wconf 86' lang='lat' dir='ltr'>act.</span> <span class='ocrx_word' id='word_1_62' title='bbox 1621 1317 1653 1382; x_wconf 95' lang='lat' dir='ltr'>I</span> <span class='ocrx_word' id='word_1_63' title='bbox 1719 1323 1783 1382; x_wconf 91' lang='lat' dir='ltr'>et</span> <span class='ocrx_word' id='word_1_64' title='bbox 1830 1317 1892 1382; x_wconf 93' lang='lat' dir='ltr'>II</span> <span class='ocrx_word' id='word_1_65' title='bbox 1941 1327 2005 1382; x_wconf 89' lang='lat' dir='ltr'>et</span> <span class='ocrx_word' id='word_1_66' title='bbox 2054 1317 2541 1385; x_wconf 88' lang='lat' dir='ltr'>Wessnerus</span> <span class='ocrx_word' id='word_1_67' title='bbox 2586 1322 2827 1404; x_wconf 87' lang='lat' dir='ltr'>passim</span> <span class='ocrx_word' id='word_1_68' title='bbox 2872 1340 2991 1403; x_wconf 85' lang='lat' dir='ltr'>per</span> 
     </span>
     <span class='ocr_line' id='line_1_11' title="bbox 599 1422 2990 1509; baseline 0 -22"><span class='ocrx_word' id='word_1_69' title='bbox 599 1430 813 1487; x_wconf 86' lang='lat' dir='ltr'>totum</span> <span class='ocrx_word' id='word_1_70' title='bbox 876 1436 1319 1489; x_wconf 88' lang='lat' dir='ltr'>commentum</span> <span class='ocrx_word' id='word_1_71' title='bbox 1382 1422 1591 1487; x_wconf 88' lang='lat' dir='ltr'>multa</span> <span class='ocrx_word' id='word_1_72' title='bbox 1638 1425 1857 1509; x_wconf 89' lang='lat' dir='ltr'>spuria</span> <span class='ocrx_word' id='word_1_73' title='bbox 1898 1423 2468 1509; x_wconf 87' lang='lat' dir='ltr'>deprehenderunt.</span> <span class='ocrx_word' id='word_1_74' title='bbox 2542 1423 2719 1489; x_wconf 90' lang='lat' dir='ltr'>Haec</span> <span class='ocrx_word' id='word_1_75' title='bbox 2767 1429 2990 1488; x_wconf 89' lang='lat' dir='ltr'>autem</span> 
     </span>
     <span class='ocr_line' id='line_1_12' title="bbox 597 1529 2992 1615; baseline 0.001 -23"><span class='ocrx_word' id='word_1_76' title='bbox 597 1549 822 1592; x_wconf 88' lang='lat' dir='ltr'>norma</span> <span class='ocrx_word' id='word_1_77' title='bbox 883 1533 938 1594; x_wconf 87' lang='lat' dir='ltr'>si</span> <span class='ocrx_word' id='word_1_78' title='bbox 1004 1551 1036 1594; x_wconf 87' lang='lat' dir='ltr'>a</span> <span class='ocrx_word' id='word_1_79' title='bbox 1103 1532 1326 1614; x_wconf 72' lang='lat' dir='ltr'>petitis</span> <span class='ocrx_word' id='word_1_80' title='bbox 1387 1529 1734 1614; x_wconf 89' lang='lat' dir='ltr'>prudenter</span> <span class='ocrx_word' id='word_1_81' title='bbox 1783 1529 2144 1607; x_wconf 84' lang='lat' dir='ltr'>adhibetur,</span> <span class='ocrx_word' id='word_1_82' title='bbox 2194 1531 2261 1594; x_wconf 91' lang='lat' dir='ltr'>in</span> <span class='ocrx_word' id='word_1_83' title='bbox 2308 1530 2429 1594; x_wconf 88' lang='lat' dir='ltr'>hac</span> <span class='ocrx_word' id='word_1_84' title='bbox 2473 1533 2744 1595; x_wconf 88' lang='lat' dir='ltr'>materia</span> <span class='ocrx_word' id='word_1_85' title='bbox 2788 1551 2992 1615; x_wconf 91' lang='lat' dir='ltr'>aeque</span> 
     </span>
     <span class='ocr_line' id='line_1_13' title="bbox 597 1618 2989 1720; baseline 0.001 -23"><span class='ocrx_word' id='word_1_86' title='bbox 597 1618 774 1698; x_wconf 78' lang='lat' dir='ltr'>certa</span> <span class='ocrx_word' id='word_1_87' title='bbox 814 1642 912 1699; x_wconf 91' lang='lat' dir='ltr'>est</span> <span class='ocrx_word' id='word_1_88' title='bbox 956 1641 1053 1699; x_wconf 86' lang='lat' dir='ltr'>est</span> <span class='ocrx_word' id='word_1_89' title='bbox 1099 1643 1288 1719; x_wconf 89' lang='lat' dir='ltr'>atque</span> <span class='ocrx_word' id='word_1_90' title='bbox 1325 1637 1394 1698; x_wconf 92' lang='lat' dir='ltr'>in</span> <span class='ocrx_word' id='word_1_91' title='bbox 1433 1654 1842 1699; x_wconf 90' lang='lat' dir='ltr'>summorum</span> <span class='ocrx_word' id='word_1_92' title='bbox 1884 1636 2204 1719; x_wconf 88' lang='lat' dir='ltr'>pictorum</span> <span class='ocrx_word' id='word_1_93' title='bbox 2243 1640 2309 1698; x_wconf 91' lang='lat' dir='ltr'>et</span> <span class='ocrx_word' id='word_1_94' title='bbox 2346 1634 2647 1720; x_wconf 89' lang='lat' dir='ltr'>opificum</span> <span class='ocrx_word' id='word_1_95' title='bbox 2690 1636 2989 1720; x_wconf 84' lang='lat' dir='ltr'>operibus</span> 
     </span>
     <span class='ocr_line' id='line_1_14' title="bbox 596 1738 2131 1824; baseline -0.001 -19"><span class='ocrx_word' id='word_1_96' title='bbox 596 1741 675 1805; x_wconf 89' lang='lat' dir='ltr'>ab</span> <span class='ocrx_word' id='word_1_97' title='bbox 722 1743 1129 1805; x_wconf 81' lang='lat' dir='ltr'>imitatorum</span> <span class='ocrx_word' id='word_1_98' title='bbox 1179 1741 1637 1824; x_wconf 85' lang='lat' dir='ltr'>speciminibus</span> <span class='ocrx_word' id='word_1_99' title='bbox 1684 1738 2131 1804; x_wconf 87' lang='lat' dir='ltr'>discernendis.</span> 
     </span>
    </p>

    <p class='ocr_par' dir='ltr' id='par_1_4' title="bbox 596 1843 2987 2985">
     <span class='ocr_line' id='line_1_15' title="bbox 687 1843 2987 1930; baseline 0 -21"><span class='ocrx_word' id='word_1_100' title='bbox 687 1845 812 1910; x_wconf 87' lang='lat' dir='ltr'>Sed</span> <span class='ocrx_word' id='word_1_101' title='bbox 859 1843 1117 1910; x_wconf 86' lang='lat' dir='ltr'>silentio</span> <span class='ocrx_word' id='word_1_102' title='bbox 1164 1866 1451 1929; x_wconf 90' lang='lat' dir='ltr'>premere</span> <span class='ocrx_word' id='word_1_103' title='bbox 1499 1867 1623 1909; x_wconf 92' lang='lat' dir='ltr'>non</span> <span class='ocrx_word' id='word_1_104' title='bbox 1672 1843 1867 1909; x_wconf 90' lang='lat' dir='ltr'>debeo</span> <span class='ocrx_word' id='word_1_105' title='bbox 1917 1865 2080 1928; x_wconf 90' lang='lat' dir='ltr'>quae</span> <span class='ocrx_word' id='word_1_106' title='bbox 2127 1844 2620 1926; x_wconf 83' lang='lat' dir='ltr'>Wessnerus</span> <span class='ocrx_word' id='word_1_107' title='bbox 2668 1866 2871 1930; x_wconf 87' lang='lat' dir='ltr'>nuper</span> <span class='ocrx_word' id='word_1_108' title='bbox 2916 1849 2987 1910; x_wconf 93' lang='lat' dir='ltr'>in</span> 
     </span>
     <span class='ocr_line' id='line_1_16' title="bbox 597 1949 2985 2037; baseline 0 -21"><span class='ocrx_word' id='word_1_109' title='bbox 597 1951 968 2016; x_wconf 88' lang='lat' dir='ltr'>doctissima</span> <span class='ocrx_word' id='word_1_110' title='bbox 1053 1951 1499 2016; x_wconf 86' lang='lat' dir='ltr'>dissertatione</span> <span class='ocrx_word' id='word_1_111' title='bbox 1566 1949 1644 2015; x_wconf 88' lang='lat' dir='ltr'>de</span> <span class='ocrx_word' id='word_1_112' title='bbox 1714 1949 1991 2016; x_wconf 89' lang='lat' dir='ltr'>Aemilio</span> <span class='ocrx_word' id='word_1_113' title='bbox 2062 1953 2265 2036; x_wconf 89' lang='lat' dir='ltr'>Aspro</span> <span class='ocrx_word' id='word_1_114' title='bbox 2348 1951 2425 2016; x_wconf 94' lang='lat' dir='ltr'>ad</span> <span class='ocrx_word' id='word_1_115' title='bbox 2508 1951 2985 2037; x_wconf 85' lang='lat' dir='ltr'>infringendam</span> 
     </span>
     <span class='ocr_line' id='line_1_17' title="bbox 599 2054 2983 2141; baseline 0 -20"><span class='ocrx_word' id='word_1_116' title='bbox 599 2056 834 2122; x_wconf 88' lang='lat' dir='ltr'>Donati</span> <span class='ocrx_word' id='word_1_117' title='bbox 896 2060 1346 2122; x_wconf 86' lang='lat' dir='ltr'>auctoritatem</span> <span class='ocrx_word' id='word_1_118' title='bbox 1409 2078 1557 2121; x_wconf 90' lang='lat' dir='ltr'>cum</span> <span class='ocrx_word' id='word_1_119' title='bbox 1603 2055 1762 2120; x_wconf 88' lang='lat' dir='ltr'>alibi</span> <span class='ocrx_word' id='word_1_120' title='bbox 1814 2064 1954 2120; x_wconf 90' lang='lat' dir='ltr'>tum</span> <span class='ocrx_word' id='word_1_121' title='bbox 2001 2060 2379 2140; x_wconf 88' lang='lat' dir='ltr'>praesertim</span> <span class='ocrx_word' id='word_1_122' title='bbox 2426 2079 2487 2141; x_wconf 88' lang='lat' dir='ltr'>p.</span> <span class='ocrx_word' id='word_1_123' title='bbox 2538 2054 2623 2123; x_wconf 84' lang='lat'>37</span> <span class='ocrx_word' id='word_1_124' title='bbox 2672 2057 2983 2135; x_wconf 88' lang='lat' dir='ltr'>contulit,</span> 
     </span>
     <span class='ocr_line' id='line_1_18' title="bbox 599 2159 2983 2248; baseline -0 -21"><span class='ocrx_word' id='word_1_125' title='bbox 599 2165 714 2227; x_wconf 90' lang='lat' dir='ltr'>ubi</span> <span class='ocrx_word' id='word_1_126' title='bbox 757 2163 1078 2248; x_wconf 86' lang='lat' dir='ltr'>legimus:</span> <span class='ocrx_word' id='word_1_127' title='bbox 1130 2162 1314 2241; x_wconf 88' lang='lat' dir='ltr'>„Nur</span> <span class='ocrx_word' id='word_1_128' title='bbox 1358 2183 1487 2226; x_wconf 85' lang='lat' dir='ltr'>wer</span> <span class='ocrx_word' id='word_1_129' title='bbox 1531 2160 1634 2226; x_wconf 88' lang='lat' dir='ltr'>die</span> <span class='ocrx_word' id='word_1_130' title='bbox 1680 2159 2248 2246; x_wconf 83' lang='lat' dir='ltr'>Gepflogenkeiten</span> <span class='ocrx_word' id='word_1_131' title='bbox 2298 2163 2409 2227; x_wconf 90' lang='lat' dir='ltr'>der</span> <span class='ocrx_word' id='word_1_132' title='bbox 2457 2167 2751 2248; x_wconf 73' lang='lat' dir='ltr'>spateren</span> <span class='ocrx_word' id='word_1_133' title='bbox 2786 2163 2983 2228; x_wconf 82' lang='lat' dir='ltr'>Kom-</span> 
     </span>
     <span class='ocr_line' id='line_1_19' title="bbox 598 2267 2980 2344; baseline -0 -12"><span class='ocrx_word' id='word_1_134' title='bbox 598 2275 996 2333; x_wconf 85' lang='lat' dir='ltr'>mentatoren</span> <span class='ocrx_word' id='word_1_135' title='bbox 1058 2268 1290 2344; x_wconf 89' lang='lat' dir='ltr'>kennt,</span> <span class='ocrx_word' id='word_1_136' title='bbox 1341 2269 1554 2344; x_wconf 73' lang='lat' dir='ltr'>weisS,</span> <span class='ocrx_word' id='word_1_137' title='bbox 1608 2270 1728 2332; x_wconf 87' lang='lat' dir='ltr'>wie</span> <span class='ocrx_word' id='word_1_138' title='bbox 1776 2267 1869 2331; x_wconf 86' lang='lat' dir='ltr'>oft</span> <span class='ocrx_word' id='word_1_139' title='bbox 1915 2270 2005 2332; x_wconf 93' lang='lat' dir='ltr'>sie</span> <span class='ocrx_word' id='word_1_140' title='bbox 2054 2268 2189 2333; x_wconf 89' lang='lat' dir='ltr'>sich</span> <span class='ocrx_word' id='word_1_141' title='bbox 2237 2271 2363 2331; x_wconf 89' lang='lat' dir='ltr'>mit</span> <span class='ocrx_word' id='word_1_142' title='bbox 2406 2267 2691 2333; x_wconf 88' lang='lat' dir='ltr'>fremden</span> <span class='ocrx_word' id='word_1_143' title='bbox 2739 2268 2980 2333; x_wconf 87' lang='lat' dir='ltr'>Federn</span> 
     </span>
     <span class='ocr_line' id='line_1_20' title="bbox 596 2373 2981 2461; baseline -0.001 -22"><span class='ocrx_word' id='word_1_144' title='bbox 596 2373 1024 2461; x_wconf 84' lang='lat' dir='ltr'>geschmiickt</span> <span class='ocrx_word' id='word_1_145' title='bbox 1082 2374 1308 2450; x_wconf 89' lang='lat' dir='ltr'>haben,</span> <span class='ocrx_word' id='word_1_146' title='bbox 1361 2421 1375 2436; x_wconf 94' lang='lat'><strong>.</strong></span> <span class='ocrx_word' id='word_1_147' title='bbox 1409 2421 1422 2436; x_wconf 92' lang='lat'><strong><em>.</em></strong></span> <span class='ocrx_word' id='word_1_148' title='bbox 1454 2421 1469 2437; x_wconf 88' lang='lat'><strong><em>.</em></strong></span> <span class='ocrx_word' id='word_1_149' title='bbox 1518 2394 1634 2437; x_wconf 92' lang='lat' dir='ltr'>um</span> <span class='ocrx_word' id='word_1_150' title='bbox 1697 2373 1800 2438; x_wconf 93' lang='lat' dir='ltr'>die</span> <span class='ocrx_word' id='word_1_151' title='bbox 1862 2375 2084 2458; x_wconf 84' lang='lat' dir='ltr'>eigene</span> <span class='ocrx_word' id='word_1_152' title='bbox 2145 2376 2423 2460; x_wconf 79' lang='lat' dir='ltr'>geistige</span> <span class='ocrx_word' id='word_1_153' title='bbox 2486 2376 2721 2439; x_wconf 87' lang='lat' dir='ltr'>Armut</span> <span class='ocrx_word' id='word_1_154' title='bbox 2767 2375 2981 2438; x_wconf 89' lang='lat' dir='ltr'>hinter</span> 
     </span>
     <span class='ocr_line' id='line_1_21' title="bbox 598 2476 2984 2565; baseline -0 -19"><span class='ocrx_word' id='word_1_155' title='bbox 598 2481 708 2546; x_wconf 88' lang='lat' dir='ltr'>der</span> <span class='ocrx_word' id='word_1_156' title='bbox 765 2482 1105 2565; x_wconf 82' lang='lat' dir='ltr'>erborgten</span> <span class='ocrx_word' id='word_1_157' title='bbox 1168 2476 1689 2545; x_wconf 82' lang='lat' dir='ltr'>Gelehrsamkeit</span> <span class='ocrx_word' id='word_1_158' title='bbox 1749 2499 1827 2542; x_wconf 91' lang='lat' dir='ltr'>zu</span> <span class='ocrx_word' id='word_1_159' title='bbox 1892 2479 2298 2557; x_wconf 81' lang='lat' dir='ltr'>verstecken;</span> <span class='ocrx_word' id='word_1_160' title='bbox 2349 2479 2537 2546; x_wconf 83' lang='lat' dir='ltr'>sollte</span> <span class='ocrx_word' id='word_1_161' title='bbox 2584 2501 2651 2545; x_wconf 88' lang='lat' dir='ltr'>es</span> <span class='ocrx_word' id='word_1_162' title='bbox 2697 2479 2775 2546; x_wconf 87' lang='lat' dir='ltr'>da</span> <span class='ocrx_word' id='word_1_163' title='bbox 2818 2489 2984 2545; x_wconf 85' lang='lat' dir='ltr'>etwa</span> 
     </span>
     <span class='ocr_line' id='line_1_22' title="bbox 599 2584 2982 2673; baseline -0.001 -21"><span class='ocrx_word' id='word_1_164' title='bbox 599 2587 978 2673; x_wconf 77' lang='lat' dir='ltr'>unmoglich</span> <span class='ocrx_word' id='word_1_165' title='bbox 1039 2588 1196 2663; x_wconf 91' lang='lat' dir='ltr'>sein,</span> <span class='ocrx_word' id='word_1_166' title='bbox 1261 2586 1404 2651; x_wconf 90' lang='lat' dir='ltr'>dass</span> <span class='ocrx_word' id='word_1_167' title='bbox 1465 2585 1711 2662; x_wconf 88' lang='lat' dir='ltr'>Donat,</span> <span class='ocrx_word' id='word_1_168' title='bbox 1764 2584 1873 2650; x_wconf 89' lang='lat' dir='ltr'>der</span> <span class='ocrx_word' id='word_1_169' title='bbox 1918 2590 2152 2670; x_wconf 83' lang='lat' dir='ltr'>gewiss</span> <span class='ocrx_word' id='word_1_170' title='bbox 2201 2587 2379 2651; x_wconf 87' lang='lat' dir='ltr'>nicht</span> <span class='ocrx_word' id='word_1_171' title='bbox 2433 2589 2640 2651; x_wconf 88' lang='lat' dir='ltr'>besser</span> <span class='ocrx_word' id='word_1_172' title='bbox 2686 2606 2817 2651; x_wconf 87' lang='lat' dir='ltr'>war</span> <span class='ocrx_word' id='word_1_173' title='bbox 2864 2589 2982 2651; x_wconf 84' lang='lat' dir='ltr'>wie</span> 
     </span>
     <span class='ocr_line' id='line_1_23' title="bbox 597 2680 2980 2776; baseline -0.001 -19"><span class='ocrx_word' id='word_1_174' title='bbox 597 2693 698 2757; x_wconf 93' lang='lat' dir='ltr'>die</span> <span class='ocrx_word' id='word_1_175' title='bbox 761 2693 1052 2767; x_wconf 88' lang='lat' dir='ltr'>anderen,</span> <span class='ocrx_word' id='word_1_176' title='bbox 1118 2695 1218 2757; x_wconf 88' lang='lat' dir='ltr'>ein</span> <span class='ocrx_word' id='word_1_177' title='bbox 1281 2713 1406 2757; x_wconf 82' lang='lat' dir='ltr'>von</span> <span class='ocrx_word' id='word_1_178' title='bbox 1469 2691 1675 2775; x_wconf 87' lang='lat' dir='ltr'>Asper</span> <span class='ocrx_word' id='word_1_179' title='bbox 1735 2691 2217 2776; x_wconf 84' lang='lat' dir='ltr'>beigebrachtes</span> <span class='ocrx_word' id='word_1_180' title='bbox 2262 2680 2434 2756; x_wconf 83' lang='lat' dir='ltr'>Zitat</span> <span class='ocrx_word' id='word_1_181' title='bbox 2481 2691 2637 2756; x_wconf 88' lang='lat' dir='ltr'>dazu</span> <span class='ocrx_word' id='word_1_182' title='bbox 2684 2693 2980 2769; x_wconf 86' lang='lat' dir='ltr'>benutzt,</span> 
     </span>
     <span class='ocr_line' id='line_1_24' title="bbox 596 2795 2983 2885; baseline -0.001 -21"><span class='ocrx_word' id='word_1_183' title='bbox 596 2820 711 2864; x_wconf 90' lang='lat' dir='ltr'>um</span> <span class='ocrx_word' id='word_1_184' title='bbox 773 2802 906 2863; x_wconf 81' lang='lat' dir='ltr'>sein</span> <span class='ocrx_word' id='word_1_185' title='bbox 964 2801 1222 2885; x_wconf 81' lang='lat' dir='ltr'>eigenes</span> <span class='ocrx_word' id='word_1_186' title='bbox 1281 2798 1472 2863; x_wconf 87' lang='lat' dir='ltr'>Licht</span> <span class='ocrx_word' id='word_1_187' title='bbox 1537 2797 1683 2861; x_wconf 90' lang='lat' dir='ltr'>dem</span> <span class='ocrx_word' id='word_1_188' title='bbox 1750 2796 2128 2861; x_wconf 82' lang='lat' dir='ltr'>beriihmten</span> <span class='ocrx_word' id='word_1_189' title='bbox 2177 2795 2549 2883; x_wconf 82' lang='lat' dir='ltr'>Vorganger</span> <span class='ocrx_word' id='word_1_190' title='bbox 2612 2798 2983 2883; x_wconf 80' lang='lat' dir='ltr'>gegeniiber</span> 
     </span>
     <span class='ocr_line' id='line_1_25' title="bbox 597 2899 1892 2985; baseline -0.003 -16"><span class='ocrx_word' id='word_1_191' title='bbox 597 2926 714 2969; x_wconf 91' lang='lat' dir='ltr'>um</span> <span class='ocrx_word' id='word_1_192' title='bbox 761 2926 830 2969; x_wconf 86' lang='lat' dir='ltr'>so</span> <span class='ocrx_word' id='word_1_193' title='bbox 879 2904 1083 2969; x_wconf 89' lang='lat' dir='ltr'>heller</span> <span class='ocrx_word' id='word_1_194' title='bbox 1127 2904 1427 2969; x_wconf 86' lang='lat' dir='ltr'>leuchten</span> <span class='ocrx_word' id='word_1_195' title='bbox 1473 2924 1551 2966; x_wconf 86' lang='lat' dir='ltr'>zu</span> <span class='ocrx_word' id='word_1_196' title='bbox 1597 2902 1805 2985; x_wconf 78' lang='lat' dir='ltr'>lassen&#39;</span> <span class='ocrx_word' id='word_1_197' title='bbox 1824 2899 1892 2965; x_wconf 65' lang='lat' dir='ltr'>‘P’</span> 
     </span>
    </p>

    <p class='ocr_par' dir='ltr' id='par_1_5' title="bbox 534 3006 2981 4468">
     <span class='ocr_line' id='line_1_26' title="bbox 687 3006 2977 3094; baseline -0.001 -20"><span class='ocrx_word' id='word_1_198' title='bbox 687 3010 764 3074; x_wconf 91' lang='lat' dir='ltr'>In</span> <span class='ocrx_word' id='word_1_199' title='bbox 824 3011 941 3075; x_wconf 89' lang='lat' dir='ltr'>hac</span> <span class='ocrx_word' id='word_1_200' title='bbox 1003 3013 1316 3074; x_wconf 87' lang='lat' dir='ltr'>sententia</span> <span class='ocrx_word' id='word_1_201' title='bbox 1375 3011 1496 3074; x_wconf 90' lang='lat' dir='ltr'>hoc</span> <span class='ocrx_word' id='word_1_202' title='bbox 1557 3010 1936 3094; x_wconf 87' lang='lat' dir='ltr'>praesertim</span> <span class='ocrx_word' id='word_1_203' title='bbox 1998 3006 2214 3094; x_wconf 87' lang='lat' dir='ltr'>aliqua</span> <span class='ocrx_word' id='word_1_204' title='bbox 2274 3008 2536 3093; x_wconf 90' lang='lat' dir='ltr'>perfidia</span> <span class='ocrx_word' id='word_1_205' title='bbox 2596 3031 2723 3075; x_wconf 88' lang='lat' dir='ltr'>non</span> <span class='ocrx_word' id='word_1_206' title='bbox 2770 3015 2977 3091; x_wconf 88' lang='lat' dir='ltr'>caret,</span> 
     </span>
     <span class='ocr_line' id='line_1_27' title="bbox 534 3112 2978 3201; baseline -0.001 -21"><span class='ocrx_word' id='word_1_207' title='bbox 534 3136 546 3149; x_wconf 95' lang='lat'><strong>·</strong></span> <span class='ocrx_word' id='word_1_208' title='bbox 595 3116 758 3201; x_wconf 91' lang='lat' dir='ltr'>quod</span> <span class='ocrx_word' id='word_1_209' title='bbox 824 3115 1239 3181; x_wconf 87' lang='lat' dir='ltr'>confirmatur</span> <span class='ocrx_word' id='word_1_210' title='bbox 1301 3117 1434 3179; x_wconf 90' lang='lat' dir='ltr'>iam</span> <span class='ocrx_word' id='word_1_211' title='bbox 1499 3112 1827 3177; x_wconf 89' lang='lat' dir='ltr'>Donatum</span> <span class='ocrx_word' id='word_1_212' title='bbox 1891 3115 2116 3177; x_wconf 88' lang='lat' dir='ltr'>ceteris</span> <span class='ocrx_word' id='word_1_213' title='bbox 2178 3112 2512 3178; x_wconf 89' lang='lat' dir='ltr'>meliorem</span> <span class='ocrx_word' id='word_1_214' title='bbox 2570 3135 2696 3178; x_wconf 90' lang='lat' dir='ltr'>non</span> <span class='ocrx_word' id='word_1_215' title='bbox 2745 3115 2978 3191; x_wconf 88' lang='lat' dir='ltr'>fuisse,</span> 
     </span>
     <span class='ocr_line' id='line_1_28' title="bbox 596 3218 2975 3305; baseline -0.001 -19"><span class='ocrx_word' id='word_1_216' title='bbox 596 3222 752 3287; x_wconf 90' lang='lat' dir='ltr'>dum</span> <span class='ocrx_word' id='word_1_217' title='bbox 800 3222 916 3286; x_wconf 89' lang='lat' dir='ltr'>hoc</span> <span class='ocrx_word' id='word_1_218' title='bbox 959 3224 1177 3305; x_wconf 90' lang='lat' dir='ltr'>ipsum</span> <span class='ocrx_word' id='word_1_219' title='bbox 1221 3218 1289 3283; x_wconf 91' lang='lat' dir='ltr'>id</span> <span class='ocrx_word' id='word_1_220' title='bbox 1336 3226 1468 3295; x_wconf 90' lang='lat' dir='ltr'>est,</span> <span class='ocrx_word' id='word_1_221' title='bbox 1517 3218 1684 3304; x_wconf 92' lang='lat' dir='ltr'>quod</span> <span class='ocrx_word' id='word_1_222' title='bbox 1732 3221 1911 3303; x_wconf 86' lang='lat' dir='ltr'>prius</span> <span class='ocrx_word' id='word_1_223' title='bbox 1949 3225 2087 3283; x_wconf 89' lang='lat' dir='ltr'>erat</span> <span class='ocrx_word' id='word_1_224' title='bbox 2123 3220 2543 3303; x_wconf 90' lang='lat' dir='ltr'>probandum.</span> <span class='ocrx_word' id='word_1_225' title='bbox 2594 3218 2975 3287; x_wconf 84' lang='lat' dir='ltr'>Convicium</span> 
     </span>
     <span class='ocr_line' id='line_1_29' title="bbox 592 3324 2978 3412; baseline -0.001 -21"><span class='ocrx_word' id='word_1_226' title='bbox 592 3330 764 3392; x_wconf 90' lang='lat' dir='ltr'>iusto</span> <span class='ocrx_word' id='word_1_227' title='bbox 801 3329 1087 3410; x_wconf 88' lang='lat' dir='ltr'>iniquius</span> <span class='ocrx_word' id='word_1_228' title='bbox 1127 3346 1292 3402; x_wconf 89' lang='lat' dir='ltr'>esse,</span> <span class='ocrx_word' id='word_1_229' title='bbox 1332 3324 1515 3389; x_wconf 86' lang='lat' dir='ltr'>facile</span> <span class='ocrx_word' id='word_1_230' title='bbox 1553 3324 1854 3389; x_wconf 89' lang='lat' dir='ltr'>concedet</span> <span class='ocrx_word' id='word_1_231' title='bbox 1893 3327 2183 3409; x_wconf 89' lang='lat' dir='ltr'>quisquis</span> <span class='ocrx_word' id='word_1_232' title='bbox 2228 3326 2650 3410; x_wconf 89' lang='lat' dir='ltr'>perpenderit,</span> <span class='ocrx_word' id='word_1_233' title='bbox 2691 3329 2978 3412; x_wconf 90' lang='lat' dir='ltr'>primum</span> 
     </span>
     <span class='ocr_line' id='line_1_30' title="bbox 593 3429 2981 3516; baseline -0 -19"><span class='ocrx_word' id='word_1_234' title='bbox 593 3454 812 3498; x_wconf 89' lang='lat' dir='ltr'>omnes</span> <span class='ocrx_word' id='word_1_235' title='bbox 859 3429 1325 3497; x_wconf 82' lang='lat' dir='ltr'>Grammaticos</span> <span class='ocrx_word' id='word_1_236' title='bbox 1372 3436 1651 3506; x_wconf 87' lang='lat' dir='ltr'>veteres,</span> <span class='ocrx_word' id='word_1_237' title='bbox 1702 3432 1900 3495; x_wconf 88' lang='lat' dir='ltr'>etiam</span> <span class='ocrx_word' id='word_1_238' title='bbox 1950 3432 2229 3516; x_wconf 89' lang='lat' dir='ltr'>Asprum</span> <span class='ocrx_word' id='word_1_239' title='bbox 2276 3437 2338 3497; x_wconf 88' lang='lat' dir='ltr'>et</span> <span class='ocrx_word' id='word_1_240' title='bbox 2384 3432 2670 3496; x_wconf 89' lang='lat' dir='ltr'>Probum</span> <span class='ocrx_word' id='word_1_241' title='bbox 2710 3436 2981 3496; x_wconf 88' lang='lat' dir='ltr'>anterio-</span> 
     </span>
     <span class='ocr_line' id='line_1_31' title="bbox 592 3535 2974 3622; baseline 0 -22"><span class='ocrx_word' id='word_1_242' title='bbox 592 3558 738 3601; x_wconf 90' lang='lat' dir='ltr'>rum</span> <span class='ocrx_word' id='word_1_243' title='bbox 780 3540 977 3622; x_wconf 89' lang='lat' dir='ltr'>copiis</span> <span class='ocrx_word' id='word_1_244' title='bbox 1017 3559 1165 3602; x_wconf 91' lang='lat' dir='ltr'>usos</span> <span class='ocrx_word' id='word_1_245' title='bbox 1204 3558 1371 3614; x_wconf 88' lang='lat' dir='ltr'>esse,</span> <span class='ocrx_word' id='word_1_246' title='bbox 1416 3554 1619 3621; x_wconf 90' lang='lat' dir='ltr'>neque</span> <span class='ocrx_word' id='word_1_247' title='bbox 1657 3535 1726 3600; x_wconf 89' lang='lat' dir='ltr'>id</span> <span class='ocrx_word' id='word_1_248' title='bbox 1764 3536 2056 3601; x_wconf 88' lang='lat' dir='ltr'>dedecori</span> <span class='ocrx_word' id='word_1_249' title='bbox 2105 3537 2403 3603; x_wconf 85' lang='lat' dir='ltr'>habuisse</span> <span class='ocrx_word' id='word_1_250' title='bbox 2449 3540 2504 3601; x_wconf 89' lang='lat' dir='ltr'>si</span> <span class='ocrx_word' id='word_1_251' title='bbox 2547 3536 2812 3601; x_wconf 89' lang='lat' dir='ltr'>illorum</span> <span class='ocrx_word' id='word_1_252' title='bbox 2851 3535 2974 3601; x_wconf 89' lang='lat' dir='ltr'>fide</span> 
     </span>
     <span class='ocr_line' id='line_1_32' title="bbox 591 3641 2974 3719; baseline 0 -13"><span class='ocrx_word' id='word_1_253' title='bbox 591 3645 948 3707; x_wconf 90' lang='lat' dir='ltr'>niterentur</span> <span class='ocrx_word' id='word_1_254' title='bbox 991 3649 1104 3707; x_wconf 88' lang='lat' dir='ltr'>aut</span> <span class='ocrx_word' id='word_1_255' title='bbox 1151 3649 1440 3708; x_wconf 85' lang='lat' dir='ltr'>auctores</span> <span class='ocrx_word' id='word_1_256' title='bbox 1487 3662 1635 3706; x_wconf 90' lang='lat' dir='ltr'>suos</span> <span class='ocrx_word' id='word_1_257' title='bbox 1682 3662 1808 3705; x_wconf 92' lang='lat' dir='ltr'>non</span> <span class='ocrx_word' id='word_1_258' title='bbox 1855 3641 2106 3706; x_wconf 87' lang='lat' dir='ltr'>assidue</span> <span class='ocrx_word' id='word_1_259' title='bbox 2152 3641 2543 3719; x_wconf 88' lang='lat' dir='ltr'>indicarent;</span> <span class='ocrx_word' id='word_1_260' title='bbox 2594 3643 2709 3707; x_wconf 90' lang='lat' dir='ltr'>bos</span> <span class='ocrx_word' id='word_1_261' title='bbox 2757 3649 2974 3706; x_wconf 89' lang='lat' dir='ltr'>tamen</span> 
     </span>
     <span class='ocr_line' id='line_1_33' title="bbox 589 3746 2978 3833; baseline 0 -22"><span class='ocrx_word' id='word_1_262' title='bbox 589 3746 880 3812; x_wconf 86' lang='lat' dir='ltr'>Donatus</span> <span class='ocrx_word' id='word_1_263' title='bbox 927 3770 1053 3813; x_wconf 90' lang='lat' dir='ltr'>non</span> <span class='ocrx_word' id='word_1_264' title='bbox 1093 3747 1559 3822; x_wconf 88' lang='lat' dir='ltr'>dissimulavit,</span> <span class='ocrx_word' id='word_1_265' title='bbox 1602 3768 1753 3812; x_wconf 92' lang='lat' dir='ltr'>cum</span> <span class='ocrx_word' id='word_1_266' title='bbox 1791 3748 2078 3811; x_wconf 87' lang='lat' dir='ltr'>Probum</span> <span class='ocrx_word' id='word_1_267' title='bbox 2116 3749 2371 3823; x_wconf 87' lang='lat' dir='ltr'>novies,</span> <span class='ocrx_word' id='word_1_268' title='bbox 2413 3747 2695 3833; x_wconf 89' lang='lat' dir='ltr'>Asprum</span> <span class='ocrx_word' id='word_1_269' title='bbox 2734 3753 2832 3812; x_wconf 91' lang='lat' dir='ltr'>ter</span> <span class='ocrx_word' id='word_1_270' title='bbox 2868 3769 2978 3811; x_wconf 91' lang='lat' dir='ltr'>no-</span> 
     </span>
     <span class='ocr_line' id='line_1_34' title="bbox 589 3850 2977 3939; baseline -0 -22"><span class='ocrx_word' id='word_1_271' title='bbox 589 3856 893 3927; x_wconf 88' lang='lat' dir='ltr'>minatim</span> <span class='ocrx_word' id='word_1_272' title='bbox 938 3857 1236 3918; x_wconf 86' lang='lat' dir='ltr'>citaverit</span> <span class='ocrx_word' id='word_1_273' title='bbox 1249 3876 1267 3933; x_wconf 78' lang='lat'><em>3</em></span> <span class='ocrx_word' id='word_1_274' title='bbox 1322 3861 1467 3919; x_wconf 92' lang='lat' dir='ltr'>tum</span> <span class='ocrx_word' id='word_1_275' title='bbox 1513 3855 1801 3939; x_wconf 88' lang='lat' dir='ltr'>quisquis</span> <span class='ocrx_word' id='word_1_276' title='bbox 1848 3853 1969 3917; x_wconf 90' lang='lat' dir='ltr'>boc</span> <span class='ocrx_word' id='word_1_277' title='bbox 2018 3874 2141 3918; x_wconf 90' lang='lat' dir='ltr'>non</span> <span class='ocrx_word' id='word_1_278' title='bbox 2190 3854 2509 3928; x_wconf 91' lang='lat' dir='ltr'>omiserit,</span> <span class='ocrx_word' id='word_1_279' title='bbox 2553 3850 2977 3917; x_wconf 89' lang='lat' dir='ltr'>Wessneri</span> 
     </span>
     <span class='ocr_line' id='line_1_35' title="bbox 589 3956 2976 4042; baseline -0.001 -19"><span class='ocrx_word' id='word_1_280' title='bbox 589 3964 1055 4036; x_wconf 89' lang='lat' dir='ltr'>coniecturam,</span> <span class='ocrx_word' id='word_1_281' title='bbox 1097 3959 1422 4024; x_wconf 89' lang='lat' dir='ltr'>Donatum</span> <span class='ocrx_word' id='word_1_282' title='bbox 1461 3958 1692 4023; x_wconf 85' lang='lat' dir='ltr'>Naevii</span> <span class='ocrx_word' id='word_1_283' title='bbox 1732 3958 2078 4042; x_wconf 87' lang='lat' dir='ltr'>Plautique</span> <span class='ocrx_word' id='word_1_284' title='bbox 2118 3956 2363 4022; x_wconf 88' lang='lat' dir='ltr'>fabulas</span> <span class='ocrx_word' id='word_1_285' title='bbox 2405 3956 2687 4042; x_wconf 87' lang='lat' dir='ltr'>aliosque</span> <span class='ocrx_word' id='word_1_286' title='bbox 2730 3964 2976 4021; x_wconf 83' lang='lat' dir='ltr'>veteres</span> 
     </span>
     <span class='ocr_line' id='line_1_36' title="bbox 591 4061 2977 4151; baseline -0.002 -18"><span class='ocrx_word' id='word_1_287' title='bbox 591 4088 713 4135; x_wconf 85' lang='lat' dir='ltr'>uon</span> <span class='ocrx_word' id='word_1_288' title='bbox 776 4068 992 4150; x_wconf 90' lang='lat' dir='ltr'>ipsum</span> <span class='ocrx_word' id='word_1_289' title='bbox 1051 4068 1437 4151; x_wconf 87' lang='lat' dir='ltr'>inspexisse,</span> <span class='ocrx_word' id='word_1_290' title='bbox 1487 4064 1597 4130; x_wconf 91' lang='lat' dir='ltr'>sed</span> <span class='ocrx_word' id='word_1_291' title='bbox 1644 4086 1719 4129; x_wconf 88' lang='lat' dir='ltr'>ex</span> <span class='ocrx_word' id='word_1_292' title='bbox 1771 4066 1974 4147; x_wconf 88' lang='lat' dir='ltr'>Aspro</span> <span class='ocrx_word' id='word_1_293' title='bbox 2028 4061 2130 4128; x_wconf 75' lang='lat' dir='ltr'>vel</span> <span class='ocrx_word' id='word_1_294' title='bbox 2175 4062 2383 4127; x_wconf 91' lang='lat' dir='ltr'>Probo</span> <span class='ocrx_word' id='word_1_295' title='bbox 2432 4065 2692 4139; x_wconf 84' lang='lat' dir='ltr'>citasse,</span> <span class='ocrx_word' id='word_1_296' title='bbox 2743 4083 2977 4147; x_wconf 88' lang='lat' dir='ltr'>nequa—</span> 
     </span>
     <span class='ocr_line' id='line_1_37' title="bbox 590 4166 2972 4254; baseline -0.001 -20"><span class='ocrx_word' id='word_1_297' title='bbox 590 4192 782 4254; x_wconf 84' lang='lat' dir='ltr'>quam</span> <span class='ocrx_word' id='word_1_298' title='bbox 845 4180 1084 4235; x_wconf 86' lang='lat' dir='ltr'>certam</span> <span class='ocrx_word' id='word_1_299' title='bbox 1145 4192 1312 4247; x_wconf 85' lang='lat' dir='ltr'>esse,</span> <span class='ocrx_word' id='word_1_300' title='bbox 1365 4208 1448 4219; x_wconf 91' lang='lat'>—</span> <span class='ocrx_word' id='word_1_301' title='bbox 1497 4190 1651 4234; x_wconf 90' lang='lat' dir='ltr'>nam</span> <span class='ocrx_word' id='word_1_302' title='bbox 1705 4168 1875 4253; x_wconf 91' lang='lat' dir='ltr'>quod</span> <span class='ocrx_word' id='word_1_303' title='bbox 1916 4166 2158 4232; x_wconf 90' lang='lat' dir='ltr'>ibidem</span> <span class='ocrx_word' id='word_1_304' title='bbox 2202 4167 2519 4253; x_wconf 79' lang='lat' dir='ltr'>leg-imus:</span> <span class='ocrx_word' id='word_1_305' title='bbox 2573 4167 2972 4253; x_wconf 80' lang='lat' dir='ltr'>„Uebrigens</span> 
     </span>
     <span class='ocr_line' id='line_1_38' title="bbox 590 4272 2973 4360; baseline -0.001 -21"><span class='ocrx_word' id='word_1_306' title='bbox 590 4286 826 4340; x_wconf 79' lang='lat' dir='ltr'>wusste</span> <span class='ocrx_word' id='word_1_307' title='bbox 870 4278 974 4341; x_wconf 90' lang='lat' dir='ltr'>ich</span> <span class='ocrx_word' id='word_1_308' title='bbox 1025 4284 1200 4342; x_wconf 89' lang='lat' dir='ltr'>sonst</span> <span class='ocrx_word' id='word_1_309' title='bbox 1239 4278 1401 4342; x_wconf 89' lang='lat' dir='ltr'>auch</span> <span class='ocrx_word' id='word_1_310' title='bbox 1440 4277 1618 4340; x_wconf 91' lang='lat' dir='ltr'>nicht</span> <span class='ocrx_word' id='word_1_311' title='bbox 1661 4274 2048 4360; x_wconf 81' lang='lat' dir='ltr'>anzugeben,</span> <span class='ocrx_word' id='word_1_312' title='bbox 2093 4277 2213 4339; x_wconf 84' lang='lat' dir='ltr'>wie</span> <span class='ocrx_word' id='word_1_313' title='bbox 2256 4274 2330 4338; x_wconf 89' lang='lat' dir='ltr'>D.</span> <span class='ocrx_word' id='word_1_314' title='bbox 2372 4273 2597 4338; x_wconf 86' lang='lat' dir='ltr'>anders</span> <span class='ocrx_word' id='word_1_315' title='bbox 2638 4272 2731 4337; x_wconf 88' lang='lat' dir='ltr'>als</span> <span class='ocrx_word' id='word_1_316' title='bbox 2773 4273 2973 4337; x_wconf 91' lang='lat' dir='ltr'>durch</span> 
     </span>
     <span class='ocr_line' id='line_1_39' title="bbox 590 4377 2977 4468; baseline -0.002 -21"><span class='ocrx_word' id='word_1_317' title='bbox 590 4385 762 4447; x_wconf 88' lang='lat' dir='ltr'>seine</span> <span class='ocrx_word' id='word_1_318' title='bbox 819 4381 1191 4468; x_wconf 75' lang='lat' dir='ltr'>Vorganger</span> <span class='ocrx_word' id='word_1_319' title='bbox 1237 4405 1314 4447; x_wconf 91' lang='lat' dir='ltr'>zu</span> <span class='ocrx_word' id='word_1_320' title='bbox 1361 4382 1647 4447; x_wconf 85' lang='lat' dir='ltr'>Naevius</span> <span class='ocrx_word' id='word_1_321' title='bbox 1692 4378 1961 4466; x_wconf 79' lang='lat' dir='ltr'>gelangt</span> <span class='ocrx_word' id='word_1_322' title='bbox 2006 4382 2141 4445; x_wconf 90' lang='lat' dir='ltr'>sein</span> <span class='ocrx_word' id='word_1_323' title='bbox 2190 4377 2417 4444; x_wconf 91' lang='lat' dir='ltr'>sollte&#39;’</span> <span class='ocrx_word' id='word_1_324' title='bbox 2472 4382 2579 4443; x_wconf 84' lang='lat' dir='ltr'>vix</span> <span class='ocrx_word' id='word_1_325' title='bbox 2628 4400 2740 4464; x_wconf 93' lang='lat' dir='ltr'>pro</span> <span class='ocrx_word' id='word_1_326' title='bbox 2789 4400 2977 4465; x_wconf 81' lang='lat' dir='ltr'>argu-</span> 
     </span>
    </p>
   </div>
   <div class='ocr_carea' id='block_1_3' title="bbox 3207 1099 3224 3275">
    <p class='ocr_par' dir='ltr' id='par_1_6' title="bbox 3207 1099 3224 3275">
     <span class='ocr_line' id='line_1_40' title="bbox 3207 1099 3224 3275; baseline 0 0"><span class='ocrx_word' id='word_1_327' title='bbox 3207 1099 3224 3275; x_wconf 95' lang='lat' dir='ltr'> </span> 
     </span>
    </p>
   </div>
  </div>
 </body>
</html>
