3246 5085
607 364 696 429 30
877 346 886 354 ⁶
1636 373 1950 426 nonnus.

703 543 802 624 (4)
847 543 1023 628 Ergo
1072 540 1350 618 „vivus”
1399 561 1524 606 non
1571 545 1871 604 mortuus
1892 588 1908 616 ,
1960 538 2268 616 „videns”
2316 560 2444 604 non
2489 538 2830 605 dormiens.

701 646 945 712 Scholii
983 667 1188 732 genus
1226 647 1536 731 superiori
1572 665 1831 730 prorsus
1854 643 2068 709 simile
2092 649 2157 709 et
2180 643 2387 709 denuo
2410 645 2510 709 bis
2531 643 3001 730 interpolatum

614 753 690 817 ab
746 753 868 829 IP,
915 773 1084 817 nunc
1129 772 1242 837 per
1288 758 1364 828 et,
1410 773 1565 814 nam.
1636 749 1862 815 Dicere
1909 752 2020 814 vix
2068 771 2228 834 opus
2274 757 2373 814 est
2394 795 2409 826 ‚
2456 770 2651 834 quam
2695 753 3003 834 ineptum

613 861 700 923 sit
742 857 1092 933 occidor,
1141 861 1206 921 et
1253 857 1588 940 sapiens
1637 845 2017 920 sentiens
2078 856 2263 918 iuxta
2320 854 2387 917 id
2448 854 2615 938 qnod
2673 853 3009 938 praecedit

619 963 939 1047 „prudens
1017 961 1284 1038 sciens”,
1363 966 1476 1025 aut
1540 980 1735 1044 quam
1797 958 2038 1024 insulsa
2106 961 2191 1022 sit
2263 959 2618 1024 observatio
2687 957 3007 1036 „videns”

613 1066 780 1144 addi,
820 1088 898 1131 ne
937 1069 1081 1151 quis
1121 1066 1545 1130 dormientem
1585 1068 1783 1129 etiam
1823 1068 2052 1129 vivum
2089 1066 2296 1149 perire
2326 1064 2599 1128 obiceret
2616 1083 2632 1140 ;
2672 1071 3007 1148 postrema

617 1172 887 1256 denique
933 1177 1194 1256 sumpta
1239 1177 1390 1235 sunt
1436 1170 1513 1234 ab
1561 1172 1698 1255 ipso
1744 1169 1992 1234 Donato
2029 1172 2096 1233 in
2134 1169 2251 1248 (3).
2343 1167 2673 1233 Scholium
2698 1175 2795 1248 (4)
2818 1167 3007 1232 illius

613 1282 712 1341 est
773 1277 1105 1360 magistri,
1173 1295 1365 1359 quem
1425 1274 1761 1360 designavi
1821 1273 2039 1338 littera
2082 1274 2139 1337 A
2186 1276 2254 1337 10
2302 1274 2545 1338 Mnem.
2593 1272 2686 1338 1.1.
2733 1295 2793 1359 p.
2842 1272 3005 1348 288,

610 1381 725 1445 ubi
770 1379 918 1444 vide
968 1379 1408 1444 additamenta
1453 1381 1592 1443 eius
1638 1399 1753 1464 per
1798 1401 1930 1458 erqo
1975 1381 2044 1443 in
2084 1378 2345 1443 Andria.
2402 1378 2631 1443 Sabb.
2670 1381 3006 1443 immerito

609 1486 890 1549 servavit
938 1482 1038 1564 (2)
1087 1489 1153 1548 et
1201 1482 1449 1566 reliqua
1493 1485 1710 1547 omnia
1756 1482 2107 1548 damnavit.
2606 1472 2617 1482 ’

701 1589 862 1654 Ibid.
915 1587 1002 1652 22
1027 1609 1118 1672 sq.

881 1693 1058 1758 Haec
1105 1694 1296 1759 verba
1343 1713 1471 1757 una
1515 1690 1878 1757 mehercule
1923 1691 2082 1757 falsa
2124 1692 2491 1770 lacrimula,

883 1799 1090 1876 Quam
1138 1797 1357 1862 oculos
1395 1797 1656 1863 terendo
1702 1800 1935 1862 misere
1982 1801 2093 1863 vix
2136 1801 2207 1864 vi
2252 1800 2666 1883 expresserit,

884 1903 1270 1989 Restingnet

615 2008 694 2074 ad
757 2006 844 2072 22
869 2008 966 2087 (2)
1027 2007 1370 2092 Expressio
1426 2007 1504 2072 ad
1550 2006 1807 2083 αὔξησιν
1856 2007 2109 2072 ducens.
2159 2045 2243 2056 —
2291 2012 2359 2073 et
2404 2029 2528 2072 non
2579 2006 2839 2085 „vera'’,
2888 2006 3007 2072 sed

621 2113 884 2191 „falsa'',
951 2118 1016 2177 et
1076 2133 1201 2178 non
1245 2111 1512 2177 lacrima
1557 2112 1667 2177 sed
1712 2111 2049 2176 lacrimula
2095 2119 2159 2177 et
2206 2133 2329 2178 non
2380 2112 2596 2189 „ultro
2640 2112 2839 2177 fiens”
2888 2112 3003 2176 sed

617 2216 876 2296 „oculos
922 2215 1223 2305 terendo''
1273 2224 1338 2281 et
1383 2239 1508 2281 non
1553 2216 1823 2295 „facile”
1865 2216 1973 2281 sed
2018 2217 2171 2294 „vi”
2213 2225 2277 2282 et
2315 2239 2439 2283 non
2482 2216 3001 2294 „exstillaverit”

613 2323 724 2387 sed
793 2321 1278 2407 „expresserit’'.
1328 2359 1413 2370 —
1463 2321 1632 2387 Hinc
1697 2319 1885 2407 Verg.
1936 2320 2025 2400 (Il
2073 2320 2229 2402 196)
2296 2325 2630 2408 „captique
2689 2319 2850 2387 dolis
2909 2319 3003 2385 1ae

614 2431 956 2510 crimisque
1001 2428 1296 2492 coactis”.
1435 2427 1596 2492 Ecce
1635 2427 2039 2513 splendidum
2080 2427 2449 2513 exemplum
2486 2425 3001 2511 interpolationis

614 2553 729 2618 per
763 2554 883 2595 non
908 2568 992 2581 —-
1017 2533 1125 2595 sed
1151 2529 1217 2615 ¹),
1261 2551 1387 2616 qua
1422 2532 1688 2597 verbose
1726 2532 1794 2596 id
1832 2532 2143 2610 reddidit,
2184 2532 2352 2618 quod
2392 2531 2678 2598 Donatus
2702 2533 3000 2616 sequenti

615 2637 859 2701 scholio
921 2638 1199 2701 breviter
1259 2640 1347 2702 sic
1395 2640 1738 2722 expressit:
1788 2636 2024 2723 Totum
2072 2660 2329 2703 sensum
2376 2640 2585 2703 verbis
2632 2637 2999 2724 significan-

613 2742 788 2806 tibus
835 2740 1140 2827 protulit,
1200 2746 1276 2805 ut
1320 2739 1509 2828 Verg.
1560 2741 1723 2820 (Ecl.
1772 2741 1866 2806 III
1915 2740 2029 2821 27)
2075 2748 2140 2807 et
2184 2745 2365 2823 (Aen.
2412 2742 2501 2807 IV
2547 2742 2680 2824 95).
2750 2742 2991 2807 Sabb.

614 2845 771 2911 haec
815 2845 1061 2931 aliaque
1105 2846 1478 2912 huiusmodi
1524 2850 1851 2913 immerito
1901 2845 2146 2912 Donato
2191 2847 2473 2933 reliquit.

706 3060 738 3127 Ι
786 3061 849 3127 2.
878 3062 919 3125 4
980 3062 1213 3128 Tremo
1260 3065 1612 3148 horreoque

706 3167 802 3247 (1)
863 3166 961 3231 Ex
1025 3188 1238 3233 amore
1294 3170 1496 3232 nimio
1514 3190 1531 3246 ς
1596 3171 1840 3233 0110100
1884 3172 2057 3255 ignis
2105 3169 2399 3235 effectum
2447 3170 2705 3255 frigoris
2750 3170 2994 3247 reddit,

615 3278 691 3337 ut
736 3293 814 3336 ex
861 3272 1101 3358 frigore
1147 3274 1347 3336 nimio
1394 3271 1651 3338 effectus
1695 3277 1869 3359 ignis
1908 3277 2194 3352 exsistit,
2236 3274 2583 3340 secundum
2622 3273 2789 3339 illud
2826 3275 2995 3359 quod

614 3377 870 3462 physici
918 3380 1102 3442 aiunt
1149 3378 1483 3455 ἀκρότητες
1532 3378 1833 3452 ι’σότητες.
1882 3378 2053 3445 Hinc
2099 3386 2163 3445 et
2208 3378 2398 3467 Verg.
2446 3378 2555 3463 (G,
2598 3378 2630 3445 1
2677 3378 2790 3461 93)
2842 3386 2998 3459 „aut

615 3478 852 3544 Boreae
896 3479 1285 3564 penetrabile
1332 3481 1540 3567 frigus
1586 3482 1878 3547 adurat”.

709 3582 815 3648 Sic
875 3584 951 3649 D.
1002 3584 1344 3670 Supplevit
1386 3585 1516 3649 IP:
1570 3586 1667 3667 (2)
1714 3588 1961 3653 Natura
2006 3590 2228 3674 magni
2274 3588 2496 3654 caloris
2542 3591 2736 3653 etiam
2784 3588 2994 3654 horro-

617 3708 755 3753 rem
798 3691 1071 3765 incutit,
1117 3695 1193 3753 nt
1239 3692 1474 3754 nimiae
1520 3690 1742 3756 febres.
2734 3692 2797 3759 S.
2848 3714 2901 3758 c.

707 3791 868 3859 Ibid.
921 3792 1274 3869 5.„Accede
1319 3794 1397 3858 ad
1443 3797 1665 3880 ignem
1712 3796 1881 3862 hunc
1927 3794 2311 3877 (Thaidem),
2359 3800 2490 3862 iam
2536 3796 2807 3862 calesces
2850 3796 3001 3883 plus

614 3900 770 3963 satis

707 4002 804 4083 (2)
877 4001 1077 4079 ,,Ρ100
1146 4002 1345 4067 satis'’
1417 4024 1617 4082 nove,
1690 4004 1756 4069 id
1824 4013 1924 4069 est
1988 4003 2273 4090 (plns)
2335 4026 2633 4089 aequo;
2704 4010 2770 4070 et
2840 4004 3003 4072 alibi

617 4107 885 4187 (Heaut.
934 4106 965 4170 I
1013 4106 1075 4170 2.
1103 4106 1217 4187 24)
1279 4129 1514 4192 „quam
1563 4131 1643 4175 ne
1693 4109 1847 4194 quid
1891 4112 1960 4173 in
2004 4109 2198 4175 111010
2244 4108 2393 4195 plus
2440 4112 2597 4175 satis
2642 4110 2841 4187 faxit,
2888 4130 3009 4195 pa—

615 4212 780 4276 ter”.
855 4246 940 4259 —
1011 4210 1107 4291 (3)
1171 4233 1366 4291 nove,
1433 4214 1542 4280 sed
1602 4214 1998 4300 intelligitur
2057 4214 2245 4300 plus
2292 4217 2503 4279 satis
2548 4235 2783 4298 quam
2826 4214 3008 4279 hor-

685 4438 739 4502 1)
777 4436 1001 4501 Exempla
1035 4438 1093 4485 ad
1129 4438 1278 4485 Andr.
1314 4437 1364 4485 in
1401 4438 1583 4486 Mnem.
1619 4436 1687 4485 1.1.
1724 4452 1770 4502 p.
1806 4436 1905 4487 892
1921 4452 1989 4501 sq.
