3246 5085
657 313 790 379 428
1498 384 1508 398 ,
1695 332 2008 381 nonnus.

656 500 832 575 „sine
892 496 1045 563 illa”
1112 496 1401 575 ἐξήγησις
1464 500 1601 563 eius
1662 500 1748 563 sit
1812 497 1981 583 quod
2029 497 2276 563 dixerat
2326 498 2556 577 ‚,soli’'.
2653 498 2737 565 Et
2784 499 3052 586 quidem

650 610 820 669 recte
864 606 947 682 ii,
998 604 1244 669 Probus
1292 606 1513 689 Asper,
1564 606 1633 668 ni
1682 602 1886 683 fallor,
1937 606 2028 669 sic
2075 606 2406 690 putabant.

742 709 828 775 IV
878 710 938 775 3.
973 711 1049 775 11
1124 711 1219 776 De
1280 711 1380 775 his
1438 709 1698 775 scholiis
1762 710 1910 776 vide
1963 732 2174 796 supra.
2265 710 2320 775 Ii
2367 719 2623 791 autem,
2674 716 2788 798 qui
2831 716 2900 777 in
2945 712 3048 793 (2)

653 838 889 903 „quem
952 814 1512 902 subdistinguere”
1579 818 1883 881 dicuntur
1947 826 2064 895 „ut
2123 820 2210 882 sit
2273 817 2602 903 qualem'',
2665 822 2723 883 si
2782 819 3050 884 fuerunt

653 924 903 989 Probus
952 926 1175 1009 Asper,
1226 930 1539 989 errarunt.

745 1029 831 1093 IV
882 1030 940 1095 4.
972 1029 1057 1094 22
1128 1030 1199 1094 In
1264 1030 1363 1093 his
1426 1029 1685 1095 scholiis
1749 1029 1825 1095 de
1875 1030 2151 1097 colore
2199 1030 2708 1097 mustellino
2755 1030 2922 1097 redit
2967 1052 3048 1096 ea

655 1136 888 1201 Donati
954 1138 1148 1215 ratio,
1212 1157 1407 1221 quam
1468 1142 1615 1201 ante
1677 1136 1877 1202 semel
1937 1140 2302 1223 iterumque
2351 1137 2920 1223 deprehendimus,
2971 1146 3051 1201 ut

656 1246 791 1307 sine
842 1241 973 1308 ulla
1018 1242 1451 1309 admonitione
1499 1246 1875 1328 praemittat
1914 1246 2004 1309 rei
2045 1248 2508 1310 enarrationem
2548 1246 2643 1325 (in
2682 1244 2778 1326 (1)
2793 1249 2840 1326 ),
2881 1264 3048 1329 quae

652 1352 855 1434 ipsius
904 1370 1037 1413 esse
1076 1349 1351 1427 videtur,
1395 1349 1503 1414 sed
1544 1370 1707 1434 quae
1748 1349 1891 1414 dein
1932 1350 2272 1428 refutatur,
2319 1350 2475 1414 dum
2517 1354 2821 1437 supponit
2858 1370 3048 1415 suam

655 1457 1019 1539 opinionem
1069 1458 1157 1535 (in
1205 1457 1303 1537 (2)
1322 1464 1365 1535 ).
1437 1456 1738 1520 Primum
1785 1455 2103 1521 scholium
2147 1478 2296 1521 cum
2345 1455 2656 1542 exemplis
2704 1457 3050 1523 Menandri

652 1570 716 1625 et
756 1562 1200 1646 Aristophanis
1239 1562 1589 1627 secundum
1637 1561 2035 1627 Wessner.
2079 1583 2141 1647 p.
2180 1561 2266 1627 29
2309 1562 2385 1627 ad
2429 1563 2712 1628 Probum
2756 1564 3042 1649 Asprum

652 1666 1081 1732 revocandum
1144 1690 1279 1733 esse
1342 1689 1585 1745 cen-seo.
1658 1668 1728 1733 Iu
1794 1666 1993 1733 altero
2041 1690 2272 1734 nomen
2319 1672 2720 1754 interpretis,
2771 1672 2878 1733 cui
2927 1668 3048 1733 Do-

652 1780 841 1837 natus
888 1794 1109 1839 aurem
1158 1774 1454 1859 praebere
1502 1773 1786 1852 mavult,
1837 1781 2132 1860 corrupte
2183 1774 2493 1839 traditum
2541 1796 2678 1841 esse
2717 1773 3047 1851 dolemus,

651 1887 728 1944 ut
788 1882 931 1965 quis
991 1880 1185 1945 fuerit
1246 1880 1591 1945 nemodum
1657 1883 2085 1966 perspexerit:
2153 1884 2284 1960 „At
2331 1902 2452 1967 ego
2499 1882 3048 1958 †edesionum

654 2007 901 2071 sequor,
951 1990 1062 2073 qui
1108 1992 1274 2053 recte
1312 1986 1635 2053 intellexit
1673 1987 2088 2053 'Ferentium’'
2131 1994 2279 2053 cett.
2331 1986 2498 2054 Cum
2535 1988 2656 2053 hoc
2693 1990 3048 2074 interprete

656 2093 941 2159 Donatus
989 2092 1361 2159 Terentium
1406 2093 1639 2158 liberat
1685 2115 1722 2158 a
1768 2094 1956 2180 culpa
1999 2099 2067 2158 et
2114 2115 2360 2172 errore,
2408 2115 2601 2180 quem
2653 2100 2872 2159 auctor
2921 2096 3050 2179 pri·

658 2202 786 2265 oris
832 2199 1057 2265 scholii
1104 2202 1160 2264 ei
1208 2202 1665 2284 imputaverat,

748 2304 907 2369 Ibid.
959 2305 1039 2369 41
1118 2304 1244 2371 Vae
1292 2304 1490 2369 mihi!
1538 2304 1756 2369 Etiam
1804 2326 1926 2371 nou
1975 2306 2187 2371 credes
2229 2305 2518 2393 indignis
2563 2326 2675 2371 nos
2720 2326 2855 2370 esse

1112 2414 1327 2476 irrisas
1375 2408 1628 2476 modis?

748 2518 845 2599 (2)
894 2516 1165 2598 Quidam
1216 2518 1333 2584 hoc
1382 2523 1595 2583 totum
1647 2538 1808 2594 „vae
1857 2518 2060 2582 mihi’'
2113 2539 2313 2605 usque
2361 2518 2439 2584 ad
2483 2520 2748 2597 „irrisas
2787 2516 3041 2583 modis”

656 2646 692 2690 a
755 2625 995 2712 Pythia
1057 2625 1183 2689 dici
1246 2627 1640 2690 existimant.
1783 2623 2128 2690 Adnotatio
2175 2627 2510 2711 magistri,
2558 2645 2708 2689 nam
2753 2624 3048 2690 Donatus

656 2752 943 2817 quoque,
998 2738 1069 2795 ut
1112 2731 1294 2796 docet
1341 2729 1537 2796 schol.
1586 2730 1704 2811 (1),
1756 2731 1909 2796 haec
1955 2733 2172 2796 omnia
2219 2729 2494 2817 Pythiae
2543 2731 2750 2796 dabat.
2801 2733 3048 2796 Auctor

655 2836 883 2904 scholii
946 2837 1043 2918 (2)
1090 2837 1282 2902 aliam
1334 2839 1543 2922 igitur
1588 2857 2005 2921 personarum
2053 2837 2436 2902 divisionem
2486 2840 2551 2901 in
2599 2836 2878 2902 editione
2925 2857 3042 2902 sua

652 2946 935 3020 invenit,
988 2942 1153 3008 uude
1202 2944 1353 3008 haec
1400 2945 1648 3008 notatio
1694 2950 1832 3008 orta
1881 2951 1996 3009 est.

672 3073 679 3080 ·
744 3049 903 3115 Ibid.
957 3049 1041 3114 43
1112 3051 1361 3115 Mirum
1411 3054 1475 3114 ni
1520 3057 1597 3116 tu
1645 3051 1862 3116 credas
1913 3050 2083 3136 quod
2127 3053 2252 3116 iste
2298 3050 2466 3116 dicat

744 3155 839 3237 (2)
904 3155 1089 3222 Clare
1152 3156 1343 3235 dicit;
1409 3157 1671 3243 quidam
1739 3159 2019 3242 pressius
2082 3163 2330 3242 putant.
2440 3155 2636 3222 Recte
2699 3154 2864 3221 Don.
2923 3157 3044 3222 hoc

651 3261 821 3327 clara
882 3283 1037 3327 voce
1101 3262 1347 3327 dictum
1410 3285 1545 3328 esse
1607 3265 1736 3342 ait,
1803 3266 1900 3327 uti
1964 3284 2112 3328 mox
2173 3263 2252 3328 ad
2299 3283 2393 3328 vs.
2447 3262 2533 3327 49
2584 3262 2770 3341 „Hoc
2817 3284 3044 3328 rursus

650 3365 883 3432 clare’'.
930 3367 1244 3433 Errarunt
1282 3371 1515 3454 (Asper
1532 3367 1603 3450 ξ’),
1654 3372 1764 3455 qui
1812 3390 2022 3454 presse
2071 3369 2317 3434 dictum
2357 3370 2832 3435 existimabant.
2884 3367 3044 3436 Gon·

650 3474 745 3538 fer
793 3477 986 3539 etiam
1036 3473 1122 3537 IV
1174 3475 1506 3556 4.15(4):
1556 3475 1696 3541 Hoc
1744 3478 2022 3561 pressius
2072 3475 2254 3541 dixit.

745 3578 830 3645 IV
882 3577 941 3645 7.
986 3579 1023 3644 6
1098 3580 1221 3645 Ubi
1284 3583 1573 3646 centurio
1639 3589 1735 3646 est
1783 3579 1996 3667 Sanga
2043 3589 2105 3646 et
2153 3581 2525 3667 manipulus
2571 3579 2835 3646 furum?
2919 3580 3039 3648 Sa.

652 3686 892 3751 Eccum
939 3687 1137 3752 adest.

745 3793 842 3874 (3)
904 3793 1171 3878 Proprie
1235 3792 1693 3878 „manipulus”
1759 3793 2018 3858 milites.
2067 3801 2328 3859 centum
2389 3791 2663 3858 Romani
2711 3800 2778 3858 et
2827 3793 3046 3860 Latini

652 3901 771 3964 sub
836 3921 960 3966 uno
1022 3902 1430 3977 centurione,
1488 3921 1561 3964 ex
1629 3899 2062 3984 manipulo
2125 3900 2388 3975 herbae,
2451 3920 2642 3985 quem
2690 3921 2804 3984 pro
2851 3903 3040 3986 signo

650 4007 1109 4092 sequebantur3
1178 4010 1405 4072 merito
1468 4008 1677 4092 igitur
1723 4009 2160 4071 centurionem
2211 4007 2434 4071 videns
2482 4004 2892 4090 manipulum
2943 4006 3044 4072 de·

651 4113 975 4178 sideravit.
1028 4149 1109 4160 -—
1162 4112 1278 4177 hoc
1342 4120 1437 4177 est
1498 4133 1724 4177 cocum
1788 4113 2012 4178 videns
2075 4114 2379 4177 convivas
2441 4112 2866 4191 desideravit,
2931 4115 3044 4198 qui

652 4227 1109 4304 apparuerant,
1151 4220 1444 4303 quotiens
1489 4239 1675 4283 cocus
1723 4217 1940 4296 affuit,
1987 4219 2054 4283 id
2093 4226 2191 4283 est
2231 4219 2606 4283 convivium
2645 4221 3038 4283 instructum

649 4331 765 4390 est.
815 4323 947 4388 Alii
1001 4322 1449 4407 „manipulum
1497 4323 1760 4387 furum”
1810 4326 1941 4389 coci
1989 4322 2338 4408 discipulos
2386 4329 2617 4410 putant
2664 4323 2810 4388 dici.

740 4428 797 4495 A
845 4429 1079 4495 Donati
1118 4429 1525 4495 adnotatione
1564 4433 1856 4516 separavi
1895 4433 2376 4517 ineptissimum
2418 4431 2698 4497 Editoris
2731 4433 3040 4516 interpre-
