3246 5085
560 349 647 414 28
1589 363 1903 412 nonnus.

649 530 907 596 Scholia
953 529 1187 596 Donati
1231 528 1356 594 duo
1394 549 1431 594 a
1471 526 1908 614 compilatore
1948 529 2163 592 iuncta
2203 547 2317 612 per
2353 532 2449 592 et.
2500 525 2579 591 D.
2620 528 2941 606 σχήματα

555 636 747 714 λόγου
811 643 876 700 81
939 635 1208 706 διανοίας
1288 635 1454 700 nude
1531 640 1750 699 notare
1829 632 2010 698 solet.
2194 632 2296 697 IP
2360 635 2427 697 in
2492 631 2770 697 editione
2838 631 2947 696 ad-

555 744 816 827 scripsit
879 742 1000 805 hoc
1061 760 1289 805 suum:
1353 739 1449 820 (5)
1508 738 1629 804 Est
1691 737 2096 815 διαλογισμός
2165 735 2448 822 perditae
2509 738 2745 801 mentis
2799 741 2947 821 post

555 845 838 911 multam
878 846 1114 910 frustra
1153 847 1629 932 cogitationem.
1727 843 2055 908 Donatum
2091 845 2353 906 imitans
2394 863 2458 906 se
2497 842 2656 906 novi
2698 840 2945 926 aliquid

557 952 860 1036 praebere
905 949 1176 1014 affectat.

650 1056 791 1121 Hoc
837 1037 1046 1141 igitur
1089 1054 1285 1119 schol.
1334 1053 1571 1119 Sabb.
1617 1057 1759 1119 iure
1806 1053 1984 1119 obelo
2030 1054 2317 1129 notavit,
2364 1053 2475 1136 qui
2521 1073 2650 1116 non
2688 1051 2947 1116 audien-

561 1160 680 1225 dus
743 1166 876 1236 est,
938 1180 1084 1225 cum
1130 1160 1302 1224 idem
1354 1159 1544 1224 faciat
1589 1163 1658 1223 in
1704 1158 1821 1238 (3),
1872 1161 2053 1223 cuius
2100 1163 2321 1222 auctor
2366 1155 2651 1221 Donatus
2696 1155 2839 1234 vel,
2888 1159 2945 1220 si

559 1264 1090 1330 Wessnerum
1157 1267 1508 1348 sequimur,
1576 1263 1895 1329 Aemilius
1955 1265 2175 1346 Asper,
2239 1266 2454 1326 tamen
2510 1263 2749 1327 erravit
2798 1281 2947 1326 cum

565 1369 854 1455 „igitur”
902 1368 966 1434 b.
993 1369 1038 1434 l.
1086 1371 1615 1454 interpretaretur
1664 1368 1985 1432 deinde.

651 1473 830 1538 Idem
880 1473 1211 1538 damnavit
1249 1476 1444 1538 etiam
1479 1476 1598 1552 (6),
1638 1474 1753 1538 ubi
1793 1473 1873 1538 ad
1912 1473 2136 1537 verba:
2182 1471 2392 1551 „Quid
2430 1473 2638 1556 igitur
2660 1468 2951 1536 faciam?

559 1599 683 1643 non
747 1599 892 1643 eam
951 1601 1030 1644 ne
1089 1600 1257 1643 nunc
1317 1579 1579 1663 quidem
1724 1576 1827 1642 .?’'
1894 1577 2270 1642 adnotatur:
2332 1576 2473 1641 Hoc
2521 1577 2778 1641 videtur
2822 1597 2949 1641 non

559 1704 694 1750 esse
732 1687 1158 1760 contrarium,
1201 1683 1307 1747 sed
1349 1690 1477 1761 est,
1521 1704 1671 1748 nam
1711 1683 1965 1748 dubitat
2003 1681 2163 1761 (scil.
2206 1685 2273 1746 in
2317 1682 2523 1747 verbis
2558 1704 2659 1766 ,‚q.
2685 1685 2730 1745 1.
2755 1703 2822 1767 g.
2850 1681 2951 1761 f'')

561 1794 786 1852 utrum
849 1789 1201 1852 meretricis
1262 1788 1762 1853 satisfactionem
1833 1792 2192 1872 exspectet,
2254 1809 2333 1851 an
2396 1785 2556 1866 (8011.
2620 1789 2683 1850 in
2736 1786 2951 1851 verbis
3021 1837 3037 1844 ,

565 1913 730 1970 „non
796 1892 980 1957 eam''
1044 1914 1098 1957 e.
1125 1913 1185 1976 q.
1213 1899 1290 1972 s.)
1352 1892 1535 1957 illam
1599 1895 1859 1957 omnino
1906 1913 2030 1958 non
2079 1899 2359 1976 quaerat.
2544 1891 2949 1974 Quamquam

562 1999 716 2062 haec
775 1983 1220 2082 interpretatio
1267 1997 1654 2062 dubitationi
1700 1999 1973 2062 obnoxia
2021 2005 2153 2074 est,
2207 2005 2417 2062 tamen
2463 1996 2584 2061 hoc
2631 1995 2949 2061 scholium

565 2123 602 2167 a
651 2102 900 2168 Donato
947 2101 1307 2167 abiudicare
1353 2123 1478 2166 non
1525 2105 1756 2170 ausim.

653 2208 880 2293 Itaque
940 2209 971 2273 I
991 2209 1040 2272 P
1085 2211 1151 2273 in
1202 2208 1548 2272 editionem
1594 2207 1833 2273 Donati
1882 2207 2126 2273 scholia
2170 2207 2388 2273 ordine
2432 2209 2671 2292 recepit
2712 2209 2955 2271 inserto

567 2311 697 2393 (5);
767 2311 1006 2378 scholia
1067 2311 1356 2392 (1)—(5)
1418 2321 1637 2399 aguntae
1688 2312 1765 2378 de
1811 2315 2022 2398 priore
2070 2334 2289 2378 versus
2337 2320 2549 2398 parte,
2597 2311 2695 2392 (6)
2742 2319 2807 2377 et
2852 2308 2953 2390 (7)

564 2416 641 2481 de
689 2420 1056 2504 posteriore.
1105 2415 1505 2502 Gompilator
1549 2417 1729 2483 nulla
1777 2439 1893 2482 sua
1939 2439 2128 2503 opera
2174 2419 2335 2482 haec
2375 2416 2725 2482 transtulit.

656 2597 687 2661 I
740 2598 796 2662 1.
825 2596 866 2659 4
911 2597 1234 2673 Exclusit3
1285 2604 1577 2676 revocat3
1630 2596 1929 2664 redeam?
1976 2598 2153 2675 Non,
2203 2600 2258 2663 si
2303 2620 2409 2664 me
2457 2599 2738 2664 obsecret

653 2702 750 2783 (2)
795 2702 978 2767 Vides
1017 2724 1169 2790 ergo
1209 2707 1601 2788 superiorem
1643 2712 1887 2789 partem
1929 2705 2349 2770 dubitationis
2386 2703 2546 2782 (8011.
2587 2705 2841 2769 redeam
2854 2702 2957 2782 P')

564 2810 632 2871 in
673 2828 745 2873 eo
782 2808 1009 2885 fuisse,
1049 2816 1126 2872 ut
1165 2815 1432 2893 rogatus
1467 2808 1737 2886 rediret,
1776 2809 2144 2873 inferiorem
2185 2808 2349 2889 (scil.
2393 2830 2593 2886 „non,
2628 2830 2678 2873 8.
2705 2829 2793 2873 111.
2821 2809 2956 2889 ο.”)

567 2918 643 2976 111
690 2933 768 2976 118
813 2918 1078 2998 rogatus
1125 2914 1406 2997 quidem.
1545 2913 1691 2979 Hoc
1735 2934 1987 2998 quoque
2033 2912 2263 2979 Sabb.
2304 2916 2631 2979 immerito
2670 2912 2956 2978 seclusit.

662 3015 821 3081 Ibid.
873 3017 912 3080 9
964 3018 1200 3081 Actum
1249 3023 1379 3096 est,
1427 3018 1643 3095 ilicet,
1690 3021 1916 3103 peristi

656 3124 756 3201 (1)
807 3122 1088 3198 „Actum
1133 3123 1270 3186 est'’
1319 3123 1395 3186 de
1441 3126 1584 3187 iure
1630 3122 2053 3200 translatum,
2107 3122 2259 3201 ,‚il.’'
2310 3123 2386 3189 de
2422 3123 2689 3199 iudicio,
2734 3122 2955 3207 „per.'’

565 3223 642 3288 de
707 3225 1044 3310 supplici0.
1228 3224 1332 3290 Sic
1397 3225 1474 3289 D.
1538 3226 1846 3311 Sequitur
1892 3226 1988 3307 (2)
2041 3226 2250 3305 „act.'’
2300 3228 2378 3292 ad
2430 3227 2641 3304 „ultro
2688 3227 2769 3292 ad
2812 3247 2959 3291 eam

563 3330 826 3395 venies''
892 3338 1012 3410 (vs.
1077 3328 1167 3410 8),
1231 3329 1509 3395 relatum
1571 3336 1706 3407 est,
1776 3331 2036 3409 „ilicet”
2086 3334 2165 3397 ad
2214 3333 2541 3408 „indicans
2586 3339 2652 3397 te
2698 3333 2959 3397 amare''

566 3440 686 3513 (vs.
736 3433 826 3513 8),
881 3434 1190 3519 „peristi”
1237 3436 1315 3500 ad
1360 3436 1563 3513 „ferre
1602 3457 1728 3501 non
1766 3438 1989 3521 posse’'
2025 3441 2149 3516 (vs.
2220 3436 2308 3517 9).
2379 3436 2519 3502 Hae
2556 3458 2769 3502 merae
2804 3446 2959 3501 sunt

566 3560 800 3623 nugae.
869 3540 1266 3604 Huiusmodi
1327 3540 1664 3607 relationes
1730 3544 1798 3605 in
1864 3540 2108 3607 deliciis
2164 3550 2315 3607 sunt
2362 3541 2482 3618 IP,
2532 3542 2701 3626 quod
2746 3541 2958 3606 multa

568 3642 866 3727 exempla
910 3644 1225 3710 docebunt
1257 3642 1325 3725 ¹).
2684 3646 2747 3713 S.
2797 3668 2849 3711 0.

662 3746 759 3827 (3)
800 3747 1070 3824 „Ilicet”
1113 3769 1364 3834 semper
1405 3753 1474 3814 in
1513 3749 1638 3815 fine
1680 3753 1774 3816 rei
1811 3755 2164 3817 transactae
2188 3754 2468 3837 ponitur.
2607 3751 2958 3817 Adnotatio

567 3856 907 3918 temeraria
955 3854 1222 3939 ideoque
1269 3854 1464 3933 falsa,
1515 3877 1677 3940 quae
1724 3857 2205 3942 repetitur·fere
2247 3856 2508 3921 Phorm.
2551 3856 2582 3920 I
2624 3854 2685 3921 4.
2713 3854 2802 3920 30
2824 3855 2957 3935 (4);

565 3958 835 4044 Semper
883 3960 1144 4036 „ilicet”
1195 3961 1386 4026 finem
1433 3965 1526 4027 rei
1567 3962 1927 4049 significat,
1967 3969 2043 4027 ut
2086 3968 2344 4041 „actum
2385 3962 2545 4027 est”.
2594 3962 2721 4028 Ubi
2756 3965 2963 4047 sequi·

565 4068 673 4127 tur
719 4063 1044 4130 adnotatio
1091 4086 1241 4131 vera
1286 4072 1351 4131 et
1396 4066 1657 4152 elegans
1708 4068 1960 4133 Donati.
2693 4066 2760 4131 S.
2807 4088 2863 4131 c.

657 4168 817 4234 Ibid.
871 4168 958 4234 10
981 4170 1078 4248 (2)
1127 4171 1444 4248 „Eludere
1489 4176 1746 4259 proprie
1788 4172 2224 4258 gladiatorum
2263 4178 2394 4250 est,
2438 4175 2615 4255 [cum
2640 4174 2960 4255 vicerint}

639 4350 686 4407 1)
733 4348 864 4398 Olim
910 4364 966 4398 ex
1013 4350 1194 4399 Andria
1236 4352 1468 4415 quaedam
1512 4350 1687 4401 citavi:
1751 4351 1777 4400 Ι
1828 4350 2067 4415 5.44(1).
2106 4352 2168 4401 5⁶
2186 4352 2278 4415 (2),
2322 4352 2387 4400 00
2406 4354 2499 4415 (4).
2548 4352 2728 4401 Mnem.
2768 4351 2961 4401 XXXII

570 4447 617 4497 p.
654 4430 752 4479 882
772 4446 840 4494 eq.
