<?xml version="1.0" encoding="UTF-8"?>
<!DOCTYPE html PUBLIC "-//W3C//DTD XHTML 1.0 Transitional//EN"
    "http://www.w3.org/TR/xhtml1/DTD/xhtml1-transitional.dtd">
<html xmlns="http://www.w3.org/1999/xhtml" xml:lang="en" lang="en">
 <head>
  <title>
</title>
<meta http-equiv="Content-Type" content="text/html;charset=utf-8" />
  <meta name='ocr-system' content='tesseract 3.04.00' />
  <meta name='ocr-capabilities' content='ocr_page ocr_carea ocr_par ocr_line ocrx_word'/>
</head>
<body>
  <div class='ocr_page' id='page_1' title='image "./mnemosynevolume03verdgoog_0027.png"; bbox 0 0 3246 5085; ppageno 0'>
   <div class='ocr_carea' id='block_1_1' title="bbox 1243 373 2597 439">
    <p class='ocr_par' dir='ltr' id='par_1_1' title="bbox 1243 373 2597 439">
     <span class='ocr_line' id='line_1_1' title="bbox 1243 373 2597 439; baseline 0 -1"><span class='ocrx_word' id='word_1_1' title='bbox 1243 389 1556 439; x_wconf 66' lang='lat' dir='ltr'>nonnus.</span> <span class='ocrx_word' id='word_1_2' title='bbox 2510 373 2597 438; x_wconf 78' lang='lat'>19</span> 
     </span>
    </p>
   </div>
   <div class='ocr_carea' id='block_1_2' title="bbox 224 554 2622 2323">
    <p class='ocr_par' dir='ltr' id='par_1_2' title="bbox 224 554 2604 854">
     <span class='ocr_line' id='line_1_2' title="bbox 313 554 2602 642; baseline -0.001 -20"><span class='ocrx_word' id='word_1_3' title='bbox 313 559 370 622; x_wconf 88' lang='lat' dir='ltr'><strong>V</strong></span> <span class='ocrx_word' id='word_1_4' title='bbox 419 559 481 625; x_wconf 94' lang='grc'>2.</span> <span class='ocrx_word' id='word_1_5' title='bbox 520 556 605 623; x_wconf 88' lang='grc'>68</span> <span class='ocrx_word' id='word_1_6' title='bbox 629 557 724 637; x_wconf 89' lang='grc'>(2)</span> <span class='ocrx_word' id='word_1_7' title='bbox 787 556 1209 642; x_wconf 79' lang='lat' dir='ltr'>Interrogatio</span> <span class='ocrx_word' id='word_1_8' title='bbox 1269 554 1423 619; x_wconf 88' lang='lat' dir='ltr'>haec</span> <span class='ocrx_word' id='word_1_9' title='bbox 1483 555 1984 638; x_wconf 73' lang='lat' dir='ltr'>increpationem</span> <span class='ocrx_word' id='word_1_10' title='bbox 2047 557 2331 620; x_wconf 87' lang='lat' dir='ltr'>continet</span> <span class='ocrx_word' id='word_1_11' title='bbox 2390 557 2602 641; x_wconf 90' lang='lat' dir='ltr'>impu-</span> 
     </span>
     <span class='ocr_line' id='line_1_3' title="bbox 224 658 2604 747; baseline -0.002 -18"><span class='ocrx_word' id='word_1_12' title='bbox 224 665 586 731; x_wconf 89' lang='lat' dir='ltr'>dentissimi</span> <span class='ocrx_word' id='word_1_13' title='bbox 643 662 816 727; x_wconf 85' lang='lat' dir='ltr'>facti.</span> <span class='ocrx_word' id='word_1_14' title='bbox 978 660 1075 740; x_wconf 82' lang='lat'>(3)</span> <span class='ocrx_word' id='word_1_15' title='bbox 1121 658 1296 723; x_wconf 88' lang='lat' dir='ltr'>Haec</span> <span class='ocrx_word' id='word_1_16' title='bbox 1339 660 1757 745; x_wconf 79' lang='lat' dir='ltr'>interrogatio</span> <span class='ocrx_word' id='word_1_17' title='bbox 1801 661 2115 724; x_wconf 80' lang='lat' dir='ltr'>irrisionis</span> <span class='ocrx_word' id='word_1_18' title='bbox 2161 660 2349 747; x_wconf 88' lang='lat' dir='ltr'>plena</span> <span class='ocrx_word' id='word_1_19' title='bbox 2396 667 2493 726; x_wconf 87' lang='lat' dir='ltr'>est</span> <span class='ocrx_word' id='word_1_20' title='bbox 2537 663 2604 725; x_wconf 91' lang='lat' dir='ltr'>in</span> 
     </span>
     <span class='ocr_line' id='line_1_4' title="bbox 229 764 1170 854; baseline -0.007 -19"><span class='ocrx_word' id='word_1_21' title='bbox 229 791 379 835; x_wconf 91' lang='lat' dir='ltr'>eum</span> <span class='ocrx_word' id='word_1_22' title='bbox 399 817 415 848; x_wconf 94' lang='lat'>,</span> <span class='ocrx_word' id='word_1_23' title='bbox 463 789 655 854; x_wconf 91' lang='lat' dir='ltr'>quem</span> <span class='ocrx_word' id='word_1_24' title='bbox 703 764 869 831; x_wconf 89' lang='lat' dir='ltr'>nihil</span> <span class='ocrx_word' id='word_1_25' title='bbox 913 765 1170 850; x_wconf 89' lang='lat' dir='ltr'>pudeat.</span> 
     </span>
    </p>

    <p class='ocr_par' dir='ltr' id='par_1_3' title="bbox 231 867 2622 2323">
     <span class='ocr_line' id='line_1_5' title="bbox 319 867 2605 957; baseline -0.001 -19"><span class='ocrx_word' id='word_1_26' title='bbox 319 874 474 939; x_wconf 86' lang='lat' dir='ltr'>Fere</span> <span class='ocrx_word' id='word_1_27' title='bbox 541 871 778 937; x_wconf 77' lang='lat' dir='ltr'>similia</span> <span class='ocrx_word' id='word_1_28' title='bbox 795 919 811 948; x_wconf 96' lang='lat'>,</span> <span class='ocrx_word' id='word_1_29' title='bbox 877 870 988 934; x_wconf 91' lang='lat' dir='ltr'>sed</span> <span class='ocrx_word' id='word_1_30' title='bbox 1049 868 1326 934; x_wconf 91' lang='lat' dir='ltr'>alterum</span> <span class='ocrx_word' id='word_1_31' title='bbox 1390 867 1485 948; x_wconf 82' lang='lat'>(3)</span> <span class='ocrx_word' id='word_1_32' title='bbox 1548 867 1740 953; x_wconf 86' lang='lat' dir='ltr'>paulo</span> <span class='ocrx_word' id='word_1_33' title='bbox 1802 872 2038 935; x_wconf 87' lang='lat' dir='ltr'>rectius</span> <span class='ocrx_word' id='word_1_34' title='bbox 2057 920 2072 947; x_wconf 94' lang='lat'>,</span> <span class='ocrx_word' id='word_1_35' title='bbox 2136 891 2285 935; x_wconf 89' lang='lat' dir='ltr'>nam</span> <span class='ocrx_word' id='word_1_36' title='bbox 2331 872 2605 957; x_wconf 80' lang='lat' dir='ltr'>Pythias</span> 
     </span>
     <span class='ocr_line' id='line_1_6' title="bbox 233 970 2604 1060; baseline -0.002 -16"><span class='ocrx_word' id='word_1_37' title='bbox 233 1000 383 1044; x_wconf 91' lang='lat' dir='ltr'>cum</span> <span class='ocrx_word' id='word_1_38' title='bbox 429 977 585 1042; x_wconf 92' lang='lat' dir='ltr'>dicit</span> <span class='ocrx_word' id='word_1_39' title='bbox 631 975 882 1055; x_wconf 83' lang='lat' dir='ltr'>„Quam</span> <span class='ocrx_word' id='word_1_40' title='bbox 929 976 1009 1040; x_wconf 83' lang='lat' dir='ltr'>ob</span> <span class='ocrx_word' id='word_1_41' title='bbox 1054 995 1192 1038; x_wconf 91' lang='lat' dir='ltr'>rem</span> <span class='ocrx_word' id='word_1_42' title='bbox 1237 973 1495 1038; x_wconf 89' lang='lat' dir='ltr'>tandem</span> <span class='ocrx_word' id='word_1_43' title='bbox 1541 983 1653 1052; x_wconf 84' lang='lat' dir='ltr'>(sc.</span> <span class='ocrx_word' id='word_1_44' title='bbox 1696 970 1947 1054; x_wconf 82' lang='lat' dir='ltr'>abeas)?</span> <span class='ocrx_word' id='word_1_45' title='bbox 1997 977 2092 1040; x_wconf 89' lang='lat' dir='ltr'>An</span> <span class='ocrx_word' id='word_1_46' title='bbox 2133 978 2285 1060; x_wconf 87' lang='lat' dir='ltr'>quia</span> <span class='ocrx_word' id='word_1_47' title='bbox 2322 976 2520 1060; x_wconf 91' lang='lat' dir='ltr'>pudet</span> <span class='ocrx_word' id='word_1_48' title='bbox 2536 973 2604 1039; x_wconf 70' lang='lat' dir='ltr'>‘P’</span> 
     </span>
     <span class='ocr_line' id='line_1_7' title="bbox 231 1075 2610 1170; baseline -0.002 -21"><span class='ocrx_word' id='word_1_49' title='bbox 231 1105 360 1149; x_wconf 91' lang='lat' dir='ltr'>non</span> <span class='ocrx_word' id='word_1_50' title='bbox 405 1084 725 1166; x_wconf 88' lang='lat' dir='ltr'>increpat,</span> <span class='ocrx_word' id='word_1_51' title='bbox 776 1079 886 1144; x_wconf 86' lang='lat' dir='ltr'>sed</span> <span class='ocrx_word' id='word_1_52' title='bbox 930 1079 1156 1170; x_wconf 82' lang='lat' dir='ltr'>irridet</span> <span class='ocrx_word' id='word_1_53' title='bbox 1205 1079 1497 1143; x_wconf 90' lang='lat' dir='ltr'>subitum</span> <span class='ocrx_word' id='word_1_54' title='bbox 1535 1075 1849 1144; x_wconf 84' lang='lat' dir='ltr'>Chaereae</span> <span class='ocrx_word' id='word_1_55' title='bbox 1888 1079 2195 1165; x_wconf 91' lang='lat' dir='ltr'>pudorem</span> <span class='ocrx_word' id='word_1_56' title='bbox 2213 1129 2230 1158; x_wconf 99' lang='lat'>,</span> <span class='ocrx_word' id='word_1_57' title='bbox 2271 1082 2383 1165; x_wconf 90' lang='lat' dir='ltr'>qui</span> <span class='ocrx_word' id='word_1_58' title='bbox 2420 1079 2610 1165; x_wconf 90' lang='lat' dir='ltr'>paulo</span> 
     </span>
     <span class='ocr_line' id='line_1_8' title="bbox 233 1180 2611 1272; baseline -0.001 -19"><span class='ocrx_word' id='word_1_59' title='bbox 233 1194 381 1253; x_wconf 84' lang='lat' dir='ltr'>ante</span> <span class='ocrx_word' id='word_1_60' title='bbox 427 1188 751 1272; x_wconf 79' lang='lat' dir='ltr'>virginem</span> <span class='ocrx_word' id='word_1_61' title='bbox 796 1183 1036 1249; x_wconf 82' lang='lat' dir='ltr'>violare</span> <span class='ocrx_word' id='word_1_62' title='bbox 1083 1203 1276 1248; x_wconf 84' lang='lat' dir='ltr'>ausus</span> <span class='ocrx_word' id='word_1_63' title='bbox 1321 1186 1424 1248; x_wconf 89' lang='lat' dir='ltr'>sit.</span> <span class='ocrx_word' id='word_1_64' title='bbox 1475 1180 1643 1248; x_wconf 83' lang='lat' dir='ltr'>Cum</span> <span class='ocrx_word' id='word_1_65' title='bbox 1680 1187 1887 1269; x_wconf 82' lang='lat' dir='ltr'>igitur</span> <span class='ocrx_word' id='word_1_66' title='bbox 1924 1184 2019 1264; x_wconf 84' lang='lat'>(2)</span> <span class='ocrx_word' id='word_1_67' title='bbox 2058 1185 2159 1249; x_wconf 93' lang='lat' dir='ltr'>IP</span> <span class='ocrx_word' id='word_1_68' title='bbox 2198 1185 2611 1251; x_wconf 88' lang='lat' dir='ltr'>tribuendum</span> 
     </span>
     <span class='ocr_line' id='line_1_9' title="bbox 235 1287 2610 1376; baseline -0.002 -18"><span class='ocrx_word' id='word_1_69' title='bbox 235 1295 351 1371; x_wconf 85' lang='lat' dir='ltr'>sit,</span> <span class='ocrx_word' id='word_1_70' title='bbox 392 1293 722 1376; x_wconf 86' lang='lat' dir='ltr'>quaeritur</span> <span class='ocrx_word' id='word_1_71' title='bbox 759 1289 1146 1374; x_wconf 88' lang='lat' dir='ltr'>receperitne</span> <span class='ocrx_word' id='word_1_72' title='bbox 1183 1289 1254 1351; x_wconf 90' lang='lat' dir='ltr'>in</span> <span class='ocrx_word' id='word_1_73' title='bbox 1293 1287 1640 1353; x_wconf 89' lang='lat' dir='ltr'>editionem</span> <span class='ocrx_word' id='word_1_74' title='bbox 1679 1289 1866 1353; x_wconf 94' lang='lat' dir='ltr'>modo</span> <span class='ocrx_word' id='word_1_75' title='bbox 1890 1293 2405 1355; x_wconf 76' lang='lat' dir='ltr'>retractationem</span> <span class='ocrx_word' id='word_1_76' title='bbox 2429 1311 2610 1355; x_wconf 88' lang='lat' dir='ltr'>suam</span> 
     </span>
     <span class='ocr_line' id='line_1_10' title="bbox 235 1390 2613 1479; baseline -0.001 -16"><span class='ocrx_word' id='word_1_77' title='bbox 235 1418 316 1463; x_wconf 92' lang='lat' dir='ltr'>an</span> <span class='ocrx_word' id='word_1_78' title='bbox 377 1399 574 1461; x_wconf 90' lang='lat' dir='ltr'>etiam</span> <span class='ocrx_word' id='word_1_79' title='bbox 627 1392 822 1459; x_wconf 87' lang='lat' dir='ltr'>sehol.</span> <span class='ocrx_word' id='word_1_80' title='bbox 870 1394 1232 1478; x_wconf 83' lang='lat' dir='ltr'>genuinum</span> <span class='ocrx_word' id='word_1_81' title='bbox 1279 1390 1532 1457; x_wconf 90' lang='lat' dir='ltr'>Donati.</span> <span class='ocrx_word' id='word_1_82' title='bbox 1598 1391 1816 1457; x_wconf 90' lang='lat' dir='ltr'>Primo</span> <span class='ocrx_word' id='word_1_83' title='bbox 1864 1395 2090 1458; x_wconf 89' lang='lat' dir='ltr'>auditu</span> <span class='ocrx_word' id='word_1_84' title='bbox 2137 1398 2413 1479; x_wconf 88' lang='lat' dir='ltr'>suspicio</span> <span class='ocrx_word' id='word_1_85' title='bbox 2457 1398 2613 1459; x_wconf 86' lang='lat' dir='ltr'>satis</span> 
     </span>
     <span class='ocr_line' id='line_1_11' title="bbox 234 1499 2613 1584; baseline -0.002 -17"><span class='ocrx_word' id='word_1_86' title='bbox 234 1500 506 1568; x_wconf 86' lang='lat' dir='ltr'>absurda</span> <span class='ocrx_word' id='word_1_87' title='bbox 565 1507 696 1579; x_wconf 88' lang='lat' dir='ltr'>est,</span> <span class='ocrx_word' id='word_1_88' title='bbox 758 1501 1152 1563; x_wconf 77' lang='lat' dir='ltr'>imitatorem</span> <span class='ocrx_word' id='word_1_89' title='bbox 1217 1499 1307 1561; x_wconf 86' lang='lat' dir='ltr'>sic</span> <span class='ocrx_word' id='word_1_90' title='bbox 1369 1502 1571 1562; x_wconf 91' lang='lat' dir='ltr'>semet</span> <span class='ocrx_word' id='word_1_91' title='bbox 1633 1500 1850 1582; x_wconf 88' lang='lat' dir='ltr'>ipsum</span> <span class='ocrx_word' id='word_1_92' title='bbox 1895 1499 2269 1583; x_wconf 86' lang='lat' dir='ltr'>prodidisse.</span> <span class='ocrx_word' id='word_1_93' title='bbox 2318 1499 2442 1564; x_wconf 82' lang='lat' dir='ltr'>Sed</span> <span class='ocrx_word' id='word_1_94' title='bbox 2486 1501 2613 1584; x_wconf 89' lang='lat' dir='ltr'>ipsi</span> 
     </span>
     <span class='ocr_line' id='line_1_12' title="bbox 236 1601 2615 1686; baseline -0.002 -15"><span class='ocrx_word' id='word_1_95' title='bbox 236 1607 360 1671; x_wconf 92' lang='lat' dir='ltr'>hoc</span> <span class='ocrx_word' id='word_1_96' title='bbox 408 1604 596 1670; x_wconf 85' lang='lat' dir='ltr'>aliter</span> <span class='ocrx_word' id='word_1_97' title='bbox 641 1602 999 1681; x_wconf 81' lang='lat' dir='ltr'>videbatur,</span> <span class='ocrx_word' id='word_1_98' title='bbox 1062 1621 1178 1666; x_wconf 87' lang='lat' dir='ltr'>sua</span> <span class='ocrx_word' id='word_1_99' title='bbox 1220 1621 1450 1686; x_wconf 85' lang='lat' dir='ltr'>nempe</span> <span class='ocrx_word' id='word_1_100' title='bbox 1491 1604 1757 1667; x_wconf 83' lang='lat' dir='ltr'>inventa</span> <span class='ocrx_word' id='word_1_101' title='bbox 1803 1606 2155 1686; x_wconf 79' lang='lat' dir='ltr'>praenitere</span> <span class='ocrx_word' id='word_1_102' title='bbox 2202 1601 2505 1668; x_wconf 89' lang='lat' dir='ltr'>Donateis</span> <span class='ocrx_word' id='word_1_103' title='bbox 2550 1609 2615 1668; x_wconf 93' lang='lat' dir='ltr'>et</span> 
     </span>
     <span class='ocr_line' id='line_1_13' title="bbox 239 1706 2617 1794; baseline -0.002 -18"><span class='ocrx_word' id='word_1_104' title='bbox 239 1713 396 1776; x_wconf 91' lang='grc'><strong>11880</strong></span> <span class='ocrx_word' id='word_1_105' title='bbox 439 1709 574 1775; x_wconf 89' lang='grc'><strong>11118</strong></span> <span class='ocrx_word' id='word_1_106' title='bbox 625 1709 966 1774; x_wconf 85' lang='lat' dir='ltr'>obscurari.</span> <span class='ocrx_word' id='word_1_107' title='bbox 1017 1706 1158 1772; x_wconf 87' lang='lat' dir='ltr'>Hac</span> <span class='ocrx_word' id='word_1_108' title='bbox 1205 1712 1458 1770; x_wconf 88' lang='lat' dir='ltr'>tantum</span> <span class='ocrx_word' id='word_1_109' title='bbox 1504 1709 1749 1771; x_wconf 85' lang='lat' dir='ltr'>ratione</span> <span class='ocrx_word' id='word_1_110' title='bbox 1796 1707 2099 1792; x_wconf 87' lang='lat' dir='ltr'>explicari</span> <span class='ocrx_word' id='word_1_111' title='bbox 2146 1717 2411 1794; x_wconf 88' lang='lat' dir='ltr'>possunt</span> <span class='ocrx_word' id='word_1_112' title='bbox 2448 1729 2617 1794; x_wconf 90' lang='lat' dir='ltr'>repe-</span> 
     </span>
     <span class='ocr_line' id='line_1_14' title="bbox 243 1811 2617 1896; baseline -0.001 -15"><span class='ocrx_word' id='word_1_113' title='bbox 243 1819 505 1881; x_wconf 88' lang='lat' dir='ltr'>titiones</span> <span class='ocrx_word' id='word_1_114' title='bbox 564 1814 960 1889; x_wconf 86' lang='lat' dir='ltr'>manifestae,</span> <span class='ocrx_word' id='word_1_115' title='bbox 1023 1813 1134 1876; x_wconf 84' lang='lat' dir='ltr'>ubi</span> <span class='ocrx_word' id='word_1_116' title='bbox 1181 1832 1411 1896; x_wconf 90' lang='lat' dir='ltr'>nempe</span> <span class='ocrx_word' id='word_1_117' title='bbox 1457 1811 1671 1896; x_wconf 90' lang='lat' dir='ltr'>aliqua</span> <span class='ocrx_word' id='word_1_118' title='bbox 1718 1816 2075 1878; x_wconf 88' lang='lat' dir='ltr'>coniunctio</span> <span class='ocrx_word' id='word_1_119' title='bbox 2124 1820 2262 1893; x_wconf 70' lang='lat' dir='ltr'>(aut</span> <span class='ocrx_word' id='word_1_120' title='bbox 2304 1815 2403 1877; x_wconf 82' lang='lat' dir='ltr'>vel</span> <span class='ocrx_word' id='word_1_121' title='bbox 2444 1817 2617 1894; x_wconf 90' lang='lat' dir='ltr'>sim.)</span> 
     </span>
     <span class='ocr_line' id='line_1_15' title="bbox 241 1915 2619 2002; baseline -0.002 -16"><span class='ocrx_word' id='word_1_122' title='bbox 241 1919 350 1987; x_wconf 82' lang='lat' dir='ltr'>vel</span> <span class='ocrx_word' id='word_1_123' title='bbox 389 1917 668 1985; x_wconf 89' lang='lat' dir='ltr'>formula</span> <span class='ocrx_word' id='word_1_124' title='bbox 707 1925 826 1995; x_wconf 91' lang='lat' dir='ltr'>„ut</span> <span class='ocrx_word' id='word_1_125' title='bbox 863 1917 1188 1982; x_wconf 84' lang='lat' dir='ltr'>diximus&#39;&#39;</span> <span class='ocrx_word' id='word_1_126' title='bbox 1231 1915 1488 1981; x_wconf 85' lang='lat' dir='ltr'>aliudve</span> <span class='ocrx_word' id='word_1_127' title='bbox 1524 1917 1837 1981; x_wconf 84' lang='lat' dir='ltr'>indicium</span> <span class='ocrx_word' id='word_1_128' title='bbox 1861 1917 2141 1982; x_wconf 90' lang='lat' dir='ltr'>ostendit</span> <span class='ocrx_word' id='word_1_129' title='bbox 2165 1923 2229 1983; x_wconf 91' lang='lat' dir='ltr'>et</span> <span class='ocrx_word' id='word_1_130' title='bbox 2250 1918 2619 2002; x_wconf 85' lang='lat' dir='ltr'>exemplum</span> 
     </span>
     <span class='ocr_line' id='line_1_16' title="bbox 247 2015 2621 2108; baseline -0.002 -16"><span class='ocrx_word' id='word_1_131' title='bbox 247 2031 314 2092; x_wconf 90' lang='lat' dir='ltr'>et</span> <span class='ocrx_word' id='word_1_132' title='bbox 357 2027 792 2090; x_wconf 86' lang='lat' dir='ltr'>imitationem</span> <span class='ocrx_word' id='word_1_133' title='bbox 832 2023 908 2088; x_wconf 88' lang='lat' dir='ltr'>ab</span> <span class='ocrx_word' id='word_1_134' title='bbox 957 2043 1030 2088; x_wconf 93' lang='lat' dir='ltr'>eo</span> <span class='ocrx_word' id='word_1_135' title='bbox 1077 2027 1332 2106; x_wconf 86' lang='lat' dir='ltr'>recepta</span> <span class='ocrx_word' id='word_1_136' title='bbox 1378 2015 1594 2086; x_wconf 80' lang='lat' dir='ltr'>fuisse.</span> <span class='ocrx_word' id='word_1_137' title='bbox 1645 2022 1869 2107; x_wconf 87' lang='lat' dir='ltr'>Itaque</span> <span class='ocrx_word' id='word_1_138' title='bbox 1910 2026 1980 2086; x_wconf 87' lang='lat' dir='ltr'>in</span> <span class='ocrx_word' id='word_1_139' title='bbox 2026 2022 2215 2101; x_wconf 89' lang='lat' dir='ltr'>locis,</span> <span class='ocrx_word' id='word_1_140' title='bbox 2263 2023 2471 2108; x_wconf 89' lang='lat' dir='ltr'>qualis</span> <span class='ocrx_word' id='word_1_141' title='bbox 2515 2024 2621 2088; x_wconf 90' lang='grc'><strong>1110</strong></span> 
     </span>
     <span class='ocr_line' id='line_1_17' title="bbox 247 2126 2622 2213; baseline -0.002 -17"><span class='ocrx_word' id='word_1_142' title='bbox 247 2139 378 2207; x_wconf 85' lang='grc'><strong>881,</strong></span> <span class='ocrx_word' id='word_1_143' title='bbox 440 2151 566 2194; x_wconf 88' lang='grc'><strong>11011</strong></span> <span class='ocrx_word' id='word_1_144' title='bbox 628 2149 878 2194; x_wconf 88' lang='lat' dir='ltr'>necesse</span> <span class='ocrx_word' id='word_1_145' title='bbox 939 2133 1034 2191; x_wconf 85' lang='lat' dir='ltr'>est</span> <span class='ocrx_word' id='word_1_146' title='bbox 1097 2129 1378 2212; x_wconf 77' lang='lat' dir='ltr'>cogitare</span> <span class='ocrx_word' id='word_1_147' title='bbox 1442 2127 1517 2191; x_wconf 93' lang='lat' dir='ltr'>de</span> <span class='ocrx_word' id='word_1_148' title='bbox 1572 2126 1695 2192; x_wconf 89' lang='lat' dir='ltr'>alio</span> <span class='ocrx_word' id='word_1_149' title='bbox 1753 2127 1925 2192; x_wconf 87' lang='lat' dir='ltr'>fonte</span> <span class='ocrx_word' id='word_1_150' title='bbox 1945 2176 1960 2205; x_wconf 94' lang='lat'>,</span> <span class='ocrx_word' id='word_1_151' title='bbox 2008 2127 2176 2193; x_wconf 90' lang='lat' dir='ltr'>unde</span> <span class='ocrx_word' id='word_1_152' title='bbox 2225 2126 2622 2213; x_wconf 89' lang='lat' dir='ltr'>Oompilator</span> 
     </span>
     <span class='ocr_line' id='line_1_18' title="bbox 247 2229 2621 2323; baseline -0.002 -23"><span class='ocrx_word' id='word_1_153' title='bbox 247 2238 607 2323; x_wconf 83' lang='lat' dir='ltr'>genuinum</span> <span class='ocrx_word' id='word_1_154' title='bbox 655 2232 1023 2318; x_wconf 86' lang='lat' dir='ltr'>exemplum</span> <span class='ocrx_word' id='word_1_155' title='bbox 1071 2232 1375 2296; x_wconf 84' lang='lat' dir='ltr'>hauserit.</span> <span class='ocrx_word' id='word_1_156' title='bbox 1425 2229 1578 2296; x_wconf 89' lang='lat' dir='ltr'>Alia</span> <span class='ocrx_word' id='word_1_157' title='bbox 1621 2253 1721 2296; x_wconf 89' lang='lat' dir='ltr'>res</span> <span class='ocrx_word' id='word_1_158' title='bbox 1769 2239 1864 2296; x_wconf 87' lang='lat' dir='ltr'>est</span> <span class='ocrx_word' id='word_1_159' title='bbox 1908 2235 1974 2295; x_wconf 91' lang='lat' dir='ltr'>in</span> <span class='ocrx_word' id='word_1_160' title='bbox 2023 2231 2621 2316; x_wconf 85' lang='lat' dir='ltr'>quibusdam-locis,</span> 
     </span>
    </p>
   </div>
   <div class='ocr_carea' id='block_1_3' title="bbox 249 2336 2625 2514">
    <p class='ocr_par' dir='ltr' id='par_1_4' title="bbox 249 2336 2625 2514">
     <span class='ocr_line' id='line_1_19' title="bbox 249 2336 2625 2422; baseline -0.003 -13"><span class='ocrx_word' id='word_1_161' title='bbox 249 2342 455 2409; x_wconf 84' lang='lat' dir='ltr'>veluti</span> <span class='ocrx_word' id='word_1_162' title='bbox 504 2341 696 2405; x_wconf 88' lang='lat' dir='ltr'>Andr.</span> <span class='ocrx_word' id='word_1_163' title='bbox 744 2338 806 2403; x_wconf 92' lang='grc' dir='ltr'>ΙΙ</span> <span class='ocrx_word' id='word_1_164' title='bbox 855 2339 918 2404; x_wconf 87' lang='lat'>6.</span> <span class='ocrx_word' id='word_1_165' title='bbox 945 2338 1032 2403; x_wconf 88' lang='grc'>26</span> <span class='ocrx_word' id='word_1_166' title='bbox 1055 2338 1172 2419; x_wconf 73' lang='grc'><strong>(4),</strong></span> <span class='ocrx_word' id='word_1_167' title='bbox 1223 2359 1412 2422; x_wconf 86' lang='lat' dir='ltr'>quem</span> <span class='ocrx_word' id='word_1_168' title='bbox 1461 2358 1655 2422; x_wconf 89' lang='lat' dir='ltr'>supra</span> <span class='ocrx_word' id='word_1_169' title='bbox 1701 2340 2007 2415; x_wconf 77' lang='lat' dir='ltr'>tractavi,</span> <span class='ocrx_word' id='word_1_170' title='bbox 2056 2336 2166 2403; x_wconf 92' lang='lat' dir='ltr'>sed</span> <span class='ocrx_word' id='word_1_171' title='bbox 2200 2338 2271 2401; x_wconf 92' lang='lat' dir='ltr'>hi</span> <span class='ocrx_word' id='word_1_172' title='bbox 2309 2340 2437 2401; x_wconf 89' lang='lat' dir='ltr'>rari</span> <span class='ocrx_word' id='word_1_173' title='bbox 2474 2342 2625 2401; x_wconf 88' lang='lat' dir='ltr'>sunt</span> 
     </span>
     <span class='ocr_line' id='line_1_20' title="bbox 250 2444 1068 2514; baseline -0.006 -1"><span class='ocrx_word' id='word_1_174' title='bbox 250 2454 316 2514; x_wconf 88' lang='lat' dir='ltr'>et</span> <span class='ocrx_word' id='word_1_175' title='bbox 364 2467 402 2512; x_wconf 91' lang='lat' dir='ltr'>a</span> <span class='ocrx_word' id='word_1_176' title='bbox 447 2466 553 2510; x_wconf 92' lang='lat' dir='ltr'>me</span> <span class='ocrx_word' id='word_1_177' title='bbox 598 2444 1068 2509; x_wconf 89' lang='lat' dir='ltr'>indicabuntur.</span> 
     </span>
    </p>
   </div>
   <div class='ocr_carea' id='block_1_4' title="bbox 248 2659 2632 3581">
    <p class='ocr_par' dir='ltr' id='par_1_5' title="bbox 339 2659 2420 2744">
     <span class='ocr_line' id='line_1_21' title="bbox 339 2659 2420 2744; baseline -0.003 -16"><span class='ocrx_word' id='word_1_178' title='bbox 339 2664 472 2729; x_wconf 85' lang='lat' dir='ltr'>Ad.</span> <span class='ocrx_word' id='word_1_179' title='bbox 519 2661 614 2727; x_wconf 93' lang='lat'>111</span> <span class='ocrx_word' id='word_1_180' title='bbox 657 2662 720 2727; x_wconf 89' lang='grc'>2.</span> <span class='ocrx_word' id='word_1_181' title='bbox 753 2660 836 2724; x_wconf 92' lang='grc'><strong>10</strong></span> <span class='ocrx_word' id='word_1_182' title='bbox 882 2659 1141 2725; x_wconf 71' lang='grc'><strong>80811.</strong></span> <span class='ocrx_word' id='word_1_183' title='bbox 1191 2659 1332 2725; x_wconf 88' lang='grc' dir='ltr'>Νο11</span> <span class='ocrx_word' id='word_1_184' title='bbox 1379 2659 1681 2744; x_wconf 82' lang='lat' dir='ltr'>intelligo</span> <span class='ocrx_word' id='word_1_185' title='bbox 1728 2661 1883 2724; x_wconf 87' lang='lat' dir='ltr'>satis</span> <span class='ocrx_word' id='word_1_186' title='bbox 1931 2680 2091 2742; x_wconf 88' lang='lat' dir='ltr'>quae</span> <span class='ocrx_word' id='word_1_187' title='bbox 2133 2659 2420 2743; x_wconf 87' lang='lat' dir='ltr'>loquitur</span> 
     </span>
    </p>

    <p class='ocr_par' dir='ltr' id='par_1_6' title="bbox 248 2764 2631 3272">
     <span class='ocr_line' id='line_1_22' title="bbox 341 2764 2627 2849; baseline -0.003 -16"><span class='ocrx_word' id='word_1_188' title='bbox 341 2768 438 2849; x_wconf 87' lang='lat'>(3)</span> <span class='ocrx_word' id='word_1_189' title='bbox 497 2768 599 2833; x_wconf 90' lang='lat' dir='ltr'>Ad</span> <span class='ocrx_word' id='word_1_190' title='bbox 661 2767 780 2830; x_wconf 92' lang='grc'><strong>1100</strong></span> <span class='ocrx_word' id='word_1_191' title='bbox 839 2764 1126 2829; x_wconf 80' lang='lat' dir='ltr'>Sostrata</span> <span class='ocrx_word' id='word_1_192' title='bbox 1182 2767 1484 2848; x_wconf 83' lang='lat' dir='ltr'>ignorans</span> <span class='ocrx_word' id='word_1_193' title='bbox 1528 2765 1877 2840; x_wconf 88' lang='lat' dir='ltr'>inducitur,</span> <span class='ocrx_word' id='word_1_194' title='bbox 1927 2771 2001 2828; x_wconf 92' lang='lat' dir='ltr'>ut</span> <span class='ocrx_word' id='word_1_195' title='bbox 2050 2764 2215 2828; x_wconf 84' lang='lat' dir='ltr'>malo</span> <span class='ocrx_word' id='word_1_196' title='bbox 2262 2766 2486 2828; x_wconf 91' lang='lat' dir='ltr'>nuntio</span> <span class='ocrx_word' id='word_1_197' title='bbox 2532 2784 2627 2828; x_wconf 90' lang='lat' dir='ltr'>re—</span> 
     </span>
     <span class='ocr_line' id='line_1_23' title="bbox 248 2867 2627 2959; baseline -0.003 -21"><span class='ocrx_word' id='word_1_198' title='bbox 248 2879 440 2959; x_wconf 86' lang='lat' dir='ltr'>pente</span> <span class='ocrx_word' id='word_1_199' title='bbox 477 2872 765 2945; x_wconf 85' lang='lat' dir='ltr'>feriatur,</span> <span class='ocrx_word' id='word_1_200' title='bbox 808 2876 870 2933; x_wconf 92' lang='lat' dir='ltr'>et</span> <span class='ocrx_word' id='word_1_201' title='bbox 908 2872 1060 2954; x_wconf 84' lang='lat' dir='ltr'>quia</span> <span class='ocrx_word' id='word_1_202' title='bbox 1097 2871 1380 2953; x_wconf 87' lang='lat' dir='ltr'>oportuit</span> <span class='ocrx_word' id='word_1_203' title='bbox 1414 2872 1694 2953; x_wconf 88' lang='lat' dir='ltr'>priorem</span> <span class='ocrx_word' id='word_1_204' title='bbox 1733 2867 1945 2953; x_wconf 91' lang='lat' dir='ltr'>loqui,</span> <span class='ocrx_word' id='word_1_205' title='bbox 1986 2889 2279 2953; x_wconf 80' lang='lat' dir='ltr'>praesens</span> <span class='ocrx_word' id='word_1_206' title='bbox 2316 2867 2627 2952; x_wconf 91' lang='lat' dir='ltr'>loquitur,</span> 
     </span>
     <span class='ocr_line' id='line_1_24' title="bbox 254 2972 2630 3063; baseline -0.002 -22"><span class='ocrx_word' id='word_1_207' title='bbox 254 2981 407 3063; x_wconf 89' lang='lat' dir='ltr'>quia</span> <span class='ocrx_word' id='word_1_208' title='bbox 465 2982 682 3041; x_wconf 86' lang='lat' dir='ltr'>autem</span> <span class='ocrx_word' id='word_1_209' title='bbox 743 2996 867 3039; x_wconf 93' lang='lat' dir='ltr'>non</span> <span class='ocrx_word' id='word_1_210' title='bbox 932 2980 1028 3037; x_wconf 90' lang='lat' dir='ltr'>est</span> <span class='ocrx_word' id='word_1_211' title='bbox 1084 2974 1401 3057; x_wconf 90' lang='lat' dir='ltr'>perdenda</span> <span class='ocrx_word' id='word_1_212' title='bbox 1461 2980 1595 3037; x_wconf 89' lang='lat' dir='ltr'>tam</span> <span class='ocrx_word' id='word_1_213' title='bbox 1652 2976 1870 3037; x_wconf 86' lang='lat' dir='ltr'>suavis</span> <span class='ocrx_word' id='word_1_214' title='bbox 1915 2976 2182 3049; x_wconf 71' lang='grc' dir='ltr'>ἧθοποιίω</span> <span class='ocrx_word' id='word_1_215' title='bbox 2230 2973 2505 3038; x_wconf 88' lang='lat' dir='ltr'>dolentis</span> <span class='ocrx_word' id='word_1_216' title='bbox 2550 2972 2630 3038; x_wconf 87' lang='lat' dir='ltr'>ad</span> 
     </span>
     <span class='ocr_line' id='line_1_25' title="bbox 251 3075 2631 3156; baseline -0.002 -9"><span class='ocrx_word' id='word_1_217' title='bbox 251 3086 665 3156; x_wconf 82' lang='lat' dir='ltr'>irascentem,</span> <span class='ocrx_word' id='word_1_218' title='bbox 729 3078 967 3143; x_wconf 87' lang='lat' dir='ltr'>idcirco</span> <span class='ocrx_word' id='word_1_219' title='bbox 1024 3099 1148 3144; x_wconf 92' lang='lat' dir='ltr'>non</span> <span class='ocrx_word' id='word_1_220' title='bbox 1195 3077 1377 3142; x_wconf 89' lang='lat' dir='ltr'>audit</span> <span class='ocrx_word' id='word_1_221' title='bbox 1421 3075 1621 3155; x_wconf 80' lang='lat' dir='ltr'>Geta,</span> <span class='ocrx_word' id='word_1_222' title='bbox 1670 3098 2012 3143; x_wconf 83' lang='lat' dir='ltr'>conversus</span> <span class='ocrx_word' id='word_1_223' title='bbox 2058 3099 2137 3142; x_wconf 92' lang='grc'>118</span> <span class='ocrx_word' id='word_1_224' title='bbox 2186 3079 2263 3143; x_wconf 92' lang='lat' dir='ltr'>ob</span> <span class='ocrx_word' id='word_1_225' title='bbox 2306 3076 2490 3143; x_wconf 89' lang='lat' dir='ltr'>illam</span> <span class='ocrx_word' id='word_1_226' title='bbox 2537 3077 2631 3142; x_wconf 96' lang='lat' dir='ltr'>lo-</span> 
     </span>
     <span class='ocr_line' id='line_1_26' title="bbox 256 3185 683 3272; baseline -0.007 -22"><span class='ocrx_word' id='word_1_227' title='bbox 256 3189 370 3272; x_wconf 88' lang='lat' dir='ltr'>qui</span> <span class='ocrx_word' id='word_1_228' title='bbox 415 3185 683 3250; x_wconf 87' lang='lat' dir='ltr'>desinat.</span> 
     </span>
    </p>

    <p class='ocr_par' dir='ltr' id='par_1_7' title="bbox 254 3286 2632 3581">
     <span class='ocr_line' id='line_1_27' title="bbox 345 3286 2632 3373; baseline -0.001 -19"><span class='ocrx_word' id='word_1_229' title='bbox 345 3288 449 3354; x_wconf 85' lang='lat' dir='ltr'>Sic</span> <span class='ocrx_word' id='word_1_230' title='bbox 497 3287 574 3353; x_wconf 93' lang='lat' dir='ltr'>D.</span> <span class='ocrx_word' id='word_1_231' title='bbox 625 3286 951 3373; x_wconf 80' lang='lat' dir='ltr'>eleg-anter</span> <span class='ocrx_word' id='word_1_232' title='bbox 995 3292 1061 3351; x_wconf 88' lang='lat' dir='ltr'>et</span> <span class='ocrx_word' id='word_1_233' title='bbox 1104 3286 1307 3371; x_wconf 88' lang='lat' dir='ltr'>plene.</span> <span class='ocrx_word' id='word_1_234' title='bbox 1357 3287 1756 3351; x_wconf 86' lang='lat' dir='ltr'>Otiosissima</span> <span class='ocrx_word' id='word_1_235' title='bbox 1800 3295 1898 3351; x_wconf 91' lang='lat' dir='ltr'>est</span> <span class='ocrx_word' id='word_1_236' title='bbox 1943 3287 2176 3371; x_wconf 88' lang='lat' dir='ltr'>duplex</span> <span class='ocrx_word' id='word_1_237' title='bbox 2215 3291 2513 3372; x_wconf 89' lang='lat' dir='ltr'>repetitio</span> <span class='ocrx_word' id='word_1_238' title='bbox 2552 3289 2632 3353; x_wconf 91' lang='lat' dir='ltr'>ad</span> 
     </span>
     <span class='ocr_line' id='line_1_28' title="bbox 255 3390 2631 3481; baseline 0 -23"><span class='ocrx_word' id='word_1_239' title='bbox 255 3393 378 3458; x_wconf 89' lang='lat'>11:</span> <span class='ocrx_word' id='word_1_240' title='bbox 444 3392 671 3458; x_wconf 90' lang='lat' dir='ltr'>Adhuc</span> <span class='ocrx_word' id='word_1_241' title='bbox 733 3412 860 3455; x_wconf 92' lang='lat' dir='ltr'>non</span> <span class='ocrx_word' id='word_1_242' title='bbox 907 3392 1204 3457; x_wconf 87' lang='lat' dir='ltr'>audiente</span> <span class='ocrx_word' id='word_1_243' title='bbox 1251 3390 1415 3458; x_wconf 84' lang='lat' dir='ltr'>Geta</span> <span class='ocrx_word' id='word_1_244' title='bbox 1459 3390 1782 3477; x_wconf 81' lang='lat' dir='ltr'>loquitur:</span> <span class='ocrx_word' id='word_1_245' title='bbox 1829 3392 2063 3456; x_wconf 86' lang='lat' dir='ltr'>idcirco</span> <span class='ocrx_word' id='word_1_246' title='bbox 2106 3412 2219 3456; x_wconf 92' lang='lat' dir='ltr'>nec</span> <span class='ocrx_word' id='word_1_247' title='bbox 2263 3393 2445 3457; x_wconf 89' lang='lat' dir='ltr'>audit</span> <span class='ocrx_word' id='word_1_248' title='bbox 2490 3414 2631 3481; x_wconf 83' lang='lat' dir='ltr'>eam</span> 
     </span>
     <span class='ocr_line' id='line_1_29' title="bbox 254 3495 2631 3581; baseline -0.001 -16"><span class='ocrx_word' id='word_1_249' title='bbox 254 3518 480 3565; x_wconf 81' lang='lat' dir='ltr'>servus</span> <span class='ocrx_word' id='word_1_250' title='bbox 542 3518 656 3562; x_wconf 90' lang='lat' dir='ltr'>nec</span> <span class='ocrx_word' id='word_1_251' title='bbox 701 3496 958 3561; x_wconf 86' lang='lat' dir='ltr'>videtur</span> <span class='ocrx_word' id='word_1_252' title='bbox 1004 3497 1081 3561; x_wconf 86' lang='lat' dir='ltr'>ab</span> <span class='ocrx_word' id='word_1_253' title='bbox 1130 3517 1201 3560; x_wconf 95' lang='lat' dir='ltr'>eo</span> <span class='ocrx_word' id='word_1_254' title='bbox 1248 3495 1553 3561; x_wconf 81' lang='lat' dir='ltr'>Sostrata.</span> <span class='ocrx_word' id='word_1_255' title='bbox 1739 3496 1915 3561; x_wconf 87' lang='lat' dir='ltr'>Haec</span> <span class='ocrx_word' id='word_1_256' title='bbox 1973 3517 2143 3561; x_wconf 85' lang='lat' dir='ltr'>nova</span> <span class='ocrx_word' id='word_1_257' title='bbox 2202 3500 2441 3581; x_wconf 86' lang='lat' dir='ltr'>species</span> <span class='ocrx_word' id='word_1_258' title='bbox 2502 3498 2631 3574; x_wconf 77' lang='lat' dir='ltr'>est,</span> 
     </span>
    </p>
   </div>
   <div class='ocr_carea' id='block_1_5' title="bbox 253 3601 2635 3789">
    <p class='ocr_par' dir='ltr' id='par_1_8' title="bbox 253 3601 2635 3789">
     <span class='ocr_line' id='line_1_30' title="bbox 253 3601 2635 3688; baseline -0 -20"><span class='ocrx_word' id='word_1_259' title='bbox 253 3623 487 3687; x_wconf 89' lang='lat' dir='ltr'>nempe</span> <span class='ocrx_word' id='word_1_260' title='bbox 533 3607 610 3666; x_wconf 90' lang='lat' dir='ltr'>ut</span> <span class='ocrx_word' id='word_1_261' title='bbox 655 3601 879 3665; x_wconf 82' lang='lat' dir='ltr'>Editor</span> <span class='ocrx_word' id='word_1_262' title='bbox 941 3601 1019 3664; x_wconf 88' lang='lat' dir='ltr'>ad</span> <span class='ocrx_word' id='word_1_263' title='bbox 1082 3606 1454 3685; x_wconf 85' lang='lat' dir='ltr'>sequentem</span> <span class='ocrx_word' id='word_1_264' title='bbox 1516 3622 1577 3666; x_wconf 82' lang='lat' dir='ltr'>v.</span> <span class='ocrx_word' id='word_1_265' title='bbox 1641 3602 1899 3666; x_wconf 78' lang='lat' dir='ltr'>brevius</span> <span class='ocrx_word' id='word_1_266' title='bbox 1960 3606 2240 3686; x_wconf 87' lang='lat' dir='ltr'>repetat,</span> <span class='ocrx_word' id='word_1_267' title='bbox 2288 3603 2454 3687; x_wconf 91' lang='lat' dir='ltr'>quod</span> <span class='ocrx_word' id='word_1_268' title='bbox 2495 3605 2635 3688; x_wconf 89' lang='lat' dir='ltr'>ipse</span> 
     </span>
     <span class='ocr_line' id='line_1_31' title="bbox 256 3704 1565 3789; baseline -0.003 -16"><span class='ocrx_word' id='word_1_269' title='bbox 256 3730 294 3774; x_wconf 92' lang='lat' dir='ltr'>e</span> <span class='ocrx_word' id='word_1_270' title='bbox 341 3706 588 3771; x_wconf 88' lang='lat' dir='ltr'>Donato</span> <span class='ocrx_word' id='word_1_271' title='bbox 634 3704 888 3769; x_wconf 88' lang='lat' dir='ltr'>rettulit</span> <span class='ocrx_word' id='word_1_272' title='bbox 939 3705 1017 3769; x_wconf 92' lang='lat' dir='ltr'>ad</span> <span class='ocrx_word' id='word_1_273' title='bbox 1065 3706 1565 3789; x_wconf 82' lang='lat' dir='ltr'>praecedentem.</span> 
     </span>
    </p>
   </div>
   <div class='ocr_carea' id='block_1_6' title="bbox 257 3808 2640 4520">
    <p class='ocr_par' dir='ltr' id='par_1_9' title="bbox 348 3808 1928 3876">
     <span class='ocr_line' id='line_1_32' title="bbox 348 3808 1928 3876; baseline -0.002 0"><span class='ocrx_word' id='word_1_274' title='bbox 348 3810 446 3876; x_wconf 88' lang='lat'>111</span> <span class='ocrx_word' id='word_1_275' title='bbox 493 3810 554 3875; x_wconf 89' lang='grc'>4.</span> <span class='ocrx_word' id='word_1_276' title='bbox 583 3808 668 3874; x_wconf 90' lang='grc'>26</span> <span class='ocrx_word' id='word_1_277' title='bbox 716 3808 981 3873; x_wconf 87' lang='lat' dir='ltr'>Utinam</span> <span class='ocrx_word' id='word_1_278' title='bbox 1032 3809 1138 3873; x_wconf 90' lang='grc'><strong>1110</strong></span> <span class='ocrx_word' id='word_1_279' title='bbox 1185 3811 1272 3873; x_wconf 86' lang='grc'>811</span> <span class='ocrx_word' id='word_1_280' title='bbox 1316 3808 1504 3874; x_wconf 86' lang='grc' dir='ltr'><strong>1110ᾶο</strong></span> <span class='ocrx_word' id='word_1_281' title='bbox 1552 3809 1928 3873; x_wconf 87' lang='lat' dir='ltr'>defunctum</span> 
     </span>
    </p>

    <p class='ocr_par' dir='ltr' id='par_1_10' title="bbox 257 3908 2640 4520">
     <span class='ocr_line' id='line_1_33' title="bbox 351 3908 2635 3998; baseline 0 -20"><span class='ocrx_word' id='word_1_282' title='bbox 351 3914 449 3994; x_wconf 87' lang='lat'>(5)</span> <span class='ocrx_word' id='word_1_283' title='bbox 514 3912 991 3989; x_wconf 86' lang='lat' dir='ltr'>„Defunctum”</span> <span class='ocrx_word' id='word_1_284' title='bbox 1055 3912 1309 3977; x_wconf 86' lang='lat' dir='ltr'>finitum</span> <span class='ocrx_word' id='word_1_285' title='bbox 1333 3960 1349 3991; x_wconf 95' lang='lat'>,</span> <span class='ocrx_word' id='word_1_286' title='bbox 1379 3914 1475 3989; x_wconf 82' lang='lat' dir='ltr'>,id</span> <span class='ocrx_word' id='word_1_287' title='bbox 1523 3921 1656 3979; x_wconf 88' lang='lat' dir='ltr'>est:</span> <span class='ocrx_word' id='word_1_288' title='bbox 1702 3919 1777 3980; x_wconf 91' lang='lat' dir='ltr'>ut</span> <span class='ocrx_word' id='word_1_289' title='bbox 1822 3935 1947 3978; x_wconf 91' lang='lat' dir='ltr'>non</span> <span class='ocrx_word' id='word_1_290' title='bbox 1990 3916 2205 3998; x_wconf 86' lang='lat' dir='ltr'>peiora</span> <span class='ocrx_word' id='word_1_291' title='bbox 2250 3908 2635 3979; x_wconf 88' lang='lat' dir='ltr'>committat.</span> 
     </span>
     <span class='ocr_line' id='line_1_34' title="bbox 258 4016 2636 4103; baseline -0.001 -19"><span class='ocrx_word' id='word_1_292' title='bbox 258 4018 358 4099; x_wconf 88' lang='lat'>(6)</span> <span class='ocrx_word' id='word_1_293' title='bbox 401 4016 884 4096; x_wconf 84' lang='lat' dir='ltr'>„Defunctum”</span> <span class='ocrx_word' id='word_1_294' title='bbox 924 4017 1221 4095; x_wconf 89' lang='lat' dir='ltr'>finitum,</span> <span class='ocrx_word' id='word_1_295' title='bbox 1261 4018 1379 4082; x_wconf 89' lang='lat' dir='ltr'>hoc</span> <span class='ocrx_word' id='word_1_296' title='bbox 1419 4023 1552 4081; x_wconf 86' lang='lat' dir='ltr'>est:</span> <span class='ocrx_word' id='word_1_297' title='bbox 1595 4038 1673 4081; x_wconf 91' lang='lat' dir='ltr'>ne</span> <span class='ocrx_word' id='word_1_298' title='bbox 1711 4017 1985 4082; x_wconf 89' lang='lat' dir='ltr'>ulterius</span> <span class='ocrx_word' id='word_1_299' title='bbox 2022 4023 2239 4103; x_wconf 89' lang='lat' dir='ltr'>peccet</span> <span class='ocrx_word' id='word_1_300' title='bbox 2265 4019 2636 4082; x_wconf 86' lang='lat' dir='ltr'>Aeschinus.</span> 
     </span>
     <span class='ocr_line' id='line_1_35' title="bbox 257 4119 2637 4207; baseline -0 -18"><span class='ocrx_word' id='word_1_301' title='bbox 257 4121 632 4189; x_wconf 81' lang='lat' dir='ltr'>Secundum</span> <span class='ocrx_word' id='word_1_302' title='bbox 694 4120 1019 4186; x_wconf 86' lang='lat' dir='ltr'>Donatum</span> <span class='ocrx_word' id='word_1_303' title='bbox 1089 4124 1156 4185; x_wconf 89' lang='lat' dir='ltr'>in</span> <span class='ocrx_word' id='word_1_304' title='bbox 1220 4119 1315 4201; x_wconf 87' lang='lat'>(3)</span> <span class='ocrx_word' id='word_1_305' title='bbox 1381 4120 1733 4198; x_wconf 88' lang='lat' dir='ltr'>„Utinam”</span> <span class='ocrx_word' id='word_1_306' title='bbox 1796 4121 2165 4207; x_wconf 86' lang='lat' dir='ltr'>desperandi</span> <span class='ocrx_word' id='word_1_307' title='bbox 2228 4126 2365 4188; x_wconf 83' lang='lat' dir='ltr'>vim</span> <span class='ocrx_word' id='word_1_308' title='bbox 2427 4123 2637 4188; x_wconf 88' lang='lat' dir='ltr'>habet.</span> 
     </span>
     <span class='ocr_line' id='line_1_36' title="bbox 260 4224 2635 4312; baseline -0.001 -19"><span class='ocrx_word' id='word_1_309' title='bbox 260 4228 468 4293; x_wconf 88' lang='lat' dir='ltr'>Verba</span> <span class='ocrx_word' id='word_1_310' title='bbox 512 4229 722 4312; x_wconf 81' lang='lat' dir='ltr'>igitur</span> <span class='ocrx_word' id='word_1_311' title='bbox 767 4228 858 4290; x_wconf 89' lang='lat' dir='ltr'>sic</span> <span class='ocrx_word' id='word_1_312' title='bbox 901 4228 1174 4309; x_wconf 89' lang='lat' dir='ltr'>accepit:</span> <span class='ocrx_word' id='word_1_313' title='bbox 1226 4224 1457 4289; x_wconf 90' lang='lat' dir='ltr'>Vereor</span> <span class='ocrx_word' id='word_1_314' title='bbox 1503 4231 1578 4290; x_wconf 91' lang='lat' dir='ltr'>ut</span> <span class='ocrx_word' id='word_1_315' title='bbox 1623 4226 1728 4290; x_wconf 90' lang='lat' dir='ltr'>hic</span> <span class='ocrx_word' id='word_1_316' title='bbox 1767 4225 2141 4291; x_wconf 88' lang='lat' dir='ltr'>defunctum</span> <span class='ocrx_word' id='word_1_317' title='bbox 2179 4227 2493 4307; x_wconf 89' lang='lat' dir='ltr'>(finitum)</span> <span class='ocrx_word' id='word_1_318' title='bbox 2531 4229 2635 4292; x_wconf 87' lang='lat' dir='ltr'>sit.</span> 
     </span>
     <span class='ocr_line' id='line_1_37' title="bbox 261 4330 2640 4415; baseline -0.001 -17"><span class='ocrx_word' id='word_1_319' title='bbox 261 4332 363 4399; x_wconf 82' lang='lat' dir='ltr'>Ab</span> <span class='ocrx_word' id='word_1_320' title='bbox 409 4332 532 4397; x_wconf 89' lang='lat' dir='ltr'>hoc</span> <span class='ocrx_word' id='word_1_321' title='bbox 577 4352 619 4397; x_wconf 78' lang='lat' dir='ltr'><strong>v</strong></span> <span class='ocrx_word' id='word_1_322' title='bbox 638 4336 771 4395; x_wconf 93' lang='lat' dir='ltr'>oto</span> <span class='ocrx_word' id='word_1_323' title='bbox 815 4332 1130 4395; x_wconf 86' lang='lat' dir='ltr'>sententia</span> <span class='ocrx_word' id='word_1_324' title='bbox 1173 4330 1564 4414; x_wconf 85' lang='lat' dir='ltr'>prohibitiva</span> <span class='ocrx_word' id='word_1_325' title='bbox 1607 4350 1721 4413; x_wconf 92' lang='lat' dir='ltr'>per</span> <span class='ocrx_word' id='word_1_326' title='bbox 1768 4336 1888 4407; x_wconf 84' lang='lat' dir='ltr'>„ut</span> <span class='ocrx_word' id='word_1_327' title='bbox 1931 4330 2099 4396; x_wconf 90' lang='lat' dir='ltr'>non&#39;’</span> <span class='ocrx_word' id='word_1_328' title='bbox 2140 4330 2247 4395; x_wconf 82' lang='lat' dir='ltr'>vel</span> <span class='ocrx_word' id='word_1_329' title='bbox 2288 4332 2452 4406; x_wconf 88' lang='lat' dir='ltr'>„ne”</span> <span class='ocrx_word' id='word_1_330' title='bbox 2492 4352 2640 4415; x_wconf 89' lang='lat' dir='ltr'>pen-</span> 
     </span>
     <span class='ocr_line' id='line_1_38' title="bbox 261 4433 2634 4520; baseline -0.001 -19"><span class='ocrx_word' id='word_1_331' title='bbox 261 4436 410 4501; x_wconf 88' lang='lat' dir='ltr'>dere</span> <span class='ocrx_word' id='word_1_332' title='bbox 474 4457 601 4500; x_wconf 91' lang='lat' dir='ltr'>non</span> <span class='ocrx_word' id='word_1_333' title='bbox 665 4440 894 4520; x_wconf 86' lang='lat' dir='ltr'>potest.</span> <span class='ocrx_word' id='word_1_334' title='bbox 960 4433 1185 4517; x_wconf 90' lang='lat' dir='ltr'>Itaque</span> <span class='ocrx_word' id='word_1_335' title='bbox 1231 4434 1308 4498; x_wconf 92' lang='lat' dir='ltr'>D.</span> <span class='ocrx_word' id='word_1_336' title='bbox 1357 4435 1653 4499; x_wconf 83' lang='lat' dir='ltr'>exhibuit</span> <span class='ocrx_word' id='word_1_337' title='bbox 1696 4442 1986 4499; x_wconf 87' lang='lat' dir='ltr'>tantum:</span> <span class='ocrx_word' id='word_1_338' title='bbox 2040 4434 2381 4511; x_wconf 83' lang='lat' dir='ltr'>„finitum”</span> <span class='ocrx_word' id='word_1_339' title='bbox 2400 4456 2417 4511; x_wconf 78' lang='lat'>3</span> <span class='ocrx_word' id='word_1_340' title='bbox 2468 4436 2634 4499; x_wconf 90' lang='lat' dir='ltr'>unde</span> 
     </span>
    </p>
   </div>
  </div>
 </body>
</html>
