3246 5085
604 310 737 376 340
1665 329 1919 378 snmus.

694 493 863 575 Quid
923 497 1139 560 autem
1201 497 1258 559 si
1312 493 1582 560 Titanus
1629 497 1686 561 is
1733 495 1990 576 dicitur,
2041 498 2152 582 qui
2200 497 2568 582 saepissime
2613 516 2686 561 eo
2733 497 3022 560 nomine

601 605 1009 687 nuncupatur
1056 601 1225 686 apud
1272 600 1600 680 Ovidium,
1645 600 2043 690 Vergilium,
2085 602 2246 668 elios
2285 608 2538 689 poetas,
2579 601 2673 669 sol
2715 601 3022 679 scilicet,

600 710 709 793 qui
771 709 1153 794 gravissime
1216 708 1427 774 media
1487 714 1730 775 aestate
1781 711 2069 775 homines
2117 710 2402 776 obsidere
2451 706 2656 776 solet?
2705 707 2799 774 De
2845 708 3022 774 sede

518 889 525 896 ‚
600 817 810 901 igitur
854 815 1203 901 fragmenti
1251 814 1523 880 dubium
1572 816 1782 882 adhuc
1830 823 2046 883 restet.

694 924 904 1008 Atque
966 924 1225 988 omnino
1276 924 1343 986 in
1393 923 1511 988 hac
1556 923 1835 988 editione
1881 921 2125 988 Vahlen
2176 923 2338 989 hanc
2383 925 2698 988 rationem
2747 924 3020 1000 tenuit,

602 1032 657 1094 si
720 1027 1087 1114 paullulum
1148 1028 1335 1095 modo
1390 1031 1527 1094 veri
1598 1030 2048 1096 similitudinis
2111 1038 2313 1108 esset,
2377 1031 2816 1116 fragmentum
2881 1029 3020 1094 ali-

602 1134 772 1220 quod
816 1135 969 1198 huic
1010 1133 1113 1200 vel
1150 1133 1255 1199 illi
1293 1134 1430 1201 loco
1469 1137 1954 1202 attribuendum
1995 1159 2164 1215 esse,
2213 1143 2288 1202 ut
2333 1137 2399 1202 id
2443 1139 2646 1203 facere
2691 1135 3020 1202 maluerit

601 1261 797 1327 quam
860 1262 977 1306 sua
1038 1240 1115 1306 de
1175 1262 1251 1307 eo
1306 1245 1668 1329 suspicione
1715 1243 2014 1311 adnotata
2061 1245 2498 1332 fragmentum
2544 1247 2713 1310 inter
2757 1245 3020 1310 incerta

598 1367 851 1432 ponere.
900 1344 1081 1414 Oonf.
1132 1369 1184 1412 e.
1210 1369 1278 1434 g.
1327 1368 1421 1415 vs.
1474 1348 1631 1430 264,
1684 1349 1837 1429 310,
1889 1350 2042 1417 311.

690 1453 863 1518 Mihi
934 1474 1083 1520 vero
1151 1455 1219 1518 in
1284 1453 1399 1520 teli
1460 1454 1738 1522 editione
1800 1460 2138 1545 praecipue
2198 1456 2362 1523 utile
2420 1457 2679 1524 videtur
2737 1462 3013 1523 acurate

598 1567 767 1625 certe
814 1566 1005 1646 atque
1052 1563 1297 1626 incerta
1340 1583 1683 1642 secernere,
1732 1564 1903 1650 quod
1949 1565 2146 1630 etiam
2193 1563 2263 1630 F.
2313 1565 2567 1630 Marxio
2605 1566 2674 1629 in
2711 1562 3008 1630 editione

598 1666 931 1733 Luciliano
980 1665 1294 1754 placuisse
1341 1668 1529 1735 video
1564 1668 1632 1752 ¹).

1601 1919 1991 1930 ——u———u—

693 2060 800 2129 Vs.
852 2062 936 2132 67

776 2171 1100 2256 Postquam
1143 2172 1338 2235 consi-³
1387 2220 1402 2237 .
1434 2219 1448 2237 .
1476 2221 1491 2238 .
1540 2195 1604 2237 se
1633 2173 1871 2256 fluvius
1891 2222 1906 2251 ‚
1955 2173 2061 2258 qui
2109 2179 2197 2237 est
2245 2171 2509 2236 omnibus
2544 2171 2853 2254 princeps.

689 2276 881 2341 Hunc
921 2298 1181 2342 versum
1219 2277 1454 2343 Fronto
1495 2281 1799 2345 servavit.
1841 2279 1916 2344 In
1957 2281 2140 2344 cuius
2179 2279 2392 2344 codice
2437 2275 2679 2343 Vahlen
2719 2283 3008 2342 testatur
3097 2348 3112 2356 ‚

597 2381 712 2447 has
737 2382 964 2468 dispici
985 2382 1266 2448 litteras:
1293 2400 1629 2460 Posrousu
1652 2384 2304 2470 oonsmjlmsnmuum.
2333 2403 2431 2460 Qu.
2461 2384 3002 2473 oimlsl.nmcssps.

598 2487 1025 2555 Posteriorem
1076 2509 1295 2556 versus
1343 2496 1591 2576 partem
1641 2491 1865 2557 attulit
1913 2494 2111 2557 etiam
2161 2489 2383 2573 Cicero
2422 2489 2528 2556 Or.
2570 2489 2677 2569 48,
2725 2488 2873 2569 161,
2915 2496 3005 2555 ut

597 2602 852 2661 tantum
914 2617 1023 2675 ea,
1089 2618 1250 2683 quae
1305 2620 1652 2684 pronomen
1699 2598 1804 2685 qui
1851 2598 2256 2676 antecedunt,
2304 2598 2498 2664 dubie
2545 2619 2679 2663 esse
2721 2598 3003 2682 possint.

596 2702 837 2768 Becker
875 2702 1031 2768 olim
1071 2705 1346 2769 consistit
1376 2708 1677 2785 coniecit,
1720 2712 1794 2771 ut
1819 2726 2171 2791 pronomen
2195 2728 2259 2768 se
2281 2704 2779 2791 expungendum
2805 2708 3004 2768 esset.

596 2809 775 2889 Quod
838 2817 1052 2876 tamen
1100 2812 1268 2877 unde
1315 2814 1382 2877 in
1434 2817 1686 2877 textum
1735 2813 2016 2889 venerit,
2067 2833 2192 2877 non
2240 2814 2334 2876 ita
2380 2811 2564 2876 facile
2611 2809 3003 2896 explicatur.

595 2917 800 2997 Quare
865 2919 1187 3004 profectus
1250 2918 1467 2999 illinc,
1520 2919 1692 3004 quod
1738 2922 1804 2983 in
1855 2917 2072 2983 Plauti
2118 2918 2327 2984 codice
2376 2918 2798 2983 Ambrosiano
2845 2924 3004 2981 ante

590 3023 877 3089 litteram
942 3024 994 3089 Ο
1059 3027 1313 3111 saepius
1377 3025 1429 3105 Q
1492 3047 1605 3112 pro
1668 3023 1721 3093 O
1782 3025 2124 3090 exhibetur
2173 3032 2256 3105 (e.
2291 3046 2359 3111 g.
2409 3025 2660 3090 Pseud.'
2693 3022 2875 3102 822),
2923 3025 3004 3088 in

592 3132 1021 3215 suspicionem
1090 3134 1237 3197 veni
1256 3180 1271 3209 ‚
1344 3116 1663 3219 syllabam
1733 3153 1840 3195 con
1897 3128 2065 3195 nihil
2129 3151 2264 3196 esse
2325 3131 2452 3195 nisi
2515 3153 2689 3216 quam
2731 3132 3002 3216 §iterum

592 3238 907 3323 scriptum
927 3258 944 3316 3
992 3238 1210 3323 itaque
1257 3236 1609 3325 legendum
1657 3258 1794 3303 esse

778 3342 1098 3428 Postquam
1142 3344 1310 3408 sistit
1356 3366 1419 3408 se
1448 3344 1688 3428 fluvius
1732 3344 1838 3429 qui
1884 3350 1972 3407 est
2017 3342 2280 3407 omnibus
2316 3342 2610 3426 princeps

680 3448 901 3514 Sincere
939 3470 1423 3536 nonnumquam
1462 3450 1638 3515 idem
1677 3450 1807 3515 fere
1847 3449 2168 3536 significat
2209 3449 2379 3535 quod
2417 3450 2730 3527 sustinere,
2773 3454 2996 3513 motum

590 3555 853 3619 alicuius
896 3556 986 3621 rei
1032 3556 1319 3636 inhibere,
1372 3557 1540 3642 apud
1591 3578 1698 3623 eos
1748 3557 2124 3642 praesertim
2163 3558 2533 3641 scriptores,
2576 3557 2689 3641 qui
2735 3556 2993 3640 antiqui

588 3684 745 3728 usus
782 3665 849 3727 iu
892 3663 1222 3730 scribendo
1262 3662 1479 3748 aliqua
1520 3664 1802 3748 vestigia
1839 3666 2118 3728 retinent
2131 3684 2149 3743 ,·
2193 3684 2247 3728 e.
2275 3684 2342 3749 g.
2383 3662 2528 3727 Tac.
2569 3660 2745 3727 Hist.
2783 3660 2869 3741 II,
2899 3660 2991 3727 23

588 3768 875 3851 leqionem
934 3770 1228 3833 Bedriaci
1283 3817 1297 3834 .
1327 3818 1341 3835 .
1373 3816 1388 3835 .
1438 3770 1604 3834 sistit
1620 3790 1638 3849 ;
1703 3768 1893 3855 Verg.
1959 3769 2115 3834 Aen.
2181 3768 2286 3846 IV,
2337 3766 2469 3833 489
2516 3768 2728 3832 sistere
2772 3790 2992 3853 aquam

542 3876 555 3887 ‘
572 3875 829 3957 fluvii-93
884 3873 1005 3942 Ov.
1057 3877 1218 3941 Met.
1270 3875 1443 3955 XIV,
1492 3875 1626 3941 803
1662 3898 1818 3958 pace
1869 3882 2061 3939 tamen
2105 3874 2245 3939 cisti
2293 3875 2528 3941 bellum.

657 4195 709 4259 1)
758 4196 920 4245 Prnef.
965 4212 1014 4259 p.
1060 4210 1124 4246 v1.
1174 4196 1423 4262 Imprimis
1458 4196 1720 4247 cavendum
1755 4212 1854 4245 esse
1889 4194 2019 4255 duxi,
2057 4212 2114 4245 ne
2147 4198 2278 4245 certo
2313 4194 2440 4244 libro
2473 4194 2593 4244 telis.
2627 4195 2679 4256 (i.
2697 4210 2740 4246 e.
2774 4193 2992 4244 incertae

584 4278 707 4325 sedin
743 4278 1032 4341 fragmenta)
1065 4278 1361 4337 tribuantur,
1397 4294 1491 4345 quo
1525 4278 1752 4345 perfacile
1788 4278 2016 4327 deducere
2050 4278 2174 4327 solet
2207 4278 2412 4327 editores
2447 4276 2830 4341 fragmentorum
2865 4292 2992 4327 nova

586 4358 783 4407 docendi
820 4360 1072 4424 cupiditas.
