3246 5085
571 342 698 407 162
1589 362 1967 413 rumorum.

651 526 814 593 Ibid.
875 526 1108 593 lllE:
1181 524 1381 607 ὥσπερ
1441 528 1492 592 οἳ
1558 528 1618 592 ἔν
1684 529 1945 612 Σικελίᾳ
2007 530 2058 594 οἱ
2120 528 2231 610 πρὸ
2294 532 2400 593 τοῦ
2460 526 2683 610 ῥύακος
2747 533 2943 603 πηλοῦ

559 632 874 714 ῥέοντες
941 634 1208 707 ποταμοὶ
1277 634 1379 699 καὶ
1442 634 1629 707 αὑτὸς
1694 635 1721 699 ὃ
1782 633 1957 717 ρ’ὑαξ.
2023 635 2193 701 Novi
2255 640 2374 717 ῥεῖν
2423 632 2638 717 ὕδατι,
2691 634 2943 715 αἵματι,

558 740 847 817 γάλακτι
909 746 975 805 et
1039 741 1264 820 ἐπαίνῳ
1323 740 1494 827 apud
1559 741 2055 827 Aristophanem
2116 743 2173 806 si
2221 762 2373 807 vera
2418 746 2516 807 est
2558 740 2787 820 lectio,
2834 740 2947 807 sed

556 850 676 927 ῥεῖν
738 850 937 920 πηλοῦ
993 846 1365 912 inauditum
1427 852 1541 914 est.
1607 848 1930 913 Emendat
1996 852 2195 923 πηλοῦ
2241 847 2601 929 ζέοντες,
2650 868 2799 913 nam
2849 869 2956 933 op-

556 959 828 1037 portune
876 955 1144 1019 memini
1192 953 1350 1019 haec
1394 954 1590 1019 verba
1636 953 1809 1019 haud
1858 975 1999 1020 raro
2046 954 2383 1032 confundi,
2432 954 2511 1019 cf.
2560 953 2820 1019 Porson.
2870 952 2952 1018 ad

556 1057 709 1123 Eur.
761 1056 1008 1124 Hecub.
1061 1058 1258 1125 1038.
1307 1058 1432 1125 Sed
1478 1061 1806 1145 imprimis
1851 1061 1978 1126 huc
2023 1061 2180 1126 facit
2219 1060 2387 1146 quod
2438 1080 2561 1125 non
2610 1058 2824 1126 multo
2860 1061 2955 1123 in-

554 1163 648 1228 fra
717 1162 921 1228 113A
981 1164 1295 1230 habemus
1358 1165 1580 1241 λίμνην
1646 1166 1900 1246 ζέουσαν
1966 1162 2185 1238 ὕδατος
2251 1168 2355 1229 καὶ
2423 1170 2642 1240 πηλοῦ.
2714 1162 2952 1231 Contra

552 1270 722 1355 apud
784 1270 1137 1337 Aristidem
1202 1270 1233 1336 I
1301 1270 1451 1349 142,
1513 1293 1707 1358 quem
1753 1271 1969 1339 locum
2018 1272 2298 1339 Henrico
2342 1270 2666 1358 Stephano
2714 1271 2947 1337 debeo:

551 1378 662 1451 τὴν
722 1378 1052 1441 θάλασσαν
1126 1362 1350 1452 αἵματι
1419 1378 1522 1441 καὶ
1588 1380 1752 1459 ῥοθίῳ
1818 1377 2197 1460 ζέουσαν,
2262 1380 2547 1464 suspicor
2608 1379 2947 1457 ῥέουσαν

549 1504 776 1549 verum
839 1504 991 1551 esse.
1057 1481 1364 1550 Ceterum
1427 1481 1614 1549 Plato
1675 1484 1782 1550 hic
1841 1484 2131 1571 loquitur
2192 1487 2379 1551 testis
2442 1483 2773 1564 oculatus,
2820 1506 2945 1549 non

548 1589 840 1656 Socrates
887 1593 1000 1676 qui
1046 1612 1120 1657 ea
1165 1590 1302 1657 loca
1349 1609 1709 1677 numquam
1759 1591 2020 1657 adierat.

637 1808 800 1876 Ibid.
869 1810 1000 1875 112
1018 1810 1095 1876 D:
1169 1810 1406 1877 Subter
1475 1818 1712 1877 terram
1783 1810 2049 1878 flumina
2110 1814 2634 1899 reciprocant.et
2694 1814 2779 1883 ek
2842 1814 2945 1877 τὸν

553 1916 875 1995 Τάρταρον
938 1917 1292 1998 ἐμβάλλει,
1356 1920 1440 1983 τὰ
1505 1919 1619 1994 μὲν
1683 1918 1842 1983 πολὺ
1908 1917 2228 1996 κατωτέρω
2302 1918 2335 1993 ἢ
2410 1918 2944 1997 ἔπηντλεῖτο,

552 2024 637 2089 τὰ
700 2023 763 2088 δὲ
825 2023 1054 2102 ὀλίγον.
1121 2024 1489 2091 Dummodo
1550 2023 1771 2091 locum
1834 2026 1992 2091 bene
2052 2024 2457 2113 intelligam,
2506 2046 2735 2091 verum
2785 2028 2944 2090 erit:

556 2129 1049 2204 ἐπήντλητω

642 2332 803 2399 Ibid.
859 2334 1092 2400 ll4B:
1158 2326 1210 2399 οἳ
1257 2334 1317 2399 δὲ
1367 2334 1438 2410 δὴ
1485 2333 1562 2399 ἂν
1612 2334 1823 2413 δόξωσι
1874 2334 2283 2415 διαφερόντως
2334 2334 2522 2415 πρὸς
2568 2336 2657 2401 τὸ
2704 2334 2938 2403 deinc

549 2439 858 2517 βιῶναι.
922 2440 1016 2507 De
1080 2442 1202 2507 hoc
1249 2440 1388 2507 loco
1437 2440 1633 2506 multi
1680 2448 1988 2528 egerunt,
2037 2463 2153 2507 nec
2200 2449 2409 2507 tamen
2463 2444 2839 2527 quisquam,
2888 2443 2945 2505 si

548 2548 705 2634 quid
753 2549 965 2626 video,
1033 2549 1244 2614 multa
1290 2547 1610 2615 moliendo
1660 2549 2009 2635 quidquam
2062 2552 2403 2634 promovit.
2451 2547 2947 2614 Verisimillima

547 2656 812 2720 fortasse
875 2657 1038 2721 ratio
1101 2655 1430 2721 videretur
1475 2655 1919 2734 Stallbaumii,
1972 2659 2083 2742 qui
2129 2655 2381 2720 duobus
2426 2653 2753 2720 codicibus
2798 2675 2946 2720 auc-

547 2761 793 2826 toribus
841 2764 1090 2829 omittit
1139 2764 1282 2841 πρὸς
1331 2761 1404 2827 τό
1422 2811 1438 2840 ,
1485 2765 1610 2828 nisi
1655 2765 1792 2848 ipse
1838 2764 2237 2828 observasset
2276 2760 2749 2828 Theodoretum
2770 2811 2786 2839 ‚
2828 2763 2947 2846 qui

545 2865 760 2932 locum
829 2868 925 2933 bis
987 2868 1317 2948 laudavit,
1383 2875 1526 2954 post
1571 2870 1789 2946 βιῶναι
1838 2869 2065 2935 addere
2114 2869 2715 2948 προκεκρίσθαι.
2770 2866 2944 2932 Hinc

542 2971 668 3038 loci
729 2977 974 3040 sanatio
1035 2975 1295 3041 videtur
1357 2974 1651 3060 petenda.
1720 2969 1801 3040 Οἳ
1862 2975 1924 3040 δὲ
1988 2975 2058 3050 δὴ
2123 2973 2199 3040 ἂν
2260 2973 2471 3049 δόξωσι
2529 2973 2943 3051 διαφερόντως

545 3081 963 3158 προκεκρίσθαι
1024 3083 1218 3147 habet
1281 3102 1408 3168 quo
1471 3103 1538 3147 se
1601 3080 2043 3148 commendet:
2109 3082 2484 3166 supervenit
2530 3082 2626 3145 uti
2672 3083 2945 3145 coniicio

545 3189 657 3272 qui
716 3207 976 3271 prorsus
1038 3187 1362 3254 inutiliter
1415 3189 1753 3274 adscripsit
1811 3190 2404 3274 interpretationem
2456 3188 2599 3268 πρὸς
2649 3187 2719 3250 τὸ
2766 3187 2945 3256 belm

543 3293 782 3368 βιῶναι.
847 3293 1004 3359 Mox
1049 3295 1277 3360 itidem
1325 3317 1404 3360 ex
1452 3295 1848 3362 Theodoreto
1898 3302 1996 3361 est
2040 3283 2433 3380 praesidium
2480 3293 2939 3380 quaerendum.

547 3397 700 3464 Sine
747 3402 1108 3484 suspicione
1153 3400 1484 3488 legeretur
1530 3422 1592 3487 p.
1645 3398 1881 3468 1140:
1931 3397 2077 3464 ἄνευ
2128 3424 2197 3464 τε
2246 3401 2632 3476 σωμάτων
2681 3397 2825 3479 ζῶσι
2868 3402 2941 3462 τὸ

543 3497 868 3582 παράπαν,
931 3508 1056 3571 nisi
1116 3514 1526 3592 sequeretur:
1592 3508 1675 3578 εἰς
1728 3507 1987 3580 οἰκήσεις
2038 3505 2126 3569 ἔτι
2175 3505 2403 3570 τούτων
2452 3506 2741 3576 καλλίους
2794 3507 2945 3584 ἀφι-

541 3616 855 3690 κνοῦνται,
906 3614 1142 3697 quibus
1189 3634 1316 3679 non
1363 3636 1524 3699 opus
1571 3615 1655 3679 iis
1703 3616 1814 3699 qui
1860 3614 2231 3698 corporibus
2269 3615 2507 3699 privati
2544 3617 2725 3688 sunt;
2768 3633 2945 3678 nunc

541 3739 692 3808 cum
741 3719 1134 3786 Theodoreto
1183 3720 1398 3787 malo?
1437 3719 1842 3797 καμάτων.

631 3938 791 4006 Ibid.
846 3939 973 4004 115
995 3942 1072 4005 A.
1120 3939 1326 4006 Miror
1370 3941 1657 4007 nondum
1709 3945 2067 4007 correctum
2114 3959 2285 4005 esse:
2338 3939 2605 4009 εἰσαῦθις
2654 3936 2947 4004 ’ἔκιες-οι

540 4047 937 4124 πορεύσεσθε·
998 4050 1152 4132 quia
1210 4048 1488 4114 Socratis
1551 4050 1746 4114 amici
1806 4045 2266 4115 verosimiliter
2326 4067 2547 4112 omnes
2608 4045 2946 4131 deinceps,

539 4173 664 4216 non
707 4151 924 4238 plures
963 4152 1165 4218 simul
1205 4154 1506 4219 morituri
1545 4158 1762 4233 erant,
1810 4175 2065 4220 necesse
2113 4158 2209 4217 est
2253 4155 2571 4240 corrigere
2616 4149 2941 4224 ἕκαςος.

538 4259 706 4324 Tum
750 4281 812 4345 P·
860 4259 1097 4326 115E:
1146 4256 1314 4332 οὗτος
1365 4262 1478 4335 μὲν
1527 4259 1654 4339 γὰρ
1700 4256 1737 4336 ἦ
1781 4263 1903 4336 μὴν
1952 4267 2364 4340 παραμενεῖν·
2418 4259 2593 4334 ὑμεῖς
2637 4259 2697 4323 δὲ
2736 4256 2771 4332 ἦ
2810 4261 2937 4336 μὴν

537 4367 627 4442 μὴ
668 4375 1070 4445 παραμενεῖν,
1120 4369 1380 4432 omnino
1429 4369 1584 4432 satis
1625 4372 1723 4432 est
1762 4373 1827 4432 et
1866 4369 2161 4433 eiecerim
2202 4365 2369 4450 quod
2412 4365 2673 4431 additur
2712 4365 2945 4440 ἐγγυή-

538 4475 760 4552 σασθε,
809 4494 886 4538 ex
937 4473 1372 4559 superioribus
1417 4473 1739 4539 inutiliter
1784 4477 2113 4539 iteratum.
