<?xml version="1.0" encoding="UTF-8"?>
<!DOCTYPE html PUBLIC "-//W3C//DTD XHTML 1.0 Transitional//EN"
    "http://www.w3.org/TR/xhtml1/DTD/xhtml1-transitional.dtd">
<html xmlns="http://www.w3.org/1999/xhtml" xml:lang="en" lang="en">
 <head>
  <title>
</title>
<meta http-equiv="Content-Type" content="text/html;charset=utf-8" />
  <meta name='ocr-system' content='tesseract 3.04.00' />
  <meta name='ocr-capabilities' content='ocr_page ocr_carea ocr_par ocr_line ocrx_word'/>
</head>
<body>
  <div class='ocr_page' id='page_1' title='image "./mnemosynevolume03verdgoog_0363.png"; bbox 0 0 3246 5085; ppageno 0'>
   <div class='ocr_carea' id='block_1_1' title="bbox 1088 363 2678 433">
    <p class='ocr_par' dir='ltr' id='par_1_1' title="bbox 1088 363 2678 433">
     <span class='ocr_line' id='line_1_1' title="bbox 1088 363 2678 433; baseline -0.001 -1"><span class='ocrx_word' id='word_1_1' title='bbox 1088 381 1174 432; x_wconf 77' lang='lat' dir='ltr'>nu</span> <span class='ocrx_word' id='word_1_2' title='bbox 1219 381 1535 433; x_wconf 70' lang='lat' dir='ltr'>nummus</span> <span class='ocrx_word' id='word_1_3' title='bbox 1577 381 1906 433; x_wconf 76' lang='lat' dir='ltr'>nmnoo.</span> <span class='ocrx_word' id='word_1_4' title='bbox 2545 363 2678 431; x_wconf 79' lang='lat'>355</span> 
     </span>
    </p>
   </div>
   <div class='ocr_carea' id='block_1_2' title="bbox 230 547 2774 4585">
    <p class='ocr_par' dir='ltr' id='par_1_2' title="bbox 288 547 2774 2445">
     <span class='ocr_line' id='line_1_2' title="bbox 288 547 2686 636; baseline 0 -20"><span class='ocrx_word' id='word_1_5' title='bbox 288 549 655 616; x_wconf 82' lang='lat' dir='ltr'>Dioskuren</span> <span class='ocrx_word' id='word_1_6' title='bbox 694 568 905 636; x_wconf 89' lang='lat' dir='ltr'>gegen</span> <span class='ocrx_word' id='word_1_7' title='bbox 945 547 1244 634; x_wconf 81' lang='lat' dir='ltr'>Aphidna</span> <span class='ocrx_word' id='word_1_8' title='bbox 1280 548 1537 614; x_wconf 83' lang='lat' dir='ltr'>kommt</span> <span class='ocrx_word' id='word_1_9' title='bbox 1579 569 1650 616; x_wconf 90' lang='lat' dir='ltr'>er</span> <span class='ocrx_word' id='word_1_10' title='bbox 1689 569 1821 627; x_wconf 84' lang='lat' dir='ltr'>vor,</span> <span class='ocrx_word' id='word_1_11' title='bbox 1861 547 2192 615; x_wconf 77' lang='lat' dir='ltr'><strong>Plutarch.</strong></span> <span class='ocrx_word' id='word_1_12' title='bbox 2221 547 2408 615; x_wconf 75' lang='lat' dir='ltr'>Thes.</span> <span class='ocrx_word' id='word_1_13' title='bbox 2435 547 2544 616; x_wconf 85' lang='lat'>31.</span> <span class='ocrx_word' id='word_1_14' title='bbox 2573 547 2686 616; x_wconf 83' lang='lat'>33.</span> 
     </span>
     <span class='ocr_line' id='line_1_3' title="bbox 290 654 2688 744; baseline -0 -22"><span class='ocrx_word' id='word_1_15' title='bbox 290 657 440 722; x_wconf 91' lang='lat' dir='ltr'>Ihm</span> <span class='ocrx_word' id='word_1_16' title='bbox 484 656 789 744; x_wconf 82' lang='lat' dir='ltr'>iibergibt</span> <span class='ocrx_word' id='word_1_17' title='bbox 834 655 1117 722; x_wconf 80' lang='lat' dir='ltr'>Theseus</span> <span class='ocrx_word' id='word_1_18' title='bbox 1166 654 1269 721; x_wconf 89' lang='lat' dir='ltr'>die</span> <span class='ocrx_word' id='word_1_19' title='bbox 1316 654 1599 736; x_wconf 89' lang='lat' dir='ltr'>Helena,</span> <span class='ocrx_word' id='word_1_20' title='bbox 1651 654 1746 722; x_wconf 89' lang='lat' dir='ltr'>als</span> <span class='ocrx_word' id='word_1_21' title='bbox 1792 677 1860 721; x_wconf 88' lang='lat' dir='ltr'>er</span> <span class='ocrx_word' id='word_1_22' title='bbox 1903 657 2029 721; x_wconf 85' lang='lat' dir='ltr'>mit</span> <span class='ocrx_word' id='word_1_23' title='bbox 2065 656 2421 723; x_wconf 87' lang='lat' dir='ltr'>Peirithoos</span> <span class='ocrx_word' id='word_1_24' title='bbox 2460 657 2528 721; x_wconf 91' lang='lat' dir='ltr'>in</span> <span class='ocrx_word' id='word_1_25' title='bbox 2567 656 2688 722; x_wconf 89' lang='lat' dir='ltr'>den</span> 
     </span>
     <span class='ocr_line' id='line_1_4' title="bbox 290 759 2689 848; baseline -0.001 -20"><span class='ocrx_word' id='word_1_26' title='bbox 290 762 511 828; x_wconf 87' lang='lat' dir='ltr'>Hades</span> <span class='ocrx_word' id='word_1_27' title='bbox 559 762 750 827; x_wconf 88' lang='lat' dir='ltr'>zieht.</span> <span class='ocrx_word' id='word_1_28' title='bbox 817 759 959 827; x_wconf 90' lang='lat' dir='ltr'>Wie</span> <span class='ocrx_word' id='word_1_29' title='bbox 1007 761 1255 827; x_wconf 86' lang='lat' dir='ltr'>Kritias</span> <span class='ocrx_word' id='word_1_30' title='bbox 1300 761 1435 827; x_wconf 89' lang='lat' dir='ltr'>dies</span> <span class='ocrx_word' id='word_1_31' title='bbox 1486 760 1727 827; x_wconf 87' lang='lat' dir='ltr'>Drama</span> <span class='ocrx_word' id='word_1_32' title='bbox 1772 761 2083 848; x_wconf 85' lang='lat' dir='ltr'>angelegt</span> <span class='ocrx_word' id='word_1_33' title='bbox 2127 761 2261 842; x_wconf 89' lang='lat' dir='ltr'>hat,</span> <span class='ocrx_word' id='word_1_34' title='bbox 2309 763 2396 828; x_wconf 88' lang='lat' dir='ltr'>ist</span> <span class='ocrx_word' id='word_1_35' title='bbox 2441 762 2689 828; x_wconf 85' lang='lat' dir='ltr'>schwer</span> 
     </span>
     <span class='ocr_line' id='line_1_5' title="bbox 290 866 2689 955; baseline -0.001 -19"><span class='ocrx_word' id='word_1_36' title='bbox 290 867 695 948; x_wconf 75' lang='lat' dir='ltr'>vorstellbar,</span> <span class='ocrx_word' id='word_1_37' title='bbox 766 867 1018 934; x_wconf 83' lang='lat' dir='ltr'>obwohl</span> <span class='ocrx_word' id='word_1_38' title='bbox 1082 870 1199 933; x_wconf 81' lang='lat' dir='ltr'>wir</span> <span class='ocrx_word' id='word_1_39' title='bbox 1266 867 1658 933; x_wconf 88' lang='lat' dir='ltr'>mancherlei</span> <span class='ocrx_word' id='word_1_40' title='bbox 1728 869 1974 933; x_wconf 83' lang='lat' dir='ltr'>wissen.</span> <span class='ocrx_word' id='word_1_41' title='bbox 2059 868 2182 933; x_wconf 91' lang='lat' dir='ltr'>Ein</span> <span class='ocrx_word' id='word_1_42' title='bbox 2254 866 2394 933; x_wconf 83' lang='lat' dir='ltr'>Teil</span> <span class='ocrx_word' id='word_1_43' title='bbox 2460 867 2689 955; x_wconf 84' lang='lat' dir='ltr'>spielte</span> 
     </span>
     <span class='ocr_line' id='line_1_6' title="bbox 292 971 2693 1060; baseline -0.001 -19"><span class='ocrx_word' id='word_1_44' title='bbox 292 977 395 1041; x_wconf 87' lang='lat' dir='ltr'>im</span> <span class='ocrx_word' id='word_1_45' title='bbox 456 973 705 1040; x_wconf 89' lang='lat' dir='ltr'>Hades:</span> <span class='ocrx_word' id='word_1_46' title='bbox 767 977 870 1040; x_wconf 92' lang='lat' dir='ltr'>ein</span> <span class='ocrx_word' id='word_1_47' title='bbox 932 973 1139 1040; x_wconf 78' lang='lat' dir='ltr'>Stiick</span> <span class='ocrx_word' id='word_1_48' title='bbox 1200 995 1324 1039; x_wconf 86' lang='lat' dir='ltr'>von</span> <span class='ocrx_word' id='word_1_49' title='bbox 1387 973 1533 1039; x_wconf 91' lang='lat' dir='ltr'>dem</span> <span class='ocrx_word' id='word_1_50' title='bbox 1598 971 1965 1060; x_wconf 71' lang='lat' dir='ltr'>Gesprache</span> <span class='ocrx_word' id='word_1_51' title='bbox 2030 972 2140 1039; x_wconf 91' lang='lat' dir='ltr'>des</span> <span class='ocrx_word' id='word_1_52' title='bbox 2205 973 2520 1041; x_wconf 77' lang='lat' dir='ltr'>Herakles</span> <span class='ocrx_word' id='word_1_53' title='bbox 2565 977 2693 1040; x_wconf 89' lang='lat' dir='ltr'>mit</span> 
     </span>
     <span class='ocr_line' id='line_1_7' title="bbox 298 1073 2692 1168; baseline -0.001 -20"><span class='ocrx_word' id='word_1_54' title='bbox 298 1080 540 1148; x_wconf 80' lang='lat' dir='ltr'>Aiakos</span> <span class='ocrx_word' id='word_1_55' title='bbox 558 1127 575 1158; x_wconf 91' lang='lat'>,</span> <span class='ocrx_word' id='word_1_56' title='bbox 624 1079 770 1146; x_wconf 91' lang='lat' dir='ltr'>dem</span> <span class='ocrx_word' id='word_1_57' title='bbox 818 1080 1049 1144; x_wconf 75' lang='lat' dir='ltr'>ianitor</span> <span class='ocrx_word' id='word_1_58' title='bbox 1100 1073 1241 1148; x_wconf 72' lang='lat' dir='ltr'>or&#39;ci</span> <span class='ocrx_word' id='word_1_59' title='bbox 1286 1085 1493 1162; x_wconf 84' lang='lat' dir='ltr'>(wozu</span> <span class='ocrx_word' id='word_1_60' title='bbox 1538 1081 1654 1146; x_wconf 85' lang='lat' dir='ltr'>ihu</span> <span class='ocrx_word' id='word_1_61' title='bbox 1698 1082 1855 1146; x_wconf 89' lang='lat' dir='ltr'>eben</span> <span class='ocrx_word' id='word_1_62' title='bbox 1903 1079 2150 1146; x_wconf 88' lang='lat' dir='ltr'>Kritias</span> <span class='ocrx_word' id='word_1_63' title='bbox 2187 1079 2516 1168; x_wconf 88' lang='lat' dir='ltr'>degradirt</span> <span class='ocrx_word' id='word_1_64' title='bbox 2552 1081 2692 1162; x_wconf 88' lang='lat' dir='ltr'>hat)</span> 
     </span>
     <span class='ocr_line' id='line_1_8' title="bbox 294 1185 2692 1276; baseline -0.001 -23"><span class='ocrx_word' id='word_1_65' title='bbox 294 1189 387 1253; x_wconf 88' lang='lat' dir='ltr'>ist</span> <span class='ocrx_word' id='word_1_66' title='bbox 437 1189 507 1273; x_wconf 90' lang='lat' dir='ltr'>ja</span> <span class='ocrx_word' id='word_1_67' title='bbox 553 1185 875 1265; x_wconf 88' lang='lat' dir='ltr'>erhalten,</span> <span class='ocrx_word' id='word_1_68' title='bbox 924 1185 1053 1252; x_wconf 89' lang='lat' dir='ltr'>und</span> <span class='ocrx_word' id='word_1_69' title='bbox 1102 1186 1181 1251; x_wconf 90' lang='lat' dir='ltr'>da</span> <span class='ocrx_word' id='word_1_70' title='bbox 1229 1185 1539 1252; x_wconf 81' lang='lat' dir='ltr'><strong>Herakles</strong></span> <span class='ocrx_word' id='word_1_71' title='bbox 1586 1191 1718 1276; x_wconf 77' lang='lat' dir='ltr'>erst</span> <span class='ocrx_word' id='word_1_72' title='bbox 1762 1185 2131 1266; x_wconf 86' lang='lat' dir='ltr'>ankommt,</span> <span class='ocrx_word' id='word_1_73' title='bbox 2183 1197 2428 1252; x_wconf 88' lang='lat' dir='ltr'>musste</span> <span class='ocrx_word' id='word_1_74' title='bbox 2477 1208 2544 1252; x_wconf 90' lang='lat' dir='ltr'>er</span> <span class='ocrx_word' id='word_1_75' title='bbox 2589 1186 2692 1251; x_wconf 90' lang='lat' dir='ltr'>die</span> 
     </span>
     <span class='ocr_line' id='line_1_9' title="bbox 296 1289 2694 1374; baseline -0 -17"><span class='ocrx_word' id='word_1_76' title='bbox 296 1289 561 1358; x_wconf 84' lang='lat' dir='ltr'>Frevler</span> <span class='ocrx_word' id='word_1_77' title='bbox 618 1289 819 1374; x_wconf 85' lang='lat' dir='ltr'>selbst</span> <span class='ocrx_word' id='word_1_78' title='bbox 882 1291 1026 1357; x_wconf 90' lang='lat' dir='ltr'>dort</span> <span class='ocrx_word' id='word_1_79' title='bbox 1089 1292 1251 1358; x_wconf 90' lang='lat' dir='ltr'>noch</span> <span class='ocrx_word' id='word_1_80' title='bbox 1315 1291 1618 1357; x_wconf 84' lang='lat' dir='ltr'>antreffeu</span> <span class='ocrx_word' id='word_1_81' title='bbox 1680 1290 1811 1357; x_wconf 89' lang='lat' dir='ltr'>und</span> <span class='ocrx_word' id='word_1_82' title='bbox 1859 1291 2123 1359; x_wconf 73' lang='lat' dir='ltr'>erlosen.</span> <span class='ocrx_word' id='word_1_83' title='bbox 2191 1292 2360 1358; x_wconf 86' lang='lat' dir='ltr'>Aber</span> <span class='ocrx_word' id='word_1_84' title='bbox 2404 1295 2505 1357; x_wconf 87' lang='lat' dir='ltr'>ein</span> <span class='ocrx_word' id='word_1_85' title='bbox 2553 1289 2694 1357; x_wconf 80' lang='lat' dir='ltr'>Teil</span> 
     </span>
     <span class='ocr_line' id='line_1_10' title="bbox 295 1397 2693 1486; baseline -0.001 -21"><span class='ocrx_word' id='word_1_86' title='bbox 295 1397 527 1486; x_wconf 89' lang='lat' dir='ltr'>spielte</span> <span class='ocrx_word' id='word_1_87' title='bbox 589 1399 755 1464; x_wconf 89' lang='lat' dir='ltr'>auch</span> <span class='ocrx_word' id='word_1_88' title='bbox 818 1399 939 1464; x_wconf 88' lang='lat' dir='ltr'>auf</span> <span class='ocrx_word' id='word_1_89' title='bbox 988 1399 1200 1467; x_wconf 88' lang='lat' dir='ltr'>Erden</span> <span class='ocrx_word' id='word_1_90' title='bbox 1221 1447 1237 1478; x_wconf 99' lang='lat'>,</span> <span class='ocrx_word' id='word_1_91' title='bbox 1303 1399 1467 1464; x_wconf 89' lang='lat' dir='ltr'>denn</span> <span class='ocrx_word' id='word_1_92' title='bbox 1532 1398 1636 1465; x_wconf 90' lang='lat' dir='ltr'>die</span> <span class='ocrx_word' id='word_1_93' title='bbox 1699 1400 2060 1486; x_wconf 87' lang='lat' dir='ltr'>Anapaeste</span> <span class='ocrx_word' id='word_1_94' title='bbox 2107 1399 2216 1465; x_wconf 90' lang='lat' dir='ltr'>des</span> <span class='ocrx_word' id='word_1_95' title='bbox 2263 1398 2503 1467; x_wconf 85' lang='lat' dir='ltr'>Chores</span> <span class='ocrx_word' id='word_1_96' title='bbox 2522 1445 2540 1478; x_wconf 93' lang='lat'>,</span> <span class='ocrx_word' id='word_1_97' title='bbox 2590 1397 2693 1464; x_wconf 84' lang='lat' dir='ltr'>die</span> 
     </span>
     <span class='ocr_line' id='line_1_11' title="bbox 292 1497 2690 1592; baseline -0.001 -20"><span class='ocrx_word' id='word_1_98' title='bbox 292 1507 403 1572; x_wconf 89' lang='lat' dir='ltr'>ein</span> <span class='ocrx_word' id='word_1_99' title='bbox 472 1503 856 1591; x_wconf 84' lang='lat' dir='ltr'>&#39;Potenopfer</span> <span class='ocrx_word' id='word_1_100' title='bbox 926 1505 1252 1592; x_wconf 89' lang='lat' dir='ltr'>begleiten</span> <span class='ocrx_word' id='word_1_101' title='bbox 1272 1553 1288 1583; x_wconf 94' lang='lat'>,</span> <span class='ocrx_word' id='word_1_102' title='bbox 1361 1504 1649 1572; x_wconf 88' lang='lat' dir='ltr'>daneben</span> <span class='ocrx_word' id='word_1_103' title='bbox 1717 1505 1869 1571; x_wconf 88' lang='lat' dir='ltr'>aber</span> <span class='ocrx_word' id='word_1_104' title='bbox 1937 1505 2060 1572; x_wconf 95' lang='lat' dir='ltr'>den</span> <span class='ocrx_word' id='word_1_105' title='bbox 2130 1497 2332 1572; x_wconf 64' lang='lat' dir='ltr'>Rther</span> <span class='ocrx_word' id='word_1_106' title='bbox 2402 1505 2690 1584; x_wconf 88' lang='lat' dir='ltr'>anrufen,</span> 
     </span>
     <span class='ocr_line' id='line_1_12' title="bbox 294 1611 2774 1699; baseline -0.001 -21"><span class='ocrx_word' id='word_1_107' title='bbox 294 1611 552 1678; x_wconf 75' lang='lat' dir='ltr'>konnen</span> <span class='ocrx_word' id='word_1_108' title='bbox 612 1611 795 1677; x_wconf 87' lang='lat' dir='ltr'>nicht</span> <span class='ocrx_word' id='word_1_109' title='bbox 854 1617 1050 1678; x_wconf 88' lang='lat' dir='ltr'>unten</span> <span class='ocrx_word' id='word_1_110' title='bbox 1111 1611 1505 1699; x_wconf 88' lang='lat' dir='ltr'>gesprochen</span> <span class='ocrx_word' id='word_1_111' title='bbox 1569 1615 1726 1678; x_wconf 89' lang='lat' dir='ltr'>sein.</span> <span class='ocrx_word' id='word_1_112' title='bbox 1793 1611 2016 1678; x_wconf 82' lang='lat' dir='ltr'>Damit</span> <span class='ocrx_word' id='word_1_113' title='bbox 2075 1615 2163 1677; x_wconf 90' lang='lat' dir='ltr'>ist</span> <span class='ocrx_word' id='word_1_114' title='bbox 2207 1612 2315 1679; x_wconf 85' lang='lat' dir='ltr'>fiir</span> <span class='ocrx_word' id='word_1_115' title='bbox 2359 1611 2692 1699; x_wconf 89' lang='lat' dir='ltr'>Aphidnos</span> <span class='ocrx_word' id='word_1_116' title='bbox 2770 1622 2774 1627; x_wconf 81' lang='grc'><em>“</em></span> 
     </span>
     <span class='ocr_line' id='line_1_13' title="bbox 296 1717 2694 1806; baseline 0 -22"><span class='ocrx_word' id='word_1_117' title='bbox 296 1717 483 1784; x_wconf 85' lang='lat' dir='ltr'>Platz</span> <span class='ocrx_word' id='word_1_118' title='bbox 531 1717 873 1805; x_wconf 82' lang='lat' dir='ltr'>geschafft,</span> <span class='ocrx_word' id='word_1_119' title='bbox 920 1718 1179 1785; x_wconf 89' lang='lat' dir='ltr'>mochte</span> <span class='ocrx_word' id='word_1_120' title='bbox 1224 1740 1359 1783; x_wconf 90' lang='lat' dir='ltr'>nun</span> <span class='ocrx_word' id='word_1_121' title='bbox 1407 1719 1508 1784; x_wconf 91' lang='lat' dir='ltr'>die</span> <span class='ocrx_word' id='word_1_122' title='bbox 1554 1719 1954 1806; x_wconf 87' lang='lat' dir='ltr'>Anordnung</span> <span class='ocrx_word' id='word_1_123' title='bbox 1997 1719 2110 1784; x_wconf 90' lang='lat' dir='ltr'>der</span> <span class='ocrx_word' id='word_1_124' title='bbox 2145 1717 2323 1786; x_wconf 77' lang='lat' dir='ltr'>&#39;I&#39;eile</span> <span class='ocrx_word' id='word_1_125' title='bbox 2361 1722 2532 1798; x_wconf 90' lang='lat' dir='ltr'>sein,</span> <span class='ocrx_word' id='word_1_126' title='bbox 2573 1720 2694 1784; x_wconf 80' lang='lat' dir='ltr'>wie</span> 
     </span>
     <span class='ocr_line' id='line_1_14' title="bbox 295 1823 2706 1914; baseline 0 -22"><span class='ocrx_word' id='word_1_127' title='bbox 295 1828 392 1892; x_wconf 88' lang='lat' dir='ltr'>sie</span> <span class='ocrx_word' id='word_1_128' title='bbox 454 1824 690 1891; x_wconf 79' lang='lat' dir='ltr'>wollte.</span> <span class='ocrx_word' id='word_1_129' title='bbox 753 1825 850 1891; x_wconf 94' lang='lat' dir='ltr'>Ob</span> <span class='ocrx_word' id='word_1_130' title='bbox 913 1845 980 1892; x_wconf 88' lang='lat' dir='ltr'>es</span> <span class='ocrx_word' id='word_1_131' title='bbox 1040 1827 1206 1892; x_wconf 86' lang='lat' dir='ltr'>auch</span> <span class='ocrx_word' id='word_1_132' title='bbox 1251 1828 1405 1891; x_wconf 84' lang='lat' dir='ltr'>zwei</span> <span class='ocrx_word' id='word_1_133' title='bbox 1450 1823 1658 1892; x_wconf 71' lang='lat' dir='ltr'>Chore</span> <span class='ocrx_word' id='word_1_134' title='bbox 1703 1826 1857 1913; x_wconf 82' lang='lat' dir='ltr'>gab,</span> <span class='ocrx_word' id='word_1_135' title='bbox 1903 1826 2080 1914; x_wconf 87' lang='lat' dir='ltr'>fragt</span> <span class='ocrx_word' id='word_1_136' title='bbox 2125 1847 2274 1892; x_wconf 88' lang='lat' dir='ltr'>man</span> <span class='ocrx_word' id='word_1_137' title='bbox 2323 1826 2706 1914; x_wconf 47' lang='lat' dir='ltr'>vergebens„</span> 
     </span>
     <span class='ocr_line' id='line_1_15' title="bbox 304 1929 2695 2020; baseline 0 -22"><span class='ocrx_word' id='word_1_138' title='bbox 304 1929 471 1998; x_wconf 85' lang='lat' dir='ltr'>Dass</span> <span class='ocrx_word' id='word_1_139' title='bbox 533 1933 993 2019; x_wconf 80' lang='lat' dir='ltr'>Aristophanes</span> <span class='ocrx_word' id='word_1_140' title='bbox 1036 1933 1102 1997; x_wconf 92' lang='lat' dir='ltr'>in</span> <span class='ocrx_word' id='word_1_141' title='bbox 1152 1932 1271 1998; x_wconf 88' lang='lat' dir='ltr'>den</span> <span class='ocrx_word' id='word_1_142' title='bbox 1317 1931 1638 1998; x_wconf 78' lang='lat' dir='ltr'>Friischen</span> <span class='ocrx_word' id='word_1_143' title='bbox 1684 1954 1811 1999; x_wconf 81' lang='lat' dir='ltr'>von</span> <span class='ocrx_word' id='word_1_144' title='bbox 1858 1932 2066 1998; x_wconf 85' lang='lat' dir='ltr'>dieser</span> <span class='ocrx_word' id='word_1_145' title='bbox 2111 1932 2469 2020; x_wconf 85' lang='lat' dir='ltr'>Erfindung</span> <span class='ocrx_word' id='word_1_146' title='bbox 2515 1932 2695 1998; x_wconf 82' lang='lat' dir='ltr'>stark</span> 
     </span>
     <span class='ocr_line' id='line_1_16' title="bbox 302 2037 2692 2118; baseline 0 -13"><span class='ocrx_word' id='word_1_147' title='bbox 302 2037 679 2105; x_wconf 88' lang='lat' dir='ltr'>beeinflusst</span> <span class='ocrx_word' id='word_1_148' title='bbox 720 2041 845 2118; x_wconf 89' lang='lat' dir='ltr'>ist,</span> <span class='ocrx_word' id='word_1_149' title='bbox 886 2038 1055 2106; x_wconf 90' lang='lat' dir='ltr'>sieht</span> <span class='ocrx_word' id='word_1_150' title='bbox 1094 2059 1245 2104; x_wconf 88' lang='lat' dir='ltr'>man</span> <span class='ocrx_word' id='word_1_151' title='bbox 1285 2037 1454 2105; x_wconf 84' lang='lat' dir='ltr'>wohl</span> <span class='ocrx_word' id='word_1_152' title='bbox 1464 2059 1481 2118; x_wconf 86' lang='lat'>;</span> <span class='ocrx_word' id='word_1_153' title='bbox 1524 2039 1675 2104; x_wconf 88' lang='lat' dir='ltr'>aber</span> <span class='ocrx_word' id='word_1_154' title='bbox 1711 2039 1876 2104; x_wconf 90' lang='lat' dir='ltr'>auch</span> <span class='ocrx_word' id='word_1_155' title='bbox 1916 2038 2028 2104; x_wconf 88' lang='lat' dir='ltr'>das</span> <span class='ocrx_word' id='word_1_156' title='bbox 2065 2039 2458 2106; x_wconf 84' lang='lat' dir='ltr'>entscheidet</span> <span class='ocrx_word' id='word_1_157' title='bbox 2494 2039 2692 2105; x_wconf 89' lang='lat' dir='ltr'>nicht.</span> 
     </span>
     <span class='ocr_line' id='line_1_17' title="bbox 304 2142 2694 2232; baseline -0.001 -20"><span class='ocrx_word' id='word_1_158' title='bbox 304 2145 695 2212; x_wconf 86' lang='lat' dir='ltr'>Interessant</span> <span class='ocrx_word' id='word_1_159' title='bbox 764 2148 850 2210; x_wconf 91' lang='lat' dir='ltr'>ist</span> <span class='ocrx_word' id='word_1_160' title='bbox 920 2146 1021 2212; x_wconf 92' lang='lat' dir='ltr'>die</span> <span class='ocrx_word' id='word_1_161' title='bbox 1092 2145 1450 2232; x_wconf 85' lang='lat' dir='ltr'>Erfindung</span> <span class='ocrx_word' id='word_1_162' title='bbox 1519 2166 1640 2211; x_wconf 87' lang='lat' dir='ltr'>von</span> <span class='ocrx_word' id='word_1_163' title='bbox 1713 2144 1977 2210; x_wconf 79' lang='lat' dir='ltr'>Platone</span> <span class='ocrx_word' id='word_1_164' title='bbox 2047 2142 2254 2211; x_wconf 87' lang='lat' dir='ltr'>Onkel</span> <span class='ocrx_word' id='word_1_165' title='bbox 2319 2147 2386 2209; x_wconf 89' lang='lat' dir='ltr'>in</span> <span class='ocrx_word' id='word_1_166' title='bbox 2455 2145 2694 2212; x_wconf 88' lang='lat' dir='ltr'>hohem</span> 
     </span>
     <span class='ocr_line' id='line_1_18' title="bbox 306 2249 2691 2331; baseline -0.001 -11"><span class='ocrx_word' id='word_1_167' title='bbox 306 2251 521 2320; x_wconf 83' lang='lat' dir='ltr'>Grade</span> <span class='ocrx_word' id='word_1_168' title='bbox 539 2300 556 2331; x_wconf 93' lang='lat'>,</span> <span class='ocrx_word' id='word_1_169' title='bbox 612 2251 862 2318; x_wconf 84' lang='lat' dir='ltr'>obwohl</span> <span class='ocrx_word' id='word_1_170' title='bbox 910 2251 1012 2317; x_wconf 90' lang='lat' dir='ltr'>die</span> <span class='ocrx_word' id='word_1_171' title='bbox 1058 2252 1410 2317; x_wconf 88' lang='lat' dir='ltr'>iambische</span> <span class='ocrx_word' id='word_1_172' title='bbox 1457 2250 1674 2317; x_wconf 83' lang='lat' dir='ltr'>Partis</span> <span class='ocrx_word' id='word_1_173' title='bbox 1720 2249 2015 2317; x_wconf 86' lang='lat' dir='ltr'>ziemlich</span> <span class='ocrx_word' id='word_1_174' title='bbox 2061 2251 2188 2317; x_wconf 83' lang='lat' dir='ltr'>flau</span> <span class='ocrx_word' id='word_1_175' title='bbox 2239 2250 2532 2318; x_wconf 88' lang='lat' dir='ltr'>stilisiert</span> <span class='ocrx_word' id='word_1_176' title='bbox 2573 2254 2691 2331; x_wconf 88' lang='lat' dir='ltr'>ist;</span> 
     </span>
     <span class='ocr_line' id='line_1_19' title="bbox 306 2357 1184 2445; baseline 0 -21"><span class='ocrx_word' id='word_1_177' title='bbox 306 2357 827 2445; x_wconf 85' lang='lat' dir='ltr'>uneuripideisch</span> <span class='ocrx_word' id='word_1_178' title='bbox 876 2360 964 2423; x_wconf 87' lang='lat' dir='ltr'>ist</span> <span class='ocrx_word' id='word_1_179' title='bbox 1009 2357 1184 2424; x_wconf 89' lang='lat' dir='ltr'>alles.</span> 
     </span>
    </p>

    <p class='ocr_par' dir='ltr' id='par_1_3' title="bbox 230 2464 2696 3405">
     <span class='ocr_line' id='line_1_20' title="bbox 392 2464 2695 2553; baseline 0 -23"><span class='ocrx_word' id='word_1_180' title='bbox 392 2465 556 2531; x_wconf 89' lang='lat' dir='ltr'>Ecce</span> <span class='ocrx_word' id='word_1_181' title='bbox 615 2467 867 2553; x_wconf 86' lang='lat' dir='ltr'>integra</span> <span class='ocrx_word' id='word_1_182' title='bbox 911 2467 1037 2530; x_wconf 78' lang='lat' dir='ltr'>viri</span> <span class='ocrx_word' id='word_1_183' title='bbox 1084 2465 1422 2531; x_wconf 77' lang='lat' dir='ltr'>clarissimi</span> <span class='ocrx_word' id='word_1_184' title='bbox 1473 2465 1703 2545; x_wconf 83' lang='lat' dir='ltr'>verba,</span> <span class='ocrx_word' id='word_1_185' title='bbox 1754 2485 1915 2552; x_wconf 92' lang='lat' dir='ltr'>quae</span> <span class='ocrx_word' id='word_1_186' title='bbox 1962 2465 2259 2531; x_wconf 87' lang='lat' dir='ltr'>nolebam</span> <span class='ocrx_word' id='word_1_187' title='bbox 2306 2464 2695 2553; x_wconf 85' lang='lat' dir='ltr'>excerpendo</span> 
     </span>
     <span class='ocr_line' id='line_1_21' title="bbox 306 2571 2695 2662; baseline 0 -24"><span class='ocrx_word' id='word_1_188' title='bbox 306 2573 675 2653; x_wconf 83' lang='lat' dir='ltr'>decurtare,</span> <span class='ocrx_word' id='word_1_189' title='bbox 736 2575 1042 2659; x_wconf 90' lang='lat' dir='ltr'>quoniam</span> <span class='ocrx_word' id='word_1_190' title='bbox 1104 2575 1217 2638; x_wconf 80' lang='lat' dir='ltr'>vix</span> <span class='ocrx_word' id='word_1_191' title='bbox 1265 2574 1525 2639; x_wconf 82' lang='lat' dir='ltr'>brevius</span> <span class='ocrx_word' id='word_1_192' title='bbox 1570 2571 2046 2641; x_wconf 80' lang='lat' dir='ltr'>luculentiusve</span> <span class='ocrx_word' id='word_1_193' title='bbox 2093 2578 2324 2662; x_wconf 88' lang='lat' dir='ltr'>exponi</span> <span class='ocrx_word' id='word_1_194' title='bbox 2369 2596 2552 2661; x_wconf 88' lang='lat' dir='ltr'>posse</span> <span class='ocrx_word' id='word_1_195' title='bbox 2603 2577 2695 2641; x_wconf 85' lang='lat' dir='ltr'>vi-</span> 
     </span>
     <span class='ocr_line' id='line_1_22' title="bbox 302 2679 2696 2768; baseline 0.001 -23"><span class='ocrx_word' id='word_1_196' title='bbox 302 2680 594 2759; x_wconf 76' lang='lat' dir='ltr'>debatur,</span> <span class='ocrx_word' id='word_1_197' title='bbox 636 2680 788 2766; x_wconf 90' lang='lat' dir='ltr'>quid</span> <span class='ocrx_word' id='word_1_198' title='bbox 828 2680 905 2745; x_wconf 90' lang='lat' dir='ltr'>de</span> <span class='ocrx_word' id='word_1_199' title='bbox 945 2679 1219 2745; x_wconf 82' lang='lat' dir='ltr'>Pirithoi</span> <span class='ocrx_word' id='word_1_200' title='bbox 1260 2680 1513 2746; x_wconf 88' lang='lat' dir='ltr'>fabulae</span> <span class='ocrx_word' id='word_1_201' title='bbox 1559 2686 1943 2768; x_wconf 86' lang='lat' dir='ltr'>argumento</span> <span class='ocrx_word' id='word_1_202' title='bbox 1991 2702 2062 2747; x_wconf 89' lang='lat' dir='ltr'>ac</span> <span class='ocrx_word' id='word_1_203' title='bbox 2109 2685 2388 2759; x_wconf 89' lang='lat' dir='ltr'>ratione,</span> <span class='ocrx_word' id='word_1_204' title='bbox 2435 2686 2696 2749; x_wconf 88' lang='lat' dir='ltr'>incertis</span> 
     </span>
     <span class='ocr_line' id='line_1_23' title="bbox 300 2785 2694 2865; baseline 0 -14"><span class='ocrx_word' id='word_1_205' title='bbox 300 2792 358 2851; x_wconf 90' lang='lat' dir='ltr'>si</span> <span class='ocrx_word' id='word_1_206' title='bbox 419 2786 740 2852; x_wconf 84' lang='lat' dir='ltr'>abstineas</span> <span class='ocrx_word' id='word_1_207' title='bbox 802 2785 1366 2865; x_wconf 83' lang='lat' dir='ltr'>hariolationibus,</span> <span class='ocrx_word' id='word_1_208' title='bbox 1415 2789 1723 2851; x_wconf 83' lang='lat' dir='ltr'>constitui</span> <span class='ocrx_word' id='word_1_209' title='bbox 1763 2785 1972 2852; x_wconf 87' lang='lat' dir='ltr'>liceat.</span> <span class='ocrx_word' id='word_1_210' title='bbox 2022 2786 2261 2852; x_wconf 89' lang='lat' dir='ltr'>Verum</span> <span class='ocrx_word' id='word_1_211' title='bbox 2307 2810 2431 2853; x_wconf 88' lang='lat' dir='ltr'>non</span> <span class='ocrx_word' id='word_1_212' title='bbox 2479 2787 2557 2853; x_wconf 91' lang='lat' dir='ltr'>de</span> <span class='ocrx_word' id='word_1_213' title='bbox 2602 2810 2694 2855; x_wconf 89' lang='lat' dir='ltr'>ar-</span> 
     </span>
     <span class='ocr_line' id='line_1_24' title="bbox 302 2892 2695 2981; baseline 0.001 -23"><span class='ocrx_word' id='word_1_214' title='bbox 302 2899 615 2981; x_wconf 89' lang='lat' dir='ltr'>gumento</span> <span class='ocrx_word' id='word_1_215' title='bbox 676 2892 785 2959; x_wconf 88' lang='lat' dir='ltr'>sed</span> <span class='ocrx_word' id='word_1_216' title='bbox 850 2893 927 2959; x_wconf 90' lang='lat' dir='ltr'>de</span> <span class='ocrx_word' id='word_1_217' title='bbox 988 2898 1245 2959; x_wconf 88' lang='lat' dir='ltr'>auctore</span> <span class='ocrx_word' id='word_1_218' title='bbox 1309 2892 1587 2959; x_wconf 79' lang='lat' dir='ltr'>Pirithoi</span> <span class='ocrx_word' id='word_1_219' title='bbox 1635 2913 1824 2979; x_wconf 87' lang='lat' dir='ltr'>agere</span> <span class='ocrx_word' id='word_1_220' title='bbox 1872 2892 2034 2957; x_wconf 91' lang='lat' dir='ltr'>mihi</span> <span class='ocrx_word' id='word_1_221' title='bbox 2080 2896 2146 2957; x_wconf 89' lang='lat' dir='ltr'>in</span> <span class='ocrx_word' id='word_1_222' title='bbox 2196 2896 2411 2959; x_wconf 88' lang='lat' dir='ltr'>animo</span> <span class='ocrx_word' id='word_1_223' title='bbox 2455 2900 2570 2961; x_wconf 88' lang='lat' dir='ltr'>est.</span> <span class='ocrx_word' id='word_1_224' title='bbox 2621 2894 2695 2960; x_wconf 89' lang='lat' dir='ltr'>In</span> 
     </span>
     <span class='ocr_line' id='line_1_25' title="bbox 304 2996 2694 3086; baseline 0 -22"><span class='ocrx_word' id='word_1_225' title='bbox 304 3020 435 3085; x_wconf 87' lang='lat' dir='ltr'>quo</span> <span class='ocrx_word' id='word_1_226' title='bbox 484 2997 874 3086; x_wconf 88' lang='lat' dir='ltr'>designando</span> <span class='ocrx_word' id='word_1_227' title='bbox 914 3000 1182 3064; x_wconf 87' lang='lat' dir='ltr'>minime</span> <span class='ocrx_word' id='word_1_228' title='bbox 1221 2998 1543 3064; x_wconf 84' lang='lat' dir='ltr'>dubitavit</span> <span class='ocrx_word' id='word_1_229' title='bbox 1582 2996 2042 3076; x_wconf 81' lang='lat' dir='ltr'>Wilamowitz,</span> <span class='ocrx_word' id='word_1_230' title='bbox 2092 2998 2188 3064; x_wconf 89' lang='lat' dir='ltr'>bis</span> <span class='ocrx_word' id='word_1_231' title='bbox 2229 3006 2406 3065; x_wconf 82' lang='lat' dir='ltr'>terve</span> <span class='ocrx_word' id='word_1_232' title='bbox 2445 2999 2694 3068; x_wconf 86' lang='lat' dir='ltr'>Critian</span> 
     </span>
     <span class='ocr_line' id='line_1_26' title="bbox 306 3103 2694 3191; baseline 0.001 -20"><span class='ocrx_word' id='word_1_233' title='bbox 306 3107 563 3171; x_wconf 88' lang='lat' dir='ltr'>nomine</span> <span class='ocrx_word' id='word_1_234' title='bbox 610 3125 845 3171; x_wconf 80' lang='lat' dir='ltr'>vocans</span> <span class='ocrx_word' id='word_1_235' title='bbox 891 3110 958 3171; x_wconf 90' lang='lat' dir='ltr'>et</span> <span class='ocrx_word' id='word_1_236' title='bbox 1002 3105 1297 3183; x_wconf 89' lang='lat' dir='ltr'>tandem,</span> <span class='ocrx_word' id='word_1_237' title='bbox 1348 3111 1680 3191; x_wconf 87' lang='lat' dir='ltr'>tamquam</span> <span class='ocrx_word' id='word_1_238' title='bbox 1729 3106 1785 3171; x_wconf 89' lang='lat' dir='ltr'>si</span> <span class='ocrx_word' id='word_1_239' title='bbox 1831 3103 2196 3171; x_wconf 85' lang='lat' dir='ltr'>dubitantes</span> <span class='ocrx_word' id='word_1_240' title='bbox 2242 3104 2449 3173; x_wconf 89' lang='lat' dir='ltr'>adhuc</span> <span class='ocrx_word' id='word_1_241' title='bbox 2496 3109 2694 3174; x_wconf 87' lang='lat' dir='ltr'>etiam</span> 
     </span>
     <span class='ocr_line' id='line_1_27' title="bbox 230 3208 2693 3299; baseline 0.001 -20"><span class='ocrx_word' id='word_1_242' title='bbox 230 3208 250 3217; x_wconf 55' lang='lat'><em>⁶</em></span> <span class='ocrx_word' id='word_1_243' title='bbox 305 3218 501 3299; x_wconf 86' lang='lat' dir='ltr'>atque</span> <span class='ocrx_word' id='word_1_244' title='bbox 561 3214 759 3277; x_wconf 89' lang='lat' dir='ltr'>etiam</span> <span class='ocrx_word' id='word_1_245' title='bbox 822 3233 896 3277; x_wconf 89' lang='lat' dir='ltr'>ex</span> <span class='ocrx_word' id='word_1_246' title='bbox 962 3233 1173 3277; x_wconf 90' lang='lat' dir='ltr'>errore</span> <span class='ocrx_word' id='word_1_247' title='bbox 1236 3231 1528 3277; x_wconf 86' lang='lat' dir='ltr'>revocare</span> <span class='ocrx_word' id='word_1_248' title='bbox 1592 3210 1822 3289; x_wconf 87' lang='lat' dir='ltr'>vellet,</span> <span class='ocrx_word' id='word_1_249' title='bbox 1883 3212 1977 3276; x_wconf 86' lang='lat' dir='ltr'>ita</span> <span class='ocrx_word' id='word_1_250' title='bbox 2021 3217 2386 3278; x_wconf 85' lang='lat' dir='ltr'>extremum</span> <span class='ocrx_word' id='word_1_251' title='bbox 2434 3213 2693 3281; x_wconf 84' lang='lat' dir='ltr'>effatus:</span> 
     </span>
     <span class='ocr_line' id='line_1_28' title="bbox 308 3316 1585 3405; baseline 0.001 -22"><span class='ocrx_word' id='word_1_252' title='bbox 308 3319 450 3399; x_wconf 77' lang='lat' dir='ltr'>„Ab</span> <span class='ocrx_word' id='word_1_253' title='bbox 496 3316 805 3405; x_wconf 79' lang='lat' dir='ltr'>Euripide</span> <span class='ocrx_word' id='word_1_254' title='bbox 852 3317 1007 3383; x_wconf 84' lang='lat' dir='ltr'>haec</span> <span class='ocrx_word' id='word_1_255' title='bbox 1054 3320 1269 3384; x_wconf 90' lang='lat' dir='ltr'>omnia</span> <span class='ocrx_word' id='word_1_256' title='bbox 1312 3317 1585 3384; x_wconf 88' lang='lat' dir='ltr'>aliena’&#39;.</span> 
     </span>
    </p>

    <p class='ocr_par' dir='ltr' id='par_1_4' title="bbox 302 3422 2700 4258">
     <span class='ocr_line' id='line_1_29' title="bbox 401 3422 2698 3514; baseline 0.001 -24"><span class='ocrx_word' id='word_1_257' title='bbox 401 3423 527 3491; x_wconf 82' lang='lat' dir='ltr'>Vix</span> <span class='ocrx_word' id='word_1_258' title='bbox 564 3426 837 3503; x_wconf 92' lang='lat' dir='ltr'>mirum,</span> <span class='ocrx_word' id='word_1_259' title='bbox 882 3426 937 3489; x_wconf 90' lang='lat' dir='ltr'>si</span> <span class='ocrx_word' id='word_1_260' title='bbox 976 3426 1119 3511; x_wconf 89' lang='lat' dir='ltr'>quis</span> <span class='ocrx_word' id='word_1_261' title='bbox 1160 3425 1557 3510; x_wconf 89' lang='lat' dir='ltr'>opinionem,</span> <span class='ocrx_word' id='word_1_262' title='bbox 1603 3444 1796 3510; x_wconf 89' lang='lat' dir='ltr'>quam</span> <span class='ocrx_word' id='word_1_263' title='bbox 1839 3422 1993 3489; x_wconf 89' lang='lat' dir='ltr'>olim</span> <span class='ocrx_word' id='word_1_264' title='bbox 2029 3423 2258 3492; x_wconf 87' lang='lat' dir='ltr'>multis</span> <span class='ocrx_word' id='word_1_265' title='bbox 2295 3429 2698 3514; x_wconf 77' lang='lat' dir='ltr'>argumentis</span> 
     </span>
     <span class='ocr_line' id='line_1_30' title="bbox 302 3529 2695 3620; baseline 0 -22"><span class='ocrx_word' id='word_1_266' title='bbox 302 3531 623 3609; x_wconf 86' lang='lat' dir='ltr'>defendit,</span> <span class='ocrx_word' id='word_1_267' title='bbox 688 3536 754 3597; x_wconf 89' lang='lat' dir='ltr'>et</span> <span class='ocrx_word' id='word_1_268' title='bbox 812 3533 946 3596; x_wconf 90' lang='lat' dir='ltr'>iam</span> <span class='ocrx_word' id='word_1_269' title='bbox 1010 3551 1125 3616; x_wconf 90' lang='lat' dir='ltr'>per</span> <span class='ocrx_word' id='word_1_270' title='bbox 1182 3529 1331 3617; x_wconf 88' lang='lat' dir='ltr'>plus</span> <span class='ocrx_word' id='word_1_271' title='bbox 1392 3532 1666 3617; x_wconf 83' lang='lat' dir='ltr'>triginta</span> <span class='ocrx_word' id='word_1_272' title='bbox 1727 3550 1922 3596; x_wconf 89' lang='lat' dir='ltr'>annos</span> <span class='ocrx_word' id='word_1_273' title='bbox 1985 3530 2303 3619; x_wconf 88' lang='lat' dir='ltr'>plerisque</span> <span class='ocrx_word' id='word_1_274' title='bbox 2365 3536 2695 3620; x_wconf 85' lang='lat' dir='ltr'>probavit,</span> 
     </span>
     <span class='ocr_line' id='line_1_31' title="bbox 302 3634 2695 3723; baseline 0.001 -19"><span class='ocrx_word' id='word_1_275' title='bbox 302 3660 429 3705; x_wconf 90' lang='lat' dir='ltr'>non</span> <span class='ocrx_word' id='word_1_276' title='bbox 490 3637 897 3715; x_wconf 85' lang='lat' dir='ltr'>haesitanter,</span> <span class='ocrx_word' id='word_1_277' title='bbox 962 3656 1077 3702; x_wconf 91' lang='lat' dir='ltr'>nec</span> <span class='ocrx_word' id='word_1_278' title='bbox 1135 3637 1496 3702; x_wconf 85' lang='lat' dir='ltr'>titubanter</span> <span class='ocrx_word' id='word_1_279' title='bbox 1542 3634 1849 3723; x_wconf 74' lang='lat' dir='ltr'>proferat!</span> <span class='ocrx_word' id='word_1_280' title='bbox 1913 3636 2013 3702; x_wconf 81' lang='lat' dir='ltr'>Ex</span> <span class='ocrx_word' id='word_1_281' title='bbox 2061 3660 2134 3705; x_wconf 89' lang='lat' dir='ltr'>eo</span> <span class='ocrx_word' id='word_1_282' title='bbox 2178 3642 2350 3705; x_wconf 91' lang='lat' dir='ltr'>enim</span> <span class='ocrx_word' id='word_1_283' title='bbox 2399 3662 2561 3707; x_wconf 88' lang='lat' dir='ltr'>anno</span> <span class='ocrx_word' id='word_1_284' title='bbox 2609 3676 2695 3691; x_wconf 92' lang='lat'>—-</span> 
     </span>
     <span class='ocr_line' id='line_1_32' title="bbox 302 3740 2698 3834; baseline 0.001 -23"><span class='ocrx_word' id='word_1_285' title='bbox 302 3746 429 3811; x_wconf 82' lang='lat' dir='ltr'>fuit</span> <span class='ocrx_word' id='word_1_286' title='bbox 509 3763 714 3809; x_wconf 89' lang='lat' dir='ltr'>annus</span> <span class='ocrx_word' id='word_1_287' title='bbox 788 3740 959 3809; x_wconf 83' lang='lat'>1875</span> <span class='ocrx_word' id='word_1_288' title='bbox 1030 3780 1115 3791; x_wconf 92' lang='lat'>—-</span> <span class='ocrx_word' id='word_1_289' title='bbox 1179 3764 1306 3829; x_wconf 87' lang='lat' dir='ltr'>quo</span> <span class='ocrx_word' id='word_1_290' title='bbox 1373 3745 1441 3809; x_wconf 89' lang='lat' dir='ltr'>in</span> <span class='ocrx_word' id='word_1_291' title='bbox 1503 3742 1818 3809; x_wconf 47' lang='lat' dir='ltr'>Analecta}</span> <span class='ocrx_word' id='word_1_292' title='bbox 1877 3744 2232 3829; x_wconf 69' lang='lat' dir='ltr'>E&#39;uripideie</span> <span class='ocrx_word' id='word_1_293' title='bbox 2295 3746 2442 3812; x_wconf 87' lang='lat' dir='ltr'>data</span> <span class='ocrx_word' id='word_1_294' title='bbox 2509 3766 2698 3834; x_wconf 86' lang='lat' dir='ltr'>opera</span> 
     </span>
     <span class='ocr_line' id='line_1_33' title="bbox 304 3848 2698 3940; baseline 0.001 -22"><span class='ocrx_word' id='word_1_295' title='bbox 304 3850 841 3919; x_wconf 83' lang='lat' dir='ltr'>Wilamowitzius</span> <span class='ocrx_word' id='word_1_296' title='bbox 882 3849 1396 3916; x_wconf 89' lang='lat' dir='ltr'>demonstratum</span> <span class='ocrx_word' id='word_1_297' title='bbox 1434 3852 1516 3915; x_wconf 89' lang='lat' dir='ltr'>iit</span> <span class='ocrx_word' id='word_1_298' title='bbox 1552 3850 1920 3915; x_wconf 86' lang='lat' dir='ltr'>Pirithoum</span> <span class='ocrx_word' id='word_1_299' title='bbox 1962 3848 2202 3917; x_wconf 84' lang='lat' dir='ltr'>Critiae</span> <span class='ocrx_word' id='word_1_300' title='bbox 2240 3872 2361 3917; x_wconf 92' lang='lat' dir='ltr'>non</span> <span class='ocrx_word' id='word_1_301' title='bbox 2400 3852 2698 3940; x_wconf 86' lang='lat' dir='ltr'>Euripidi</span> 
     </span>
     <span class='ocr_line' id='line_1_34' title="bbox 304 3956 2698 4047; baseline 0.001 -22"><span class='ocrx_word' id='word_1_302' title='bbox 304 3958 553 4037; x_wconf 90' lang='lat' dir='ltr'>deberi,</span> <span class='ocrx_word' id='word_1_303' title='bbox 601 3959 790 4043; x_wconf 87' lang='lat' dir='ltr'>pauci</span> <span class='ocrx_word' id='word_1_304' title='bbox 829 3957 1127 4035; x_wconf 86' lang='lat' dir='ltr'>fuerunt,</span> <span class='ocrx_word' id='word_1_305' title='bbox 1168 3959 1280 4043; x_wconf 89' lang='lat' dir='ltr'>qui</span> <span class='ocrx_word' id='word_1_306' title='bbox 1318 3956 1814 4043; x_wconf 87' lang='lat' dir='ltr'>obloquerentur</span> <span class='ocrx_word' id='word_1_307' title='bbox 1850 3959 1990 4023; x_wconf 88' lang='lat' dir='ltr'>eius</span> <span class='ocrx_word' id='word_1_308' title='bbox 2029 3956 2482 4043; x_wconf 86' lang='lat' dir='ltr'>disputationi,</span> <span class='ocrx_word' id='word_1_309' title='bbox 2525 3982 2698 4047; x_wconf 88' lang='lat' dir='ltr'>prae·</span> 
     </span>
     <span class='ocr_line' id='line_1_35' title="bbox 304 4062 2700 4153; baseline 0 -20"><span class='ocrx_word' id='word_1_310' title='bbox 304 4068 531 4133; x_wconf 86' lang='lat' dir='ltr'>sertim</span> <span class='ocrx_word' id='word_1_311' title='bbox 580 4070 799 4139; x_wconf 78' lang='lat' dir='ltr'>autem</span> <span class='ocrx_word' id='word_1_312' title='bbox 845 4066 972 4130; x_wconf 82' lang='lat' dir='ltr'>viri</span> <span class='ocrx_word' id='word_1_313' title='bbox 1010 4064 1180 4131; x_wconf 88' lang='lat' dir='ltr'>docti</span> <span class='ocrx_word' id='word_1_314' title='bbox 1218 4066 1330 4151; x_wconf 89' lang='lat' dir='ltr'>qui</span> <span class='ocrx_word' id='word_1_315' title='bbox 1370 4065 1446 4130; x_wconf 89' lang='lat' dir='ltr'>de</span> <span class='ocrx_word' id='word_1_316' title='bbox 1481 4063 1886 4150; x_wconf 90' lang='lat' dir='ltr'>philosophia</span> <span class='ocrx_word' id='word_1_317' title='bbox 1925 4062 2268 4152; x_wconf 75' lang='lat' dir='ltr'>Euripides</span> <span class='ocrx_word' id='word_1_318' title='bbox 2305 4068 2700 4153; x_wconf 90' lang='lat' dir='ltr'>scripserunt</span> 
     </span>
     <span class='ocr_line' id='line_1_36' title="bbox 305 4169 2340 4258; baseline -0.001 -18"><span class='ocrx_word' id='word_1_319' title='bbox 305 4174 641 4240; x_wconf 90' lang='lat' dir='ltr'>communi</span> <span class='ocrx_word' id='word_1_320' title='bbox 688 4172 818 4237; x_wconf 89' lang='lat' dir='ltr'>fere</span> <span class='ocrx_word' id='word_1_321' title='bbox 865 4192 1175 4237; x_wconf 90' lang='lat' dir='ltr'>consensu</span> <span class='ocrx_word' id='word_1_322' title='bbox 1218 4173 1360 4236; x_wconf 87' lang='lat' dir='ltr'>eius</span> <span class='ocrx_word' id='word_1_323' title='bbox 1408 4172 1792 4236; x_wconf 85' lang='lat' dir='ltr'>sententiam</span> <span class='ocrx_word' id='word_1_324' title='bbox 1842 4169 2124 4258; x_wconf 83' lang='lat' dir='ltr'>amplexi</span> <span class='ocrx_word' id='word_1_325' title='bbox 2171 4180 2340 4238; x_wconf 89' lang='lat' dir='ltr'>sunt.</span> 
     </span>
    </p>

    <p class='ocr_par' dir='ltr' id='par_1_5' title="bbox 300 4276 2697 4585">
     <span class='ocr_line' id='line_1_37' title="bbox 396 4276 2697 4365; baseline 0.001 -21"><span class='ocrx_word' id='word_1_326' title='bbox 396 4277 745 4365; x_wconf 82' lang='lat' dir='ltr'>Equidem,</span> <span class='ocrx_word' id='word_1_327' title='bbox 810 4298 957 4343; x_wconf 88' lang='lat' dir='ltr'>cum</span> <span class='ocrx_word' id='word_1_328' title='bbox 1005 4280 1293 4365; x_wconf 84' lang='lat' dir='ltr'>primum</span> <span class='ocrx_word' id='word_1_329' title='bbox 1344 4276 1682 4356; x_wconf 82' lang='lat' dir='ltr'>Analecta,</span> <span class='ocrx_word' id='word_1_330' title='bbox 1731 4296 1894 4363; x_wconf 90' lang='lat' dir='ltr'>quae</span> <span class='ocrx_word' id='word_1_331' title='bbox 1940 4298 2133 4343; x_wconf 91' lang='lat' dir='ltr'>nemo</span> <span class='ocrx_word' id='word_1_332' title='bbox 2175 4281 2244 4343; x_wconf 91' lang='lat' dir='ltr'>in</span> <span class='ocrx_word' id='word_1_333' title='bbox 2291 4280 2524 4347; x_wconf 87' lang='lat' dir='ltr'>studiis</span> <span class='ocrx_word' id='word_1_334' title='bbox 2569 4281 2697 4347; x_wconf 84' lang='lat' dir='ltr'>Eu-</span> 
     </span>
     <span class='ocr_line' id='line_1_38' title="bbox 300 4382 2696 4474; baseline 0 -21"><span class='ocrx_word' id='word_1_335' title='bbox 300 4385 570 4473; x_wconf 90' lang='lat' dir='ltr'>ripideis</span> <span class='ocrx_word' id='word_1_336' title='bbox 626 4390 924 4451; x_wconf 81' lang='lat' dir='ltr'>versatus</span> <span class='ocrx_word' id='word_1_337' title='bbox 975 4387 1241 4470; x_wconf 91' lang='lat' dir='ltr'>impune</span> <span class='ocrx_word' id='word_1_338' title='bbox 1288 4382 1613 4470; x_wconf 79' lang='lat' dir='ltr'>neglexit,</span> <span class='ocrx_word' id='word_1_339' title='bbox 1662 4383 1878 4471; x_wconf 88' lang='lat' dir='ltr'>legere</span> <span class='ocrx_word' id='word_1_340' title='bbox 1925 4390 1990 4449; x_wconf 89' lang='lat' dir='ltr'>et</span> <span class='ocrx_word' id='word_1_341' title='bbox 2034 4383 2317 4472; x_wconf 89' lang='lat' dir='ltr'>relegere</span> <span class='ocrx_word' id='word_1_342' title='bbox 2363 4390 2577 4474; x_wconf 87' lang='lat' dir='ltr'>coepi,</span> <span class='ocrx_word' id='word_1_343' title='bbox 2626 4392 2696 4454; x_wconf 88' lang='lat' dir='ltr'>in</span> 
     </span>
     <span class='ocr_line' id='line_1_39' title="bbox 306 4487 2694 4585; baseline 0 -26"><span class='ocrx_word' id='word_1_344' title='bbox 306 4515 382 4560; x_wconf 90' lang='lat' dir='ltr'>eo</span> <span class='ocrx_word' id='word_1_345' title='bbox 428 4494 636 4579; x_wconf 85' lang='lat' dir='ltr'>capite</span> <span class='ocrx_word' id='word_1_346' title='bbox 680 4512 806 4577; x_wconf 87' lang='lat' dir='ltr'>quo</span> <span class='ocrx_word' id='word_1_347' title='bbox 854 4492 1076 4578; x_wconf 86' lang='lat' dir='ltr'>agitur</span> <span class='ocrx_word' id='word_1_348' title='bbox 1123 4491 1200 4557; x_wconf 88' lang='lat' dir='ltr'>de</span> <span class='ocrx_word' id='word_1_349' title='bbox 1246 4487 1611 4571; x_wconf 75' lang='lat' dir='ltr'>fabularum</span> <span class='ocrx_word' id='word_1_350' title='bbox 1649 4488 1994 4577; x_wconf 77' lang='lat' dir='ltr'>catalogis,</span> <span class='ocrx_word' id='word_1_351' title='bbox 2035 4489 2112 4557; x_wconf 88' lang='lat' dir='ltr'>de</span> <span class='ocrx_word' id='word_1_352' title='bbox 2151 4489 2387 4559; x_wconf 79' lang='lat' dir='ltr'>fabulis</span> <span class='ocrx_word' id='word_1_353' title='bbox 2427 4496 2694 4585; x_wconf 85' lang='lat' dir='ltr'>spuriis,</span> 
     </span>
    </p>
   </div>
  </div>
 </body>
</html>
