3246 5085
1287 336 1597 387 nonnus.
2509 282 2642 389 425

348 500 429 565 IV
475 501 537 567 4.
574 501 652 567 15
725 501 900 567 Male
947 501 1124 568 dicis.
1176 501 1360 567 Unde
1406 501 1546 569 est?
1595 502 1698 568 dic
1745 501 1932 569 clare.

343 608 548 674 Locus
593 608 927 675 intellectu
978 607 1314 685 difficilior,
1363 612 1657 699 quocirca
1696 608 2026 675 Bentleius
2069 633 2181 697 pro
2226 610 2646 689 „maledicis”

239 715 454 781 dedit:
507 716 718 796 „Quin
767 716 924 780 dicis
973 715 1141 780 unde
1182 722 1282 780 est
1321 716 1553 781 clare'’.
1596 716 1889 782 Donatus
1934 716 2354 795 „Maledicis”
2396 719 2647 805 Mysidi

239 822 470 901 dabat,
537 842 702 908 quae
763 824 852 886 sic
901 824 1093 887 tacite
1139 825 1642 888 comminaretur
1690 821 1889 889 Davo.
1938 823 2148 891 Hodie
2196 831 2365 889 recte
2413 828 2503 890 sic
2547 828 2646 890 in·

235 935 699 1014 terpretantur‚
755 934 828 992 ut-
875 928 1133 1005 Davus,
1183 934 1524 1014 postquam
1571 932 1639 993 in
1689 932 2077 1016 praegressis
2123 931 2443 996 submissa
2492 953 2643 998 voce

235 1033 575 1120 Mysidem
638 1034 1080 1120 reprehendit,
1143 1037 1274 1099 iam
1339 1033 1508 1100 clara
1573 1056 1723 1100 voce
1787 1034 1988 1100 dicat:
2043 1035 2263 1112 „Male
2310 1039 2378 1117 (1.
2408 1059 2463 1103 e.
2513 1060 2642 1103 non

233 1140 458 1224 plane)
498 1140 678 1206 dicis.
724 1138 906 1205 Unde
949 1138 1090 1205 est?
1131 1139 1232 1205 dic
1275 1139 1510 1205 clara”.
1604 1140 2019 1220 Quorundam
2045 1144 2642 1227 interpretationem

237 1245 407 1311 Don.
453 1245 710 1313 rettulit
747 1249 812 1310 in
856 1246 988 1325 (4):
1040 1244 1314 1327 Quidam
1363 1253 1594 1333 putant
1640 1269 1776 1313 esse
1826 1269 2023 1313 unam
2072 1270 2430 1334 personam,
2472 1249 2643 1316 Davi

241 1352 527 1431 scilicet,
577 1353 823 1418 dictum
871 1355 1168 1437 superius
1209 1353 1487 1439 Mysidis
1526 1359 1648 1431 (vs.
1692 1352 1819 1435 13),
1862 1374 1991 1418 non
2030 1357 2185 1419 satis
2226 1355 2640 1422 manifestum

241 1456 548 1536 Chremi,
593 1462 660 1523 in
710 1458 1040 1523 maledicti
1087 1457 1584 1523 similitudinem
1635 1458 2004 1524 derivantis.
2102 1458 2191 1523 Hi
2228 1462 2437 1546 igitur
2477 1468 2644 1526 recte

241 1568 461 1629 omnia
522 1564 700 1630 Davo
765 1564 1019 1641 dabant,
1069 1563 1177 1629 sed
1230 1586 1559 1650 perperam
1615 1564 2118 1641 „maledictum”
2168 1564 2643 1651 intelligebant.

237 1670 454 1736 Sicine
506 1668 750 1754 Asper?
799 1670 976 1735 Iusta
1025 1672 1468 1756 interpretatio
1515 1671 1845 1736 veteribus
1895 1692 2023 1735 non
2073 1674 2453 1756 comparuit.

336 1837 422 1903 IV
465 1838 526 1901 5.
558 1838 639 1902 13
710 1838 1120 1923 „Numquam
1161 1839 1288 1903 huc
1329 1837 1693 1903 tetulissem
1736 1838 2007 1923 pedem’'
2047 1837 2375 1925 Vergilius
2410 1861 2639 1917 „mene

240 1944 460 2010 efferre
529 1944 797 2029 pedem’'
869 1949 1041 2022 cett„
1114 1952 1179 2009 et
1252 1945 1454 2021 „ferte
1519 1944 1711 2009 simul
1778 1945 2083 2030 faunique
2150 1945 2421 2031 pedem”
2485 1953 2636 2011 cett.

240 2052 434 2128 (Aen.
482 2049 545 2115 II
595 2047 746 2115 657.
814 2048 972 2115 Geo,
1022 2049 1052 2114 I
1103 2049 1234 2130 11),
1302 2050 1410 2115 0011
1459 2052 1667 2115 critici
1714 2049 2021 2116 adnotant
2069 2050 2265 2116 altius
2315 2072 2448 2116 esse
2496 2052 2639 2117 cha-

241 2162 486 2221 ractere
533 2158 774 2221 comico
829 2155 1228 2234 „tetulissem
1275 2156 1571 2242 pedem''.

336 2259 606 2328 Criticos
645 2261 943 2327 Wessn.
983 2260 1395 2347 probabiliter
1419 2260 1701 2326 Probum
1728 2262 2011 2346 Asprum
2036 2262 2477 2351 intellegit'(p.
2500 2262 2635 2344 32).

336 2413 387 2478 V
441 2414 502 2479 3.
531 2415 571 2478 4
620 2416 743 2479 Ain
795 2414 1050 2480 tandem

335 2520 429 2603 (1)
491 2520 753 2601 Quaerit
814 2520 1064 2586 Probus
1133 2519 1322 2598 „ain”
1375 2540 1534 2606 quae
1584 2541 1728 2607 pars
1778 2523 2083 2588 orationis
2134 2524 2220 2588 sit
2267 2528 2331 2589 et
2380 2544 2458 2588 an
2510 2542 2639 2587 una

236 2631 344 2693 sit.
409 2628 526 2692 Est
588 2633 807 2693 autem
875 2629 1064 2705 „ain”
1131 2630 1312 2712 quasi
1378 2631 1637 2692 aisne.
1733 2627 2037 2693 Wessn.
2104 2651 2167 2714 p.
2226 2629 2305 2694 19
2349 2651 2441 2714 sq.
2508 2629 2636 2693 huc

239 2734 514 2800 contulit
559 2733 849 2800 Suetonii
897 2735 1094 2801 verba
1141 2712 1244 2812 (R'.
1294 2755 1356 2819 p.
1413 2733 1569 2815 118)
1621 2737 1861 2812 ,,11111110
1909 2756 2112 2820 pauca
2162 2740 2227 2800 et
2271 2737 2509 2822 exigua
2557 2735 2635 2800 de

239 2840 624 2926 quibusdam
675 2842 946 2905 minutis
991 2838 1498 2926 quaestiunculis
1547 2840 1812 2905 edidit''.

333 2946 405 3012 V.
473 2946 532 3012 4.
560 2946 647 3012 25
721 2944 838 3014 Cr.
901 2947 1151 3013 Nomen
1208 2951 1342 3010 tam
1406 2948 1532 3010 cito
1597 2947 1717 3010 tibi
1980 2946 2106 3011 Pa.
2172 2945 2379 3026 Hem,
2444 2949 2628 3032 perii.

242 3053 359 3121 Cr.
411 3051 649 3118 Verum
700 3052 910 3118 hercle
957 3055 1180 3138 opinor
1225 3051 1424 3117 fuisse
1472 3052 1790 3116 Phaniam

327 3161 619 3225 Editores
679 3162 943 3244 signum
1003 3159 1525 3244 interrogationis
1573 3164 1824 3243 ponunt
1870 3169 2015 3245 post
2064 3159 2293 3236 ‚,tibi’'.
2346 3157 2471 3223 Sed
2518 3179 2633 3223 cur

241 3265 416 3332 Crito
465 3266 584 3330 hoc
633 3270 821 3353 roget
865 3285 986 3329 non
1038 3264 1336 3349 equidem
1387 3265 1731 3349 perspicio:
1782 3262 1948 3328 nihil
1994 3263 2296 3349 estquod
2337 3265 2632 3340 miretur,

241 3370 654 3439 Chremetem
713 3373 844 3436 iam
893 3392 1059 3435 nunc
1105 3374 1358 3436 nomen'
1387 3391 1708 3455 quaerere.
1760 3369 1899 3456 Ego
1949 3373 2337 3436 sententiam
2384 3365 2683 3455 explico*

239 3501 350 3564 per
415 3480 852 3567 aposiopesin,
915 3476 1222 3563 supplens
1285 3479 1670 3564 cogitatione
1737 3475 1985 3553 „dicere
2032 3477 2354 3561 nequeo’';
2404 3497 2635 3562 nempe

241 3587 410 3663 seni,
461 3591 536 3648 ut
582 3584 689 3661 fit,
738 3585 859 3649 hoc
907 3586 1046 3668 ipso
1089 3586 1402 3669 temporis
1449 3589 1779 3649 momento
1826 3604 2063 3648 nomen
2110 3583 2347 3648 excidit
2397 3603 2637 3648 memo-

241 3801 524 3884 resurgit
585 3799 644 3862 ei
709 3799 1020 3861 memoria
1080 3795 1290 3861 adhuc
1352 3794 1585 3861 leviter
1650 3796 2004 3861 dubitanti:
2072 3795 2355 3873 „Verum
2417 3795 2631 3862 hercle

242 3906 466 3988 opinor
508 3903 706 3967 fuisse
754 3901 1138 3967 Phaniam''.

330 4009 427 4091 (3)
490 4008 748 4086 „Hem”
799 4015 950 4072 sunt
995 4010 1107 4092 qui
1156 4013 1386 4092 putent
1433 4007 1761 4073 Simonem
1814 4007 2020 4072 dicere
2065 4011 2443 4073 irascentem
2492 4006 2627 4073 filio

238 4113 568 4182 Critonem
605 4115 1030 4179 submonenti.
1124 4114 1296 4199 Ergo
1337 4115 1404 4178 hi
1446 4117 1534 4179 sic
1576 4115 2095 4200 distinguebant:
2148 4113 2381 4181 Crito
2420 4112 2629 4180 Hem!

237 4223 363 4287 Pa.
429 4221 621 4287 Perii.
703 4220 916 4286 Sicine
989 4220 1237 4286 Probus
1312 4218 1556 4306 Asper?
1642 4221 2097 4287 Bentleius
2167 4221 2284 4287 hoc
2354 4222 2631 4307 probans

239 4331 630 4415 transposuit
695 4327 860 4404 „Pa.
923 4327 1190 4392 Phania.
1257 4325 1376 4395 Cr.
1426 4326 1635 4406 Hem,
1682 4328 1891 4414 perii'’
1954 4330 2152 4395 eiecto
2204 4329 2433 4406 „tibi''.
2505 4328 2631 4396 Sed

238 4456 426 4502 nemo
471 4455 622 4500 eum
669 4435 978 4518 sequitur.
