3246 5085
580 318 711 385 194
1623 339 1933 389 nonnus.

569 501 1000 568 adulescentia
1048 504 1239 570 bonos
1298 503 1687 572 insultavit’'
1722 507 1788 586 ¹).
1906 506 2013 572 Sic
2076 505 2259 584 Don.,
2308 507 2409 573 ΙΡ
2455 507 2577 573 hoc
2622 505 2970 592 ampliavit

567 611 638 673 in
683 607 814 690 (3):
879 609 1052 676 Mira
1097 610 1457 697 loquentia,
1503 615 1570 678 in
1621 635 1747 698 qua
1790 618 2065 700 utraque
2117 614 2429 693 ὑπερβολή
2479 616 2977 701 expressissima

567 720 698 794 est3
748 737 898 781 nam
947 737 1150 803 neque
1201 739 1371 796 „uno
1419 719 1744 806 digitulo”
1786 722 2003 785 minus
2040 718 2287 806 aliquid
2328 721 2454 786 dici
2496 727 2711 806 potest
2752 742 2973 807 neque

571 843 668 900 „c.
718 844 766 888 s.
814 823 981 889 ins.”
1030 830 1145 889 aut
1189 823 1472 910 amplius
1518 832 1634 890 aut
1680 828 2036 912 ingentius.
2694 827 2762 892 S.
2810 849 2866 894 c.

658 927 818 994 Ibid.
870 927 954 994 57
1019 931 1191 996 Mira
1235 952 1387 997 vero
1435 931 1635 1000 militi
1684 953 1843 1018 quae
1891 933 2182 1019 placeant
2241 947 2245 952 '

657 1033 818 1102 Don.
885 1036 983 1118 (2)
1047 1037 1305 1116 „Mira”
1370 1061 1485 1125 pro
1532 1043 1815 1120 mirum,
1870 1040 2055 1127 Verg.
2106 1039 2163 1122 (I
2213 1039 2373 1122 669)
2423 1047 2613 1120 „nota
2662 1043 2849 1120 tibi”,
2900 1049 2975 1108 et

565 1148 663 1207 est
708 1144 946 1219 ironia,
996 1150 1147 1210 cett.
1225 1145 1325 1210 IP
1372 1144 1470 1227 (3)
1518 1147 1741 1213 Potest
1788 1153 2001 1213 tamen
2049 1153 2115 1213 et
2162 1146 2501 1234 pluraliter
2544 1148 2867 1236 intellegi.

564 1247 706 1314 Hoc
752 1249 1016 1333 quidem
1060 1251 1140 1316 D.
1189 1273 1313 1316 non
1361 1255 1647 1340 negavit.
2696 1255 2761 1320 S.
2810 1276 2868 1320 c.

651 1492 714 1557 ΙΙ
763 1491 890 1558 3.1
941 1492 1039 1576 (3)
1090 1493 1393 1572 „Occidi”
1444 1487 1685 1582 produc
1732 1497 2015 1562 mediam
2062 1497 2382 1585 syllabam
2431 1499 2627 1564 huius
2670 1500 2851 1564 verbi
2893 1505 2973 1565 et

562 1603 954 1665 contrarium
1016 1601 1357 1687 significat.
1543 1603 1889 1669 Adnotatio
1954 1603 2336 1669 scholastica
2398 1625 2434 1669 a
2482 1603 2729 1671 Donato
2779 1606 2977 1671 abiu-

562 1705 848 1772 dicanda.
896 1706 1130 1772 Sabb.
1179 1711 1580 1795 comparavit
1626 1709 1819 1776 Probi
1868 1709 2285 1796 appendicem
2332 1709 2417 1776 IV
2464 1733 2527 1797 p.
2575 1709 2728 1776 203.
2758 1710 2868 1776 33.

652 1811 814 1878 Ibid.
866 1812 908 1878 8
970 1815 1096 1880 Hic
1141 1836 1292 1881 vero
1339 1822 1437 1881 est
1484 1817 1596 1901 qui
1642 1819 1699 1881 si
1747 1819 2059 1902 occeperit

651 1921 749 2000 (1)
811 1919 1051 1985 Utrum
1113 1943 1304 1986 senex
1365 1943 1444 1987 an
1510 1919 1831 1988 Chaerea?
1879 1925 1987 1989 sed
2038 1945 2227 1989 senex
2276 1926 2512 2011 potius.
2584 1923 2681 2004 (2)
2727 1923 2971 1990 Senex.

559 2025 657 2106 (3)
704 2025 1005 2093 Chaerea.
1145 2029 1372 2093 Omnis
1435 2027 1755 2094 dubitatio
1818 2029 2078 2095 exclusa
2140 2034 2270 2107 est,
2321 2033 2475 2116 quin
2524 2032 2608 2095 sit
2656 2029 2971 2097 Chaerea.

563 2132 796 2198 Sabb.
871 2132 1118 2200 Donato
1183 2141 1401 2200 tamen
1465 2135 1640 2200 dedit
1702 2135 1820 2216 (l),
1884 2139 1997 2202 vix
2054 2141 2256 2213 recte;
2324 2135 2574 2222 reliqua
2634 2134 2973 2202 inclinatis

565 2239 804 2304 litteris
849 2239 1070 2305 edidit.

657 2344 819 2410 Ibid.
871 2346 957 2411 10
1041 2345 1276 2414 Praeut
1321 2348 1518 2413 huius
1563 2349 1771 2413 rabies
1818 2369 1976 2434 quae
2024 2347 2201 2413 dabit

657 2451 756 2532 (4)
817 2449 943 2517 Hic
1004 2474 1081 2517 ex
1142 2451 1873 2538 parte'xoepamnpmudc
1921 2453 2077 2535 (vid.
2123 2475 2185 2519 v.
2235 2452 2312 2536 l.)
2360 2455 2625 2539 quidam
2672 2462 2769 2520 est
2815 2476 2969 2540 per-

565 2578 753 2625 sonae
792 2556 1139 2639 Chaereae,
1181 2582 1374 2646 quem
1418 2562 1705 2627 moribus
1743 2562 1977 2627 conicit
2015 2582 2239 2626 servus
2276 2562 2703 2626 ardentiorem
2736 2580 2964 2628 amore

564 2664 702 2731 fieri
745 2686 961 2752 posse,
1003 2667 1198 2733 simul
1237 2672 1514 2754 coeperit
1543 2666 1614 2747 2).
1764 2666 2238 2754 Compendium
2278 2668 2690 2734 liberrimum
2724 2668 2969 2735 scholii

564 2770 952 2857 amplissimi
1013 2772 1183 2858 quod
1231 2776 1524 2859 sequitur
1571 2772 1847 2840 Donati:
1920 2773 2016 2855 (5)
2064 2774 2190 2839 Hic
2238 2774 2597 2840 ostenditur
2640 2775 2773 2839 iam
2820 2775 2961 2859 pri-

565 2878 712 2944 dem
774 2887 992 2945 motus
1052 2883 1121 2944 in
1183 2901 1282 2946 res
1345 2883 1635 2947 venerias
1697 2878 2015 2959 Chaerea,
2080 2901 2134 2947 e.
2161 2903 2221 2967 q.
2249 2903 2298 2946 s.
2482 2881 2574 2946 Ut
2620 2882 2738 2946 hoc
2783 2887 2965 2946 recte

564 2988 941 3071 proscripsit
987 2985 1243 3065 Sabb„
1288 2989 1383 3051 ita
1429 2988 1490 3052 ei
1535 3009 1663 3053 non
1706 2990 2016 3053 assentior
2062 2988 2139 3053 de
2188 2987 2283 3068 (3)
2330 2993 2394 3052 et
2440 2988 2663 3053 dubito
2712 2988 2787 3053 de
2834 2988 2967 3069 (2).

655 3091 819 3157 Ibid.
872 3092 951 3157 11
1018 3091 1102 3157 Di
1149 3093 1428 3180 deaeque
1477 3116 1697 3160 omnes
1742 3097 1993 3159 senium
2042 3094 2311 3181 perdant

655 3196 755 3277 (2)
823 3195 981 3262 Plus
1051 3197 1214 3263 dixit
1279 3199 1620 3277 „senium”
1684 3221 1879 3285 quam
1944 3199 2270 3280 „senem’',
2332 3222 2449 3266 nec
2513 3200 2766 3265 mireris
2814 3204 2967 3285 post

567 3302 908 3382 „senium”
958 3304 1156 3389 „qui”
1207 3305 1533 3385 additum,
1584 3327 1707 3372 non
1762 3308 2039 3392 „quod'',
2086 3306 2230 3372 ideo
2272 3309 2425 3392 quia
2465 3306 2961 3372 declinationem

564 3408 643 3475 ad
703 3406 1107 3475 intellectum
1168 3411 1455 3489 rettulit,
1520 3417 1596 3477 ut
1657 3411 1813 3477 alibi
1878 3416 1984 3491 „in
2050 3412 2434 3477 Eunuchum
2486 3412 2715 3477 suam”
2763 3410 2961 3497 (prol.

568 3514 703 3597 32).
752 3554 838 3565 --
887 3515 983 3598 (3)
1027 3514 1114 3582 Et
1159 3538 1406 3584 senex
1451 3519 1530 3584 ad
1579 3524 1859 3585 aetatem
1909 3519 2200 3597 refertur,
2248 3522 2571 3585 senium
2618 3519 2696 3584 ad
2744 3522 2963 3585 convi-

633 3826 689 3890 1)
740 3825 886 3875 Hunc
934 3823 1251 3874 Sallusti
1301 3823 1462 3873 locum
1513 3826 1759 3874 Donatum
1806 3823 1899 3873 iam
1942 3824 2215 3889 cognovisse
2262 3826 2519 3888 antequam
2568 3824 2626 3872 ad
2672 3822 2960 3875 Terentium

562 3922 733 3957 mann·
779 3907 1028 3958 adhiberet
1073 3911 1272 3973 apparet
1317 3922 1373 3956 ex
1418 3906 1631 3956 eiusdem
1664 3906 1895 3957 citatione
1925 3908 2050 3972 apud
2084 3908 2217 3957 Serv.
2252 3906 2313 3956 ad
2351 3909 2467 3956 Aen.
2502 3905 2573 3955 IX
2610 3906 2729 3964 ⁶31,
2760 3905 2803 3955 X
2838 3906 2963 3965 ⁶48,

563 3990 691 4054 quod
742 4004 910 4038 moneo
956 3992 1152 4055 propter
1201 4004 1257 4038 ea
1307 4004 1428 4054 quae
1478 3990 1887 4039 Wessnernn
1932 3988 2199 4054 suspicatur
2246 3989 2304 4037 de
2352 3993 2573 4054 Aspre
2609 3986 2789 4035 Donati
2824 3986 2965 4037 fonte
3012 4036 3026 4043 ,

561 4070 710 4121 etiam
739 4070 790 4120 in
824 4070 984 4121 citatis
1017 4070 1322 4121 Sallustianis
1357 4072 1519 4137 (Aem.
1556 4074 1726 4138 Asper,
1761 4071 1839 4121 ein
1876 4070 2075 4136 Beitrug
2109 4086 2149 4121 z.
2185 4074 2305 4121 rom.
2331 4070 2427 4119 litt.
2458 4068 2613 4133 gach.
2647 4068 2794 4117 Helle
2826 4068 2965 4118 1905

562 4170 611 4219 1).
649 4154 713 4203 89
749 4151 903 4215 alibi).

631 4235 685 4297 2)
730 4237 892 4285 Genus
937 4234 1121 4286 dicendi
1165 4236 1419 4287 obscurum
1467 4252 1671 4302 vagum,
1718 4234 2009 4286 salebrosu-
2027 4274 2040 4295 ,
2074 4250 2309 4299 nusquam
2344 4234 2445 4283 fere
2470 4233 2813 4293 demonstravi,
2848 4246 2968 4285 cnm·

563 4320 750 4368 attento
796 4317 964 4368 lectori
1006 4318 1058 4368 in
1103 4318 1264 4368 oculos
1300 4320 1458 4379 saliat,
1493 4319 1645 4369 veluti
1692 4318 1793 4369 h.l.
1830 4318 1958 4383 Quid
1997 4315 2085 4366 sibi
2121 4317 2243 4367 vult.
2282 4331 2366 4364 ‚ex
2400 4312 2574 4379 ραι-ω’
2609 4319 2658 4365 et
2699 4315 2969 4379 ‚qnidam'’

561 4404 610 4449 et
642 4399 782 4450 ablat.
825 4400 1135 4451 ‚moribuz·’?
1171 4402 1235 4451 Et
1268 4418 1414 4467 quam
1449 4402 1603 4452 debile
1640 4405 1711 4451 est
1748 4400 2101 4451 ‚ardentiorem
2137 4415 2300 4449 amore
2337 4398 2439 4448 ficri
2476 4396 2642 4463 posse”
2678 4398 2738 4447 de
2774 4398 2971 4448 adnles-

561 4486 698 4533 cente
731 4483 782 4533 in
819 4499 892 4533 res
924 4484 1140 4534 venerias
1172 4484 1403 4534 irruente.
