3246 5085
659 328 791 394 388
1517 347 2165 396 onsnnvxrmnounsn

654 511 927 598 denique
985 516 1052 577 et
1111 514 1246 577 sine
1307 512 1689 599 ambagibus
1752 514 2007 599 probari
2072 534 2255 597 posse
2316 518 2536 577 contra
2599 534 2720 577 non
2769 510 3076 577 vindica—

651 620 824 683 visse
885 616 1280 683 solemnibus
1342 618 1554 683 verbis
1621 641 1750 696 „ex
1800 622 1979 683 iure
2031 617 2519 700 Quiritium”
2568 618 3069 692 adversarium,

650 728 985 810 propterea
1045 724 1214 809 quod
1277 745 1427 789 eum
1492 731 1637 809 post
1698 725 2197 791 vindicationem
2261 730 2438 791 actor
2497 728 2588 790 sic
2650 726 3067 809 interroget:

641 830 972 913 postulo
1059 853 1260 893 anne
1341 831 1572 894 dicae
1659 854 1805 916 qua
1892 855 1979 896 ex
2050 854 2289 895 cauea
2356 831 2930 897 vindicaveris
2992 827 3066 909 ¹).

651 936 1057 1022 Respondeo‚
1108 935 1186 1001 ad
1235 939 1556 1022 primum:
1605 936 1789 1002 litem
1836 940 2289 1024 imaginariam
2330 937 2409 1003 ad
2445 936 2818 1022 exemplum
2857 955 3072 1003 verae

649 1042 787 1108 litis
851 1064 985 1107 esse
1047 1045 1468 1129 compositam
1495 1043 1568 1123 ²),
1632 1043 1891 1128 proinde
1954 1064 2031 1109 ex
2088 1046 2474 1129 imaginaria
2518 1050 2687 1108 recte
2732 1045 3074 1108 coniectu·

651 1169 788 1213 ram
878 1150 1021 1233 capi
1098 1148 1175 1213 de
1245 1169 1398 1215 vera
1465 1147 1618 1229 lite;
1691 1149 1771 1213 ad
1841 1139 2155 1214 alterum:
2227 1170 2351 1215 non
2418 1147 2707 1215 multum
2775 1148 3063 1225 referre,

651 1258 858 1319 taceat
918 1256 1062 1338 quis
1081 1303 1098 1332 ,
1160 1274 1238 1318 an
1304 1255 1388 1317 ad
1443 1254 1873 1336 interroqatum
1918 1276 2041 1320 non
2093 1254 2464 1341 respondeat
2509 1254 2615 1321 vel
2662 1255 2907 1319 obscure
2959 1274 3062 1317 re-

646 1360 953 1447 spondeat
980 1358 1064 1441 3);
1115 1360 1194 1425 ad
1243 1363 1548 1426 tertium:
1592 1360 1759 1448 quod
1800 1382 1927 1426 una
1966 1361 2079 1427 fiat
2120 1368 2517 1427 sacramento
2557 1362 2935 1447 provocatio
2976 1378 3058 1424 ex

647 1472 880 1533 mutua
929 1466 1393 1546 vindicatione,
1437 1488 1620 1553 posse
1661 1466 2003 1553 explicari,
2044 1467 2237 1534 modo
2277 1469 2421 1552 quis
2460 1472 2681 1533 sumat
2714 1466 3062 1552 aliquanto

647 1580 793 1660 post
837 1571 1003 1659 legis
1049 1575 1366 1639 actionem
1415 1575 1627 1660 ipsam
1672 1577 2097 1659 compositam
2145 1574 2503 1640 adhaesisse
2550 1576 2610 1639 ei
2647 1579 3058 1639 sacramento

647 1680 1164 1764 provocationem
1205 1677 1278 1759 ⁴),
1349 1682 1416 1743 in
1486 1700 1614 1765 qua
1677 1681 2025 1747 verborum
2088 1679 2543 1767 principalium
2606 1682 2770 1746 ratio
2824 1679 3061 1744 habita

645 1784 950 1871 religiose
1021 1807 1147 1850 non
1219 1786 1340 1864 sit;
1413 1785 1492 1851 ad
1553 1792 1896 1872 quartum:
1970 1807 2505 1873 supervacaneam
2574 1785 2837 1871 quidem
2908 1804 3057 1849 esse

650 1890 1152 1977 postulationem
1197 1914 1399 1955 anne
1443 1892 1678 1956 dicae
1723 1916 1873 1978 qua
1919 1916 2007 1956 ea·
2054 1916 2295 1959 eausa
2342 1892 2941 1969 vindicaveris,
2997 1894 3054 1955 si

651 2000 833 2083 prius
879 1996 1132 2071 ,dixerit
1175 2018 1324 2063 reus
1371 2020 1458 2061 ea:
1505 1999 1688 2085 ipre
1743 2000 2185 2081 Quiritium
2233 2024 2463 2063 meum
2508 2021 2673 2063 esee
2718 1998 2885 2075 aio,
2936 1996 3053 2061 sed

652 2104 912 2191 perinde
951 2124 1488 2190 supervacaneam
1527 2105 1878 2171 adversarii
1918 2109 2392 2193 responsionem
2436 2106 2462 2168 i
2476 2128 2562 2169 us
2594 2105 2783 2189 feci
2825 2103 3053 2167 sieut

650 2210 1103 2275 vindictam
1163 2210 1543 2294 imposui,
1609 2214 1747 2277 sive
1808 2214 1952 2297 quis
2018 2218 2324 2298 sequatur
2373 2214 2737 2297 opinionem
2786 2208 3047 2295 Aloysii

651 2315 842 2381 Brinz
869 2315 943 2396 5),
991 2316 1430 2381 adversarium
1475 2320 1556 2382 iis
1601 2317 1997 2404 significare,
2048 2340 2173 2383 non
2211 2320 2449 2383 iniuria
2487 2338 2553 2383 se
2597 2316 3043 2391 vindicavisse,

650 2422 820 2508 quod
883 2423 1040 2508 quid
1101 2426 1334 2489 attinet
1393 2424 1625 2501 dicere,
1688 2444 1890 2510 quum
1930 2424 2233 2489 ‘nondum
2298 2426 2383 2489 sit
2442 2424 2685 2489 iniuria
2758 2423 3042 2499 obiecta;

651 2530 789 2594 sive
849 2531 953 2594 cui
1017 2528 1264 2613 placeat
1325 2532 1542 2618 opinio
1600 2533 1806 2617 ipsius
1854 2530 2144 2617 Philippi
2189 2529 2455 2597 Lotmar
2480 2530 2553 2610 ⁰),
2598 2531 2811 2594 iterum
2838 2526 2889 2609 τ)
2939 2528 3044 2593 his

650 2635 862 2702 verbis
901 2635 1261 2721 significare
1287 2637 1758 2714 adversarium,
1786 2637 2157 2704 contendere
2182 2659 2249 2703 se
2274 2657 2470 2723 quam
2496 2636 2715 2702 cedere
2732 2619 2939 2701 'malle
2966 2633 3041 2715 ⁸).

652 2741 860 2828 ErgO,
923 2745 1074 2827 quia
1135 2748 1408 2828 utroque
1472 2744 1660 2809 modo
1722 2746 2143 2830 interrogatio
2178 2743 2514 2826 postulo
2563 2765 2763 2806 anne
2808 2741 3040 2805 dicas

648 2870 814 2916 vana
879 2855 1008 2926 est,
1071 2853 1175 2915 cui
1236 2849 1480 2916 scilicet
1525 2871 1779 2936 semper
1826 2851 2311 2937 respondebitur
2356 2849 2632 2928 lusorie,
2682 2849 2861 2925 ideO,
2914 2867 3040 2932 quo

719 3077 772 3140 1)
807 3076 903 3125 Zur
934 3076 1052 3141 legis
1086 3075 1211 3125 actio
1253 3091 1299 3141 p.
1337 3077 1450 3125 148.

715 3158 772 3214 2)
811 3157 912 3207 Hoc
947 3173 1004 3208 ne
1039 3158 1237 3207 Lotmar
1269 3158 1462 3222 quidem
1495 3174 1668 3222 negure
1700 3161 1843 3210 audet
1877 3163 1985 3222 (sur
2017 3160 2135 3224 legi·
2167 3160 2290 3210 actio
2327 3176 2372 3225 p.
2411 3161 2469 3209 81
2509 3159 2647 3225 ima).

718 3239 1287 3303 3)cf.1.1155,§7
1328 3242 1382 3289 ῐ).
1426 3242 1569 3290 11.1.

715 3323 773 3385 4)
821 3323 1017 3371 Sumere
1069 3322 1159 3370 hoe
1207 3322 1399 3371 videtur
1443 3323 1544 3388 ipse
1588 3324 1802 3383 Lotmar,
1848 3342 1936 3374 eur
1982 3325 2100 3389 legis
2143 3326 2285 3385 actio,
2316 3341 2361 3390 p.
2401 3325 2493 3375 812
2534 3322 2671 3388 ae(die
2702 3325 3039 3388 Zwb‘lftafeln)

645 3408 829 3453 eetslen
873 3405 964 3453 den
1007 3403 1192 3468 Betraq
1236 3405 1319 3453 des
1361 3409 1712 3456 sacramentum
1742 3407 1872 3470 sest,
1910 3443 1923 3456 .
1942 3445 1952 3456 .
1981 3445 1991 3456 .
2030 3409 2131 3456 und
2160 3409 2225 3456 da
2262 3443 2275 3457 .
2296 3445 2307 3457 .
2330 3446 2340 3457 .
2374 3407 2513 3456 nicht
2546 3406 2777 3456 baricktet
2810 3405 2893 3464 ist,
2931 3408 3043 3455 dass

645 3486 714 3535 eis
757 3485 879 3534 atach
927 3483 1006 3534 die
1049 3486 1332 3535 sacrementi
1368 3486 1493 3535 actio
1524 3488 1801 3552 einqefiibrt
1837 3489 2003 3547 haben,
2034 3504 2086 3538 eo
2118 3490 2246 3538 kann
2281 3505 2389 3538 man
2424 3490 2513 3538 das
2542 3526 2553 3538 .
2576 3524 2589 3538 .
2608 3525 2621 3539 .
2650 3494 2989 3552 argumentum
3016 3503 3040 3535 e

647 3567 839 3617 silentio
885 3569 1178 3618 anwendend
1221 3584 1378 3632 cayeu,
1425 3570 1537 3618 class
1580 3571 1651 3619 eie
1682 3571 1781 3635 ffir-
1827 3569 1905 3620 die
1938 3571 2110 3620 bercia
2141 3571 2193 3619 in
2238 3571 2426 3634 Uebunq
2460 3570 2741 3636 befindliche
2772 3570 2899 3618 actio
2918 3571 3039 3633 jesue

649 3651 974 3715 Bestimmunq
1015 3651 1214 3716 qeqeben
1250 3650 1449 3700 haben'ffi
1483 3652 1586 3701 Etsi
1620 3669 1717 3702 non
1754 3653 1869 3702 satis
1904 3650 2146 3719 exprimit,
2182 3657 2343 3703 utrum
2380 3653 2685 3702 Decemviros
2718 3653 3036 3702 introduxisse

645 3748 706 3782 an
751 3735 984 3782 taxavisse
1031 3739 1382 3782 sacramentum
1434 3739 1586 3798 putet.
1630 3764 1679 3772 —
1728 3735 1877 3784 Docet
1910 3736 2023 3784 alibi
2059 3742 2164 3794 (sur
2198 3737 2314 3800 legis
2351 3737 2474 3785 actio
2509 3752 2552 3800 p.
2594 3736 2725 3797 120),
2757 3735 2861 3799 ipsa
2894 3735 3035 3784 verba

643 3817 973 3865 secundum
1007 3832 1176 3865 suam
1210 3833 1453 3865 causam
1489 3817 1634 3866 initio
1668 3833 1696 3866 a
1734 3817 1849 3881 legis
1886 3819 2071 3868 actione
2109 3818 2249 3866 fuisse
2284 3817 2456 3867 eliens.

715 3897 771 3960 Β)
807 3898 1034 3962 Festqabe
1053 3899 1157 3961 st'c‘r
1191 3914 1275 3946 von
1309 3899 1506 3962 ὅμηροι
1537 3899 1708 3960 (1877)
1744 3916 1789 3964 p.
1829 3898 1999 3957 10718.

716 3979 769 4040 6)
806 3981 904 4028 Zur
937 3979 1054 4043 legis
1089 3980 1213 4029 actio
1249 3996 1295 4044 p.
1336 3981 1446 4030 141.

711 4059 767 4123 7)
803 4063 900 4109 Zur
932 4061 1049 4124 legis
1081 4062 1205 4111 actio
1242 4079 1287 4127 p.
1319 4065 1413 4112 442
1459 4063 1639 4124 ·(dase)
1674 4065 1760 4112 der
1796 4063 2033 4128 Beklaqte
2065 4063 2199 4112 nieht
2231 4064 2334 4112 dem
2365 4063 2544 4128 Kliiqer
2570 4063 2774 4113 michem
2799 4062 2915 4122 witz,
2948 4063 3038 4113 hat

643 4157 697 4192 er
733 4181 744 4192 .
764 4179 776 4191 .
799 4179 810 4191 .
836 4143 1112 4208 jedensalh
1149 4181 1160 4193 .
1181 4181 1192 4192 .
1216 4182 1226 4192 .
1262 4145 1480 4194 dadureh
1526 4145 1764 4210 (μετείῃ),
1809 4147 1921 4195 dass
1964 4161 2017 4195 er
2060 4147 2147 4195 der
2184 4147 2363 4196 Gewalt
2398 4146 2485 4194 mit
2522 4146 2705 4196 Gemalt
2737 4150 3041 4210 entqeqenqe·

647 4227 805 4274 treten
839 4225 958 4274 ἐπ”.
2228 4274 2237 4282 ,

714 4306 771 4370 8,)
825 4308 937 4356 -der
982 4306 1222 4371 Beklaqte
1261 4345 1304 4357 ..
1328 4346 1339 4358 .
1373 4311 1562 4359 erkliirt
1606 4307 1728 4359 nui.-
1765 4345 1777 4359 .
1800 4346 1811 4357 .
1832 4345 1845 4359 .
1880 4309 1957 4358 ich
1992 4309 2109 4358 babo
2142 4309 2299 4358 Recbt
2324 4308 2558 4373 qethan'&
2606 4309 2731 4372 Ergo
2765 4308 2905 4357 docet
2938 4307 3037 4373 ipse

645 4387 842 4436 Lotmar
889 4389 1192 4452 responsione
1226 4391 1485 4440 adversarii
1523 4392 1581 4439 ud
1619 4390 1796 4440 actoris
1832 4390 2202 4456 postulationem
2238 4390 2362 4440 nihil
2395 4391 2655 4455 quidquam
2691 4389 2860 4454 profici
2897 4388 3041 4457 (·(er)

645 4471 758 4520 thul
791 4469 888 4518 ihm
923 4471 1090 4520 keinen
1125 4472 1312 4522 Schrilt
1340 4472 1639 4537 entqeyeffl).
