3246 5085
633 295 720 360 56
1640 313 2015 363 mummi.

736 476 808 545 G.
865 475 974 542 18.
1001 476 1062 542 4.
1135 479 1304 542 crede
1370 498 1494 541 esse
1561 477 1974 542 universitatis
2040 477 2335 543 dominum
2383 485 2808 564 parentemque
2864 477 3037 560 ipsi-3

634 584 934 648 sideribus
981 590 1037 646 et
1083 583 1267 647 cotim
1313 585 1519 647 mundi
1552 585 1835 665 partibus
1866 585 2291 666 pulchriorem.
2420 623 2423 626 ⁴

723 690 851 755 Pro
913 689 1098 754 totius
1162 691 1442 775 corrigas
1489 689 1690 755 velim
1739 690 1913 766 cotie,
1963 691 2130 774 quod
2176 689 2555 755 iamdudum
2603 689 2880 755 editores
2924 711 3029 754 re—

634 797 950 880 posituros
1011 795 1208 859 fuisse
1268 794 1452 859 credo
1515 797 1570 858 si
1632 797 2071 860 meminissent
2133 795 2501 859 Minucium
2560 794 2715 860 alibi
2758 815 3027 880 quoque

574 925 598 950 ν
635 901 746 964 toti
806 920 920 985 pro
982 921 1174 963 omues
1222 902 1538 984 posuisse,
1590 898 1759 984 quod
1808 920 1993 985 saepe
2040 901 2326 965 fecerunt
2370 907 2591 984 poetae
2637 903 3027 985 posteriores

633 1012 795 1072 teste
857 1004 1080 1070 Servio
1140 1005 1218 1070 ad
1280 1005 1436 1070 Aen.
1499 1005 1550 1070 Ι.
1608 1003 1758 1069 185.
1827 1005 1925 1071 Of.
1990 1003 2061 1071 G.
2114 1005 2371 1070 21.12:
2438 1012 2763 1082 „ceterum
2816 1007 2875 1069 si
2922 1005 3024 1069 dii

633 1131 844 1177 creare
903 1115 1192 1196 possent,
1256 1112 1517 1176 interire
1575 1131 1703 1175 non
1764 1116 2053 1196 possent,
2117 1110 2332 1195 plures
2380 1113 2591 1176 totis
2638 1110 3021 1175 hominibus

633 1217 782 1283 deos
823 1215 1284 1294 haberemus,’'
1335 1215 1406 1284 G.
1459 1215 1713 1281 28.12:
1768 1216 1977 1301 „apud
2025 1237 2183 1302 quos
2231 1223 2412 1282 tota
2456 1215 2863 1301 impudicitia
2908 1237 3029 1282 vo-

633 1329 815 1388 catur
861 1321 1259 1401 urbanitas.''

723 1535 794 1603 Ο.
863 1535 968 1602 18.
999 1535 1103 1599 11.
1175 1535 1340 1617 Quid
1397 1536 1555 1620 quod
1596 1521 1851 1598 mnium
1894 1536 1968 1597 de
2012 1533 2128 1598 isto
2171 1534 2351 1598 babeo
2396 1533 2786 1598 consensum?
2832 1535 3021 1598 audio

631 1645 881 1723 vulqus.-
945 1663 1071 1704 cum
1133 1642 1218 1704 ad
1277 1640 1501 1703 coebum
1555 1662 1765 1703 mamus
1828 1641 2096 1716 tendunt,
2142 1638 2309 1702 nihil
2351 1639 2529 1702 aliud
2570 1661 2745 1723 quam
2795 1637 3021 1702 ‘deum’

633 1748 842 1811 dicunt
887 1752 945 1809 et
989 1747 1152 1808 'deus
1192 1767 1442 1824 maynu-
1482 1745 1588 1808 est'
1637 1752 1696 1808 et
1746 1745 1911 1808 ‘deus
1956 1767 2129 1808 verm
2174 1746 2279 1808 αι’
2330 1751 2387 1808 et
2434 1745 2507 1806 ‘ei
2552 1746 2697 1807 deus
2736 1745 3019 1810 dederit'.

634 1849 853 1936 [vulgi
896 1852 1020 1915 iste
1067 1849 1376 1914 naturalis
1423 1870 1632 1913 sermo
1679 1855 1773 1914 est
1820 1870 1899 1914 an
1945 1847 2296 1915 Christiani
2341 1848 2699 1913 confitentis
2745 1847 3016 1932 oratio?]

633 1964 691 2021 et
750 1957 854 2041 qui
913 1955 1108 2018 Iovem
1158 1953 1501 2036 principem
1558 1955 1787 2032 vehent,
1836 1955 2167 2039 falluntur
2212 1955 2279 2018 in
2324 1954 2576 2031 nomine,
2621 1955 2729 2018 sed
2770 1956 2845 2018 de
2886 1977 3015 2018 una

619 2067 926 2144 potestate
972 2058 1364 2123 consentiunt.

719 2166 861 2252 Ego
909 2165 1168 2250 quidem
1213 2183 1405 2250 rogo:
1456 2162 1712 2243 Octavii
1755 2167 1878 2230 iste
1923 2163 2234 2231 naturalis
2281 2185 2488 2231 sermo
2534 2173 2631 2231 est
2677 2187 2756 2231 an
2802 2186 3019 2251 gram-

633 2273 854 2336 matici
899 2269 1214 2336 inereduli
1261 2267 1500 2335 oratio?
1548 2275 1739 2354 atque
1785 2271 1977 2336 verba
2026 2291 2063 2335 a
2110 2290 2212 2335 me
2250 2274 2499 2336 uncinis
2537 2271 2787 2336 inclusa
2824 2291 3021 2356 quan·

633 2379 840 2441 tocius
900 2379 968 2440 in
1027 2377 1389 2461 marginem
1435 2374 1713 2461 relegari
1756 2376 1979 2452 iuben,
2032 2375 2196 2440 unde
2242 2377 2483 2441 iniuria
2528 2379 2596 2440 in
2644 2381 3015 2441 contextam

633 2485 986 2549 orationem
1031 2483 1444 2566 irrepserunt.

723 2694 795 2762 Ο.
851 2695 953 2761 19.
987 2693 1089 2759 14.
1153 2694 1407 2758 Platoni
1468 2693 1675 2779 itaque
1734 2694 1803 2757 in
1856 2694 2084 2759 Pimaeo
2132 2696 2276 2759 deus
2324 2701 2410 2758 eet
2457 2695 2587 2778 ipso
2632 2717 2738 2759 cuo
2782 2696 3021 2759 nomine

630 2801 837 2865 mundi
869 2822 1116 2883 paren-5,
1165 2800 1402 2884 artifex
1451 2800 1717 2880 animae,
1758 2800 2098 2863 caelestium
2136 2808 2613 2887 terrenorumque
2637 2801 3014 2885 fabricator,

630 2930 795 2993 quem
864 2914 920 2971 et
979 2906 1248 2970 invenire
1307 2904 1557 2988 difficile
1604 2927 1761 2987 prae
1821 2904 2010 2968 nimia
2071 2912 2130 2969 et
2188 2906 2537 2969 incredibili
2570 2913 2873 2988 potestate
2918 2913 2980 2969 et
2994 2954 3012 2983 ,

628 3034 756 3077 cum
800 3012 1118 3089 inveneris,
1164 3012 1232 3074 in
1263 3011 1574 3092 publicum
1621 3010 1820 3073 dicere
1864 3010 2216 3093 inpossibile
2238 3012 2597 3095 praefamr.
2635 3013 2834 3075 eadem
2860 3012 3014 3095 fere

630 3124 687 3181 et
741 3117 862 3179 ista
909 3138 1059 3200 quae
1105 3121 1308 3179 nostra
1352 3122 1527 3179 eunt.-
1577 3138 1716 3178 nam
1760 3123 1818 3178 et
1864 3115 2057 3182 deum
2103 3119 2403 3209 novimus
2449 3124 2507 3180 et
2539 3122 2851 3199 parentem
2895 3138 3014 3180 om-

629 3221 790 3285 nium
837 3219 1088 3284 dicimus
1133 3226 1191 3283 et
1235 3242 1546 3305 nmquam
1579 3220 1825 3302 pubbice
1868 3222 1994 3283 nisi
2038 3221 2393 3302 interroqati
2424 3222 2871 3303 praedicamus.

720 3325 899 3406 Quod
959 3324 1479 3411 Kronenbergius
1541 3332 1755 3390 noster
1814 3347 1929 3411 pro
1977 3328 2173 3393 verbo
2220 3328 2487 3391 novimus
2532 3330 2867 3413 proposuit
2910 3349 3017 3391 no-

627 3431 916 3496 minamus
975 3434 1215 3515 recepit
1278 3428 1749 3497 Germanorum
1797 3431 2005 3496 editor
2049 3434 2526 3497 recentissimus
2575 3472 2660 3481 —
2709 3431 3013 3519 Belgicus

628 3558 777 3603 vero
795 3584 811 3615 ,
874 3538 988 3621 qui
1047 3533 1594 3621 Synnerbergium
1657 3535 1725 3600 id
1776 3539 2191 3622 impugnasse
2235 3536 2538 3602 lectorem
2582 3540 2650 3602 in
2694 3544 3009 3622 apparatu

627 3643 850 3706 critico
918 3640 1251 3717 admonet,
1331 3638 1674 3705 lectionem
1743 3641 2045 3707 traditam
2116 3644 2404 3707 retinuit.
2477 3638 2680 3707 Cuius
2748 3641 3009 3707 libellus

627 3765 1017 3831 quamquam
1075 3744 1154 3809 ad
1215 3765 1482 3809 manum
1543 3765 1669 3809 non
1732 3752 1829 3810 est
1890 3767 2092 3831 neque
2143 3747 2309 3811 mihi
2355 3750 2773 3812 innotuerunt
2818 3767 3009 3833 argu-

626 3858 843 3915 menta
901 3851 1133 3934 quibus
1195 3848 1663 3935 Kronenbergii
1705 3849 2042 3915 lectionem
2088 3849 2201 3917 ille
2248 3850 2683 3936 redarguerit,
2730 3852 2886 3937 quid
2932 3852 3009 3917 de

626 3955 744 4021 hoc
790 3953 930 4019 loeo
975 3954 1138 4019 mihi
1183 3956 1479 4021 videatur
1525 3957 1746 4045 paucis
1791 3975 2164 4040 expromere
2209 3956 2417 4022 liceat.

575 4059 584 4069 '
715 4059 1198 4146 Kronenbergio
1265 4063 1473 4146 igitur
1541 4061 1808 4125 novimus
1874 4068 2245 4147 corruptum
2304 4061 2563 4127 videtur
2624 4062 2871 4128 duabus
2929 4061 3007 4129 de

625 4167 867 4230 causis:
943 4167 1226 4249 primum
1297 4166 1464 4251 quod
1531 4168 1600 4229 in
1661 4164 1830 4242 illis,
1898 4187 2059 4250 quae
2124 4166 2200 4232 de
2263 4166 2531 4233 Platone
2576 4168 3005 4253 proferuntur,

625 4269 789 4334 nihil
855 4272 941 4334 sit
1002 4270 1166 4355 quod
1229 4271 1442 4336 verbis
1511 4271 1681 4333 deum
1750 4272 2017 4335 novimus
2078 4272 2489 4356 respondeat,
2552 4260 2787 4339 deinde*
2840 4274 3007 4360 quod

627 4373 1028 4441 Christianus
1073 4397 1198 4440 non
1243 4378 1336 4439 ita
1381 4374 1701 4459 loquatur,
1752 4378 2046 4441 omnium
2093 4380 2363 4443 minime
2410 4379 2759 4444 Minucius.
