3246 5085
621 320 753 385 212
1664 335 1978 386 nom‘rus.

547 509 552 514 ’
619 502 846 566 chrum
895 499 1132 566 donum
1186 505 1392 586 magis
1445 501 1689 587 placeat
1739 508 1882 587 post
1934 507 2159 587 turpe,
2206 503 2273 564 in
2320 499 2417 582 (2)
2465 501 2585 564 hoc
2629 498 2803 564 idem
2852 497 3027 562 latet

619 607 879 692 quidem
942 609 1012 671 in
1074 608 1284 692 prima
1346 609 1698 684 sententia,
1766 606 1875 673 sed
1938 605 2064 672 alia
2110 626 2302 672 causa
2348 605 2609 670 additur
2653 626 2768 691 per
2808 603 3021 678 simul,

620 733 852 798 nempe
913 719 988 777 ut
1051 733 1276 777 verum
1339 733 1582 777 munus
1627 713 1890 799 obtegat
1938 733 2209 798 sequens
2256 709 2511 776 falsum.
2655 710 2796 774 Hoc
2842 709 3027 774 addi-

621 824 980 884 tamentum
1046 821 1242 883 nimis
1302 821 1662 904 speciosum
1726 819 1939 904 prodit
1984 826 2343 898 auctorem,
2394 817 2550 904 quid
2595 819 2764 883 enim
2814 817 3026 901 suspi-

621 929 870 991 cionem
941 928 1251 991 suscitare
1313 928 1529 1010 potuit
1590 927 1717 990 nisi
1778 925 2059 992 eunuchi
2104 929 2410 993 iuventus
2454 929 2519 990 et
2565 921 3021 1009 pulchritudO,

621 1039 688 1096 at
735 1033 890 1097 haec
936 1034 1284 1117 praemissa
1334 1035 1619 1117 turpiore
1670 1032 2074 1117 Aethiopissa-
2120 1034 2333 1118 magis
2380 1033 2655 1108 enitent,
2696 1035 2775 1093 ut
2812 1036 2911 1094 est
2948 1031 3024 1092 iu

621 1146 894 1224 utroque
931 1138 1207 1216 scholi0,
1249 1144 1441 1223 atque
1481 1139 1600 1204 hae
1639 1137 1984 1224 qualitates
2024 1161 2171 1204 mox
2207 1141 2497 1204 omnium
2524 1137 3021 1203 admirationem

620 1245 864 1311 nullius
903 1245 1374 1310 dubitationem
1413 1250 1780 1331 provocant.
1899 1245 2123 1311 Editor
2160 1251 2381 1310 autem
2430 1249 2571 1330 post
2608 1265 2800 1308 suum
2840 1243 3025 1308 scho-

619 1353 787 1446 lium
850 1351 929 1418 ad
999 1348 1082 1416 17
1146 1354 1344 1417 etiam
1409 1353 1489 1418 ad
1555 1351 1639 1417 18
1704 1351 2065 1418 Donateum
2128 1355 2285 1417 satis
2348 1351 2677 1418 diversum
2736 1352 3023 1436 recipere

619 1460 863 1546 potuit,
912 1477 1062 1522 nam
1113 1456 1388 1523 alterum
1431 1457 1699 1523 alterius
1746 1478 2148 1545 nequaquam
2195 1464 2293 1523 est
2338 1459 2638 1543 repetitio
2672 1457 2739 1536 ¹).

710 1563 870 1638 Ibid.
924 1563 1008 1629 18
1085 1562 1326 1630 Thraso
1389 1567 1783 1651 conspiciens
1849 1559 2102 1651 turpem
2149 1562 2437 1651 puellam
2486 1562 2837 1629 exclamat:
2886 1561 3023 1628 Hic

619 1677 770 1736 sunt
817 1677 944 1736 tres
990 1668 1238 1736 minaei

709 1777 804 1858 (4)
868 1775 1110 1843 Callide
1171 1797 1410 1842 munus
1473 1778 1551 1843 ad
1614 1780 1897 1864 pretium
1961 1779 2327 1856 revocavit,
2392 1781 2466 1850 ut
2529 1775 2607 1841 ad
2668 1777 3021 1841 avaritiam

615 1888 1015 1950 converteret
1063 1886 1499 1964 meretricem,
1549 1905 1630 1950 ne
1676 1883 1881 1950 officio
1927 1883 2221 1949 donantis
2268 1888 2333 1948 et
2378 1885 2587 1969 gratia
2632 1881 2971 1946 leniretur.

713 1989 861 2054 Huc
900 2010 1102 2074 usque
1141 1989 1322 2068 Don.,
1365 1993 1767 2077 persequitur
1805 1990 2064 2055 Editor:
2107 1995 2173 2054 et
2210 1989 2352 2055 ideo
2394 2010 2517 2054 non
2559 1987 2723 2053 dixit
2764 1989 3022 2066 „tribus

623 2098 818 2162 minis
882 2095 1120 2174 valet’',
1185 2097 1293 2162 sed
1359 2098 1505 2176 „hic
1569 2098 1765 2176 habe,
1830 2095 2056 2176 Thais,
2124 2103 2252 2162 tres
2315 2096 2590 2174 minas”,
2653 2097 2835 2181 quasi
2880 2097 3021 2160 iam

628 2202 956 2270 vendenda
1003 2204 1108 2269 sit.

713 2310 875 2376 Ibid.
926 2309 1013 2374 22
1093 2310 1217 2376 Pa.
1283 2309 1448 2390 Quid
1514 2316 1586 2376 tu
1649 2312 1779 2389 ais,
1844 2308 2146 2376 Gnatho?
2210 2308 2544 2394 Numquid
2602 2308 2797 2373 habes
2841 2307 3017 2392 quod

624 2413 1036 2484 contemnas?
2685 2489 2695 2494 5

713 2523 809 2607 (2)
872 2522 1030 2590 Plus
1091 2530 1188 2589 est
1235 2521 1689 2603 „contemnas”
1738 2544 1933 2610 quam
1982 2522 2420 2608 „vituperes”.
2547 2519 2645 2585 IP
2695 2518 2799 2587 vel
2847 2517 3021 2585 alius

625 2635 956 2719 magister.

712 2738 871 2802 Ibid.
924 2735 1004 2802 31
1074 2736 1386 2803 Parmeno
1431 2757 1614 2802 erum
1663 2757 1856 2803 suum
1904 2738 2227 2802 meretrici
2272 2737 2363 2799 sic
2409 2732 2854 2800 commendat:

897 2843 1025 2910 Ubi
1071 2843 1418 2910 molestum
1465 2866 1589 2909 non
1638 2846 1794 2921 erit,
1839 2844 1952 2908 ubi
2001 2850 2073 2908 tu
2122 2841 2299 2909 voles

897 2950 1026 3015 Ubi
1074 2961 1330 3035 tempus
1379 2950 1496 3015 tibi
1543 2952 1702 3026 erit,
1756 2956 1854 3014 sat
1900 2947 2095 3013 habet
2140 2951 2196 3012 si
2243 2953 2383 3011 tum
2433 2950 2741 3032 recipitur

686 3057 808 3138 (3)
871 3058 957 3121 Et
1017 3060 1180 3122 mire
1244 3062 1512 3142 occupat
1566 3058 1859 3121 animum
1924 3056 2312 3131 meretricie,
2377 3074 2528 3118 cum
2586 3050 2771 3118 illam
2818 3054 3020 3119 huius

619 3164 914 3249 impulsu
975 3164 1222 3229 inducit
1283 3164 1518 3241 facere,
1583 3162 1887 3248 quicquid
1950 3161 2105 3225 dure
2162 3161 2309 3226 fecit
2372 3158 2765 3225 excludendo
2812 3159 3022 3225 Phae-

622 3273 849 3338 driam.
919 3270 1041 3336 Hic
1086 3274 1311 3358 igitur,
1362 3275 1472 3357 qui
1519 3274 1642 3335 scit
1686 3277 2024 3357 praecepta
2071 3270 2147 3335 de
2196 3269 2515 3335 beneficiis
2562 3269 3018 3349 aestimandis,

620 3379 951 3465 intellegit
1010 3380 1279 3444 oratorie
1337 3381 1405 3442 in
1454 3384 1795 3462 utramque
1833 3382 2090 3463 -partem
2138 3376 2307 3441 dicta
2356 3378 2592 3441 omnia.
2734 3374 2833 3439 Ad
2898 3374 3018 3441 32:

625 3486 749 3550 His
798 3485 987 3550 dictis
1035 3491 1100 3549 et
1143 3484 1421 3549 militem
1469 3483 1753 3570 reppulit
1801 3483 1878 3548 ab
1924 3486 2138 3548 animo
2187 3483 2541 3547 meretricis
2589 3487 2652 3546 et
2698 3502 3020 3547 commen-

621 3595 802 3659 davit
871 3590 1342 3657 adulescentem
1414 3597 1478 3655 et
1541 3591 1841 3676 perfecit,
1907 3611 1987 3655 ne
2047 3591 2284 3654 iniuria
2348 3588 2665 3667 videatur,
2730 3595 2805 3653 ut
2851 3610 3015 3674 quae

619 3705 846 3787 sponte
893 3700 1240 3784 susceperit
1287 3696 1692 3763 Phaedriam.

711 3805 1021 3872 Eiusdem
1085 3807 1438 3871 sententiae
1506 3804 2065 3889 interpretationes
2098 3802 2415 3867 diversae
2478 3804 2671 3867 unius
2734 3805 3017 3868 auctoris

622 3915 732 3979 vix
779 3934 914 3978 esse
962 3919 1248 3998 possunt.
1313 3910 1500 3976 Illam
1568 3908 1813 3974 Donato
1860 3908 2183 3985 dederim,
2234 3911 2384 3994 quia
2430 3912 2497 3973 in
2546 3908 2747 3973 altera
2798 3912 3018 3975 minus

619 4022 868 4083 iustum
917 4024 1048 4093 est,
1099 4017 1482 4082 Phaedriam
1529 4019 1659 4080 iam
1711 4019 2081 4100 susceptum
2128 4036 2286 4079 esse.

711 4126 810 4205 (4)
857 4122 1096 4188 Utrum
1146 4123 1353 4200 „tibi”
1403 4122 1754 4188 molestum
1803 4144 1880 4187 an
1923 4118 2111 4187 aliis?
2152 4121 2260 4187 sed
2302 4120 2481 4199 aliis,
2524 4123 2677 4206 quia
2712 4120 3019 4187 illaturus

624 4238 722 4296 est
773 4232 928 4309 „ubi
977 4236 1098 4307 <tu
1147 4230 1359 4308 voles,
1408 4231 1570 4305 ubi>
1628 4237 1886 4315 tempus
1938 4230 2057 4294 tibi
2105 4227 2297 4294 erit’'.
2439 4227 2832 4293 Absurdum.

691 4464 744 4527 1)
781 4462 1067 4527 Excerptum
1103 4461 1227 4512 alius
1261 4461 1478 4527 magistri
1515 4463 1576 4511 18
1595 4462 1665 4525 (2)
1700 4476 1756 4509 cx
1795 4462 1941 4521 18(5)
1976 4474 2119 4525 supra
2153 4457 2401 4523 designavi
2436 4474 2484 4523 p.
2522 4457 2603 4507 22.
