3246 5085
614 332 745 398 436
1650 350 1968 399 horumne.

610 536 741 580 ros
804 535 939 580 esse
1000 516 1399 594 innocentes,
1467 514 1727 579 tandem
1789 516 1948 579 citat
2009 535 2083 579 ea
2146 534 2308 600 quae
2369 517 2594 579 statim
2639 518 3018 600 sequuntur

614 621 793 699 „sed
854 642 1022 685 nunc
1084 621 1249 685 mihi
1308 623 1376 701 in
1439 626 1726 686 mentem
1790 624 1972 687 venit
2034 621 2111 685 de
2173 621 2292 687 hac
2339 642 2408 686 re
2455 619 2623 706 quod
2669 620 2888 686 locuta
2937 642 3017 685 es

608 726 834 803 olim'’,
880 747 1109 813 nempe
1156 748 1424 792 uxorem
1475 747 1738 813 negasse
1778 729 1914 812 pati
1952 748 2018 791 se
2057 748 2238 812 posse
2279 731 2354 791 ut
2393 726 2526 791 filia
2563 748 2678 792 sua
2713 732 3020 792 maneret

608 855 758 898 cum
818 854 985 899 novo
1049 835 1318 911 marito,
1385 835 1497 918 qui
1542 835 1948 898 meretricem
1997 837 2244 898 amaret
2288 837 2409 913 (vs.
2461 830 2794 913 22—24);
2843 832 3018 898 haec

605 942 815 1025 igitur
872 942 942 1004 in
1003 945 1287 1005 mentem
1350 960 1654 1005 revocans
1711 939 2074 1025 Phidippus
2139 939 2394 1005 dubitat
2452 960 2532 1004 an
2595 961 2719 1005 non
2781 942 3016 1024 potius

606 1044 921 1131 culpanda
988 1066 1183 1131 quam
1251 1046 1611 1112 miseranda
1681 1048 1769 1111 sit
1839 1067 2020 1122 uxor.
2101 1045 2336 1111 Donati
2405 1048 3011 1132 interpretationem

606 1172 825 1217 veram
886 1172 1022 1217 esse
1043 1201 1058 1230 ,
1125 1152 1281 1218 haec
1326 1154 1641 1218 sententia
1687 1152 2089 1219 adversativa
2135 1152 2567 1218 demonstrat:
2617 1151 2884 1227 Utinam
2935 1157 3009 1217 te

604 1261 1006 1323 innocentem
1087 1280 1225 1324 esse
1304 1258 1625 1325 crederem
1646 1306 1662 1336 ,
1744 1258 1852 1324 sed
1937 1258 2279 1344 prohibent
2359 1278 2523 1343 quae
2591 1260 2863 1323 memini
2935 1264 3008 1321 te

606 1363 833 1429 dicere.
898 1364 1227 1429 Accedunt
1289 1364 1415 1429 alia
1459 1370 1845 1451 argumenta
1865 1414 1880 1441 ‚
1929 1386 2090 1450 quae
2137 1364 2325 1430 facile
2369 1366 2658 1430 inveniet
2705 1365 3007 1449 quisquis

605 1472 949 1537 verborum
995 1476 1366 1536 contextum
1409 1470 1558 1536 iude
1605 1490 1643 1535 a
1691 1492 1788 1535 vs,
1840 1470 1928 1535 20
1975 1475 2220 1536 attente
2267 1468 2521 1557 legerit.

694 1575 817 1641 His
888 1583 1107 1642 autem
1174 1575 1432 1642 scholiis
1498 1578 1878 1662 interposita
1949 1582 2047 1642 est
2118 1575 2319 1642 altera
2387 1577 2834 1663 interpretatio
2899 1574 3004 1656 (2)

606 1704 754 1749 vere
810 1684 1050 1767 inepta.
1117 1681 1449 1761 Quomodo
1515 1685 1687 1747 enim
1734 1682 2129 1769 Phidippus,
2179 1688 2522 1767 postquam
2569 1684 3004 1759 asseveravit,

604 1788 897 1873 culpam,
964 1781 1156 1873 quam
1216 1787 1483 1853 illorum
1541 1788 1738 1869 (filiae
1785 1796 1851 1854 et
1893 1792 2142 1875 generi)
2189 1810 2322 1856 esse
2369 1768 2755 1867 crediderat,
2804 1809 3004 1875 penes

604 1916 869 1959 uxorem
915 1915 1051 1959 esse
1097 1906 1332 1979 (‚,quae
1376 1902 1441 1959 te
1489 1901 1589 1959 est
1626 1894 1909 1980 penes''),
1953 1902 2173 1980 optare
2211 1898 2424 1980 potest
2464 1897 2757 1975 „utinam
2797 1896 3002 1959 sciam

604 2022 794 2087 penes
844 2006 905 2065 te
955 1996 1179 2065 essem?
1241 1998 1599 2065 Scholiasta
1646 2000 1766 2065 hoc
1813 2003 2044 2078 sensit,
2092 2001 2362 2087 ideoque
2406 2001 2602 2068 verba
2646 2004 2815 2067 senis
2863 2022 3001 2066 cor-

602 2110 779 2193 rupit
846 2108 1160 2173 scribens:
1237 2106 1525 2184 „credo
1595 2128 1788 2192 penes
1857 2114 1920 2175 te
1981 2128 2117 2173 esse
2178 2106 2503 2193 culpam”,
2565 2130 2717 2173 cum
2777 2116 2999 2174 tamen

604 2234 795 2279 senex
860 2212 1249 2279 affirmanter
1309 2212 1543 2279 dixerit
1607 2220 1715 2291 „te
1778 2218 1904 2280 est
1963 2213 2221 2299 penes’'.
2292 2214 2472 2281 Haec
2518 2236 2622 2281 me
2669 2213 3002 2280 adducunt

610 2325 686 2385 ut
747 2320 1000 2385 credam
1063 2318 1393 2385 Editorem
1455 2322 1573 2385 hoc
1619 2319 1937 2386 scholium
1984 2342 2109 2387 non
2156 2327 2412 2387 tantum
2455 2323 2835 2399 inseruisse,
2885 2320 3000 2386 sed

607 2429 823 2511 ipsum
882 2428 1237 2505 invenisse,
1298 2426 1491 2512 idque
1539 2427 2012 2512 „quibusdam”
2061 2430 2453 2516 imputasse,
2503 2410 2638 2514 quo·
2673 2430 3002 2514 antiquior

608 2533 937 2600 videretur
981 2536 1347 2600 auctoritas.
2255 2516 2269 2525 ’

699 2641 1003 2708 Wessn.
1068 2643 1266 2706 sensit
1328 2641 1723 2707 scholiorum
1772 2642 2059 2708 ordinem
2107 2642 2495 2722 claudicare,
2543 2642 2654 2708 sed
2701 2663 2851 2724 cum
2897 2641 3000 2722 (3)

607 2749 960 2813 maximam
1031 2761 1277 2832 partem
1350 2746 1746 2826 eliminaret,
1811 2769 2031 2814 veram
2092 2770 2309 2814 rerum
2373 2748 2806 2814 condicionem
2869 2769 2999 2812 non

607 2856 930 2941 perspexit
962 2852 1029 2934 ι).

697 2958 784 3024 IV
830 2958 892 3024 2.
925 2959 1007 3022 14
1076 2959 1219 3025 Non
1290 2962 1516 3038 facies,
1586 2982 1793 3046 neque
1865 2963 2074 3027 sinam
2147 2966 2224 3026 ut
2293 2963 2405 3046 qui
2473 2961 2690 3037 nobis,
2763 2963 2998 3037 mater,

606 3064 1021 3131 maledictum
1088 3065 1281 3144 velit,
1330 3087 1472 3132 mea
1522 3069 1874 3153 pertinacia
1926 3087 2062 3132 esse
2107 3067 2280 3133 dicat
2327 3067 2611 3144 factum,
2662 3065 2835 3131 haud
2884 3072 3002 3130 tua

606 3172 922 3238 modestia
1840 3249 1844 3252 ,

698 3277 794 3358 (2)
839 3278 1061 3344 Primo
1106 3299 1273 3354 „non
1314 3279 1571 3356 facias'’,
1612 3279 1870 3359 deinde,
1913 3281 1966 3344 si
2005 3280 2210 3346 facere
2250 3281 2784 3366 perseveraveris,
2823 3300 3000 3357 „non

604 3384 878 3449 sinam''.
930 3421 1013 3432 -
1063 3382 1158 3466 (3)
1205 3384 1292 3449 Et
1340 3406 1504 3464 „non
1552 3385 1786 3451 facies”
1837 3408 1961 3451 non
2009 3392 2107 3450 est
2145 3386 2617 3461 interdicentis,
2659 3384 2768 3450 sed
2807 3387 2994 3469 quasi

605 3491 806 3556 dicat:
868 3512 991 3556 non
1053 3498 1117 3555 te
1178 3493 1307 3556 scio
1353 3493 1668 3557 facturam
1715 3513 1853 3557 rem
1900 3498 2034 3558 tam
2080 3513 2370 3578 pravam.
2423 3530 2508 3540 —-
2557 3490 2726 3558 Sunt
2771 3495 2994 3556 autem

604 3599 715 3684 qui
781 3618 1025 3683 „neque
1086 3596 1337 3663 sinam'’
1402 3601 1680 3684 iungant
1733 3599 2178 3676 inferioribus,
2229 3604 2380 3663 sunt
2424 3600 2538 3684 qui
2585 3602 2800 3662 totum
2843 3617 2994 3662 con-

605 3709 778 3770 texte
821 3701 1044 3790 legant
1095 3724 1260 3781 „non
1308 3703 1540 3769 facies”
1590 3724 1794 3789 usque
1840 3702 2261 3783 ,‚modestia”.

694 3808 975 3876 Lineolis
1022 3811 1266 3876 secrevi
1313 3809 1595 3875 Editoris
1641 3809 2240 3896 interpolationem,
2289 3811 2531 3875 etenim
2580 3807 2744 3874 Don.
2793 3810 2858 3872 in
2897 3807 3001 3888 (2)

601 3921 735 3984 iam
798 3919 952 3983 satis
1013 3916 1293 3983 ostendit
1357 3915 1634 3994 „facies”
1684 3937 1818 3982 esse
1865 3918 2070 3982 futuri
2118 3919 2458 4002 temporis,
2503 3937 2618 3983 nec
2665 3922 2833 3981 stare
2880 3937 3000 4001 pro

602 4025 1008 4108 imperative.
1058 4021 1164 4088 Sic
1210 4020 1561 4104 (2)-{-(3)b
1609 4044 1813 4087 unum
1862 4022 2144 4088 efficiunt
2188 4022 2529 4089 scholium.
2580 4022 2790 4100 „Sunt
2834 4021 2998 4107 qui'’

601 4134 851 4196 certum
899 4133 1238 4194 auctorum
1280 4128 1596 4194 indicium
1644 4152 1768 4195 non
1817 4130 2097 4196 exhibet.

670 4397 719 4456 1)
765 4397 972 4444 Prorsus
1021 4411 1048 4444 a
1096 4411 1210 4444 vero
1244 4395 1433 4444 aberrat
1470 4396 1656 4446 Pauli
1691 4397 1956 4446 Thomas
1991 4395 2327 4462 interpretatio
2363 4393 2422 4444 a'd
2456 4394 2504 4444 h.
2523 4393 2577 4454 l..
2611 4393 2694 4458 qui
2731 4392 2880 4444 schol.
2917 4395 2994 4456 (2)

596 4481 645 4526 et
672 4479 741 4540 (3)
766 4479 900 4541 quui
932 4493 1081 4528 unum
1108 4479 1389 4526 continuum
1415 4479 1583 4527 citavit
1608 4495 1870 4542 eorumque
1898 4479 2225 4529 diversitatem
2255 4494 2350 4527 non
2368 4477 2759 4527 animadvertisse
2778 4477 2992 4528 videtur.
