3246 5085
623 329 755 396 236
1669 341 1981 394 nomme.

623 515 706 578 tit
766 511 1100 600 Pythiam.
1267 509 1606 576 Obetinate
1667 510 1893 576 Editor
1946 509 2318 597 obloquitur
2362 508 2623 578 scholiis
2666 511 3042 576 commenti

622 623 736 685 aut
781 618 971 706 fingit
1018 617 1431 684 ratiunculae.

710 830 783 897 V.
835 831 897 897 3.
926 830 965 898 7
1039 831 1253 910 „Nam
1315 829 1418 896 illi
1481 831 1665 896 faveo
1733 829 2021 917 virgini''
2086 833 2268 917 quasi
2330 831 2533 897 dieat:
2600 831 2744 911 „illi
2789 832 3035 910 fave0,

617 960 741 1004 non
789 937 1136 1017 Chaereae,
1192 943 1256 1004 et
1304 936 1501 1003 simul
1550 957 1741 1003 causa
1788 944 1883 1003 est
1924 958 2037 1002 cur
2075 936 2267 1003 illum
2306 936 2532 1004 ulcisci
2568 941 2820 1024 cupiat,
2862 941 3037 1026 quia

619 1044 863 1112 seilicet
925 1043 1212 1110 multum
1273 1042 1376 1109 illi
1437 1044 1630 1110 favet.
1816 1043 2093 1109 Minime
2154 1064 2417 1125 verum;
2482 1047 2553 1110 in
2610 1045 2730 1112 hae
2789 1065 3035 1112 scaena

619 1152 888 1238 Pythias
933 1172 1058 1216 non
1107 1149 1182 1215 de
1232 1147 1516 1217 Chaerea
1559 1149 1671 1215 sed
1718 1148 1794 1214 de
1841 1149 2237 1216 Parmenone
2282 1149 2646 1218 ulciscendo
2694 1154 2971 1238 cogitat.

711 1258 873 1324 Ibid.
922 1256 1004 1322 10
1078 1256 1276 1335 „Vide
1320 1264 1393 1323 ut
1429 1259 1672 1322 otiosus
1712 1256 1807 1320 it''
1849 1255 2037 1335 (Don.
2082 1258 2302 1338 „eit'’).
2480 1258 2577 1339 (1)
2617 1257 2873 1325 Invidet
2914 1257 3033 1323 illi

618 1368 1028 1432 securitatem
1050 1413 1065 1443 ,
1132 1385 1324 1450 quem
1383 1362 1739 1430 sollicitum
1788 1363 2117 1429 redditura
2161 1369 2279 1430 eet.
2464 1363 2793 1450 Sequitur,
2840 1363 3033 1450 quod

619 1477 900 1540 otiosum
939 1471 1199 1538 videtur
1234 1471 1787 1537 additamentum:
1838 1469 1983 1536 Non
2024 1473 2195 1536 enim
2238 1473 2363 1537 erit
2402 1469 2537 1537 ulla
2576 1470 2705 1538 alia
2728 1471 3035 1538 vindicta

621 1585 764 1667 pest
806 1587 1055 1665 praeter
1099 1580 1314 1644 istam.
1454 1575 1779 1643 Particula
1828 1577 2087 1655 „enim”
2136 1579 2380 1644 ratione
2424 1584 2617 1643 earet.

707 1686 872 1752 Ibid.
942 1685 1018 1750 11
1095 1684 1334 1770 „Spero
1395 1705 1500 1750 me
1564 1682 1841 1750 habere''
1907 1684 2006 1765 (1)
2068 1704 2181 1769 pro
2242 1684 2643 1750 habiturum.
2716 1684 2812 1766 (2)
2874 1685 3031 1750 Aut

622 1791 888 1880 „spero”
962 1813 1075 1878 pro
1147 1790 1392 1857 credo
1464 1812 1641 1856 more
1711 1812 1851 1856 suo.
1994 1791 2211 1870 „Aut”
2278 1793 2526 1857 ratione
2588 1797 2794 1869 caret,
2857 1812 3027 1858 nam

621 1899 888 1986 „spero”
952 1896 1378 1963 nihilominus
1439 1903 1728 1982 posceret
1788 1896 2187 1962 infinitivum
2251 1897 2487 1976 futuri;
2552 1889 2745 1963 refert
2790 1905 3025 1963 autem

621 2003 740 2070 Ed.
787 2003 1116 2070 Donatum
1178 2003 1258 2070 ad
1318 2002 1351 2068 I
1412 2003 1475 2068 2.
1508 2001 1637 2068 123
1663 2002 1763 2084 (1)
1822 2002 2007 2070 Nove
2070 2003 2339 2091 „spero”
2406 2025 2522 2089 pro
2586 2003 2853 2082 „eredo”
2906 2001 3027 2070 vel

627 2109 980 2191 ,‚eonfido'’.

716 2324 770 2389 V
819 2324 881 2390 4.
909 2325 971 2391 4.
1023 2324 1122 2406 (3)
1190 2323 1754 2403 „Difficillimum”
1818 2327 1970 2410 quia
2019 2346 2099 2404 „a
2144 2325 2478 2391 meretriee
2522 2325 2779 2391 avara’'.
2844 2323 2883 2390 5
2912 2325 3026 2407 (2)

628 2428 1134 2509 „Carissimum”
1201 2433 1352 2517 quia
1402 2432 1769 2519 „virginem
1819 2451 2012 2516 quam
2061 2429 2380 2497 amabat”.
2565 2430 2703 2496 Iam
2748 2432 2845 2497 bie
2890 2430 3024 2498 hoc

623 2538 1208 2605 additamentorum
1248 2559 1455 2625 genus
1495 2540 1717 2605 notavi
1755 2536 1850 2603 ΙΙΙ
1889 2537 1949 2603 4.
1980 2537 2021 2602 4
2061 2562 2123 2625 p.
2162 2537 2294 2603 214
2335 2544 2399 2604 et
2439 2536 2525 2603 IV
2551 2538 2613 2605 4.
2641 2535 2727 2603 54
2762 2560 2824 2625 p.
2852 2537 3020 2606 224.

713 2643 875 2711 Ibid.
923 2644 966 2710 8
1038 2644 1152 2723 „Id
1196 2666 1347 2711 vero
1393 2646 1528 2711 est’'
1579 2645 1679 2726 (1)
1727 2644 1976 2722 „Vero”
2024 2647 2153 2710 nisi
2197 2648 2571 2711 ornativum
2616 2652 2799 2723 esset,
2846 2646 3025 2713 nihil

623 2750 1032 2840 significaret.
1209 2751 1418 2819 Aliter
1463 2751 1627 2818 Don.
1679 2750 1734 2815 V
1781 2750 1844 2816 2.
1873 2748 1958 2815 55
2008 2750 2086 2817 de
2130 2752 2327 2818 huius
2378 2751 2727 2839 particulae
2774 2751 3024 2839 signifi-

617 2859 995 2925 nationibus.

716 2965 877 3031 Ibid.
942 2964 1017 3030 11
1097 2962 1304 3047 ,Cum
1361 2966 1777 3052 cognoverit’'
1845 2964 1943 3045 (2)
1996 2963 2295 3031 Suaviter
2342 2986 2467 3030 non
2515 2965 2853 3042 „noverit”
2900 2965 3023 3031 sed

629 3071 1080 3158 „cognoverit”
1129 3071 1330 3151 dixit,
1392 3070 1564 3157 quod
1610 3076 1709 3137 est
1752 3070 1939 3157 plene
1984 3093 2056 3137 ae
2100 3074 2430 3157 perspicue
2476 3074 2747 3138 noverit.
2886 3070 3017 3137 Vix

623 3181 1020 3264 genuinum3
1087 3178 1405 3264 praecedit
1453 3180 1627 3243 enim
1677 3179 2017 3255 „noscere”
2068 3200 2164 3243 ve.
2220 3177 2303 3243 10
2352 3178 2569 3243 eedem
2622 3177 3017 3264 significatu.

717 3284 878 3349 Ibid.
936 3283 1017 3348 12
1043 3282 1140 3365 (3)
1183 3284 1353 3349 Nam
1399 3305 1514 3350 nee
1563 3286 1783 3349 omnia
1828 3304 1942 3370 per
1992 3285 2286 3371 „magis”
2339 3284 2721 3351 adverbium
2768 3284 3020 3371 profert

627 3411 741 3457 neo
787 3392 1002 3456 omnia
1040 3411 1151 3476 per
1187 3393 1703 3477 comparativum
1739 3390 2039 3477 gradum.
2184 3388 2339 3457 Vide
2376 3412 2571 3479 supra
2609 3390 2689 3457 ad
2726 3390 2789 3457 11
2830 3390 2892 3457 1.
2918 3390 3011 3457 21

623 3519 684 3583 p.
737 3495 843 3562 38.

717 3602 878 3670 Ibid.
932 3600 1014 3669 17
1085 3604 1222 3684 Quo
1268 3610 1448 3689 paeto
1494 3624 1574 3669 ex
1619 3607 1762 3670 iure
1808 3604 2103 3670 hesterno
2148 3625 2380 3690 panem
2425 3610 2640 3671 atrum
2688 3603 2961 3672 vorentx

714 3710 811 3791 (1)
863 3710 1044 3789 „Ex”
1095 3731 1207 3797 pro
1251 3732 1430 3777 eum
1476 3713 1765 3796 positum
1810 3718 1928 3777 est.
2067 3711 2163 3793 (2)
2200 3712 2336 3777 Aut
2374 3710 2547 3778 deest
2588 3710 3014 3791 „madidum”

621 3824 736 3884 aut
798 3818 1279 3895 „maceratum”
1345 3824 1459 3884 aut
1523 3817 1977 3897 „emollitum”
1996 3840 2013 3899 ;
2063 3840 2212 3885 nam
2260 3825 2525 3905 apparet
2570 3825 2636 3885 et
2678 3818 3018 3886 sordidum

621 3945 791 4002 esee,
853 3928 1004 4008 quia
1049 3926 1136 3989 sit
1180 3931 1392 4003 ater,
1441 3929 1508 3989 et
1552 3926 1790 3990 durum
1826 3928 2079 4012 utique,
2132 3928 2243 4011 qui
2289 3947 2377 3992 ex
2424 3929 2600 3992 iure
2646 3926 3019 3993 hesterno

533 4109 542 4117 ⁸
624 4032 709 4095 sit
771 4031 1219 4096 comedendus,
1285 4028 1408 4097 Cui
1468 4034 1863 4096 contrarium
1927 4030 2273 4097 Sallustiue
2336 4034 2556 4118 posuit
2601 4033 2705 4111 (cf.
2754 4053 2889 4097 var.
2938 4032 3021 4115 1.)

623 4136 699 4202 de
739 4134 986 4201 deliciis
1035 4135 1325 4202 militum
1373 4137 1638 4222 loquens
1689 4156 1959 4222 „panem
2004 4139 2073 4201 in
2120 4137 2255 4202 dies
2302 4136 2613 4203 mercari'’
2660 4140 2895 4222 inquit.

713 4241 809 4322 (3)
864 4242 1148 4319 „Panem
1195 4250 1410 4309 atrum
1456 4244 1752 4309 hesterno
1799 4264 1877 4309 ex
1925 4244 2131 4323 iure'',
2182 4248 2258 4308 ut
2304 4243 2565 4329 quidam
2604 4241 2868 4323 volunt,
2918 4265 3019 4310 ex
3059 4258 3063 4262 ⁴

623 4352 1151 4435 antiquitate
1198 4350 1620 4415 mucidum
1670 4351 2040 4435 accipimuS.

708 4454 1162 4543 Interpretatio
1202 4454 1458 4542 triplex.
1502 4454 1775 4521 Deditne
1823 4454 1984 4523 Don.
2026 4456 2123 4539 (l)
2162 4462 2227 4523 et
2264 4455 2430 4523 nihil
2467 4455 2777 4543 amplius,
2814 4455 3015 4544 idque
