3246 5085
604 309 735 375 140
1660 325 1940 373 sumus.

876 491 982 558 fila
1027 492 1207 579 lyrae
1255 496 1601 578 tenuisque
1648 492 1870 558 modos
1915 497 1979 556 et·
2025 495 2304 559 carmina
2351 498 2668 559 monstrat

878 597 1194 666 Chironis.

597 706 874 772 Omnino
935 708 1181 792 corrige
1241 709 1553 783 motae,
1620 702 1789 789 quod
1837 708 1971 768 tam
2021 707 2184 769 ratio
2229 704 2482 792 flagitat
2532 726 2728 792 quam
2771 706 3022 792 probat

601 832 697 877 vs
753 809 917 877 187:

2218 915 2495 982 solantia
2537 938 2723 982 curas
2855 994 2862 1003 ι

872 1022 1031 1088 fila
1078 1026 1357 1087 movet
1404 1020 1764 1105 leviterque
1810 1024 2105 1108 expertas
2153 1019 2378 1107 pollice
2425 1021 2689 1087 chordas

874 1128 984 1193 dat
1032 1148 1229 1213 puero
1276 1127 1543 1205 (Chiron
1596 1130 1709 1204 sc.)
1989 1121 1993 1126 ’

602 1234 740 1315 Quo
788 1235 980 1299 verbo
1020 1236 1322 1298 restituto
1362 1232 1659 1318 gradatio
1699 1231 1916 1296 evadit
1957 1233 2330 1316 aptissima:
2376 1230 2524 1318 lyra
2563 1238 2746 1297 mota
2785 1233 3017 1299 Achil-

602 1340 694 1405 les
741 1342 1029 1426 primum
1076 1338 1457 1403 Deidameae
1502 1342 1820 1401 monstrat
1857 1334 1965 1401 fila
2004 1335 2188 1401 dulce
2227 1341 2551 1416 sonantia,
2593 1338 2742 1403 dein
2782 1341 3013 1405 tenuis

605 1446 861 1521 modos,
902 1445 1174 1530 denique
1215 1447 1411 1510 etiam
1453 1449 1587 1509 tota
1629 1446 1931 1508 carmina.
1979 1444 2310 1508 Praeterea
2334 1465 2593 1520 monem
2619 1444 3014 1510 adverbium

602 1558 812 1634 sponte
857 1549 1047 1616 modo
1094 1550 1172 1615 ad
1219 1550 1491 1615 verbum
1524 1548 1700 1633 ferit
1747 1551 2062 1632 pertinere
2110 1569 2293 1633 posse
2341 1554 2446 1627 (=
2493 1572 2618 1614 non
2662 1548 3012 1617 lacessitus

604 1678 653 1721 s.
719 1662 1149 1741 provocatus),
1213 1676 1605 1740 quamquam
1670 1675 1704 1719 e
1764 1653 1903 1720 loco
1965 1675 2158 1739 quem
2223 1655 2508 1732 obtinet,
2569 1655 2637 1720 id
2683 1655 2763 1721 ad
2809 1657 3016 1739 lapsis

612 1762 1017 1827 referendum
1065 1782 1202 1826 esse
1248 1760 1535 1847 colligas.

698 1973 1077 2061 Lycomedis
1140 1973 1307 2039 filiae
1368 1972 1788 2060 egrediuntur
1840 1976 1916 2036 ut
1960 1974 2185 2037 choros
2231 1978 2549 2038 ostentent
2599 1974 3004 2059 hospitibuS,

610 2079 833 2166 Ulyssi
900 2085 964 2145 et
1032 2078 1365 2158 Diomedi,
1433 2082 1603 2144 inter
1672 2097 1830 2163 quas
1899 2076 2090 2164 longe
2160 2081 2444 2144 eminent
2520 2078 2865 2145 Deidamea
2939 2087 3010 2146 et

611 2184 920 2251 Achilles.

1514 2292 1679 2354 nitet
1723 2294 1870 2355 ante
1918 2288 2074 2354 alias
2121 2292 2342 2375 regina
2389 2310 2726 2376 comesque

884 2396 1171 2474 Pelides,
1221 2394 1427 2481 qualis
1474 2394 1726 2461 Siculae
1771 2396 1890 2460 sub
1942 2396 2213 2481 rupibus
2260 2398 2504 2461 Aetnae

703 2500 834 2567 825
881 2500 1121 2568 Naidas
1168 2500 1455 2568 Ennaeas
1501 2504 1669 2566 inter
1719 2500 1922 2567 Diana
1970 2501 2375 2587 feroxque

882 2607 1094 2672 Pallas
1141 2613 1205 2672 et
1251 2605 1462 2692 Elysii
1508 2606 1762 2672 lucebat
1808 2629 2036 2692 sponsa
2083 2609 2361 2694 tyranni.

612 2713 739 2778 His
782 2715 1072 2778 versibus
1119 2712 1464 2779 Deidamea
1511 2734 1662 2778 cum
1711 2714 2092 2799 Proserpina
2131 2718 2537 2799 comparatur
2583 2752 2669 2763 —
2717 2715 3010 2782 Achilles

614 2841 762 2885 cum
810 2819 1015 2884 Diana
1061 2817 1167 2885 vel
1212 2818 1506 2885 Pallade:
1554 2841 1682 2884 non
1728 2821 1935 2905 igitur
1979 2817 2326 2904 legendum
2373 2825 2470 2884 est
2500 2821 2806 2905 feroxque
2853 2822 3006 2886 sed:

616 2927 849 2992 ferox
870 2947 985 2992 ve.
2715 2921 2730 2936 ⁸

703 3139 1116 3206 Deidameam
1164 3139 1239 3204 de
1289 3141 1509 3205 mariti
1558 3138 1679 3204 fide
1725 3137 2070 3204 sollicitam
2122 3139 2652 3226 dubitantemque
2689 3140 2795 3206 hic

884 3245 1128 3311 solatur
1175 3244 1710 3330 iuratque·fidem
1757 3248 2094 3331 iurataque
2141 3245 2296 3311 fletu

705 3349 837 3416 958
885 3351 1152 3436 spondet
1200 3359 1263 3415 et
1308 3355 1563 3436 ingen
1586 3358 1710 3416 tes
1750 3350 2025 3416 famulas
2073 3359 2460 3437 captumque
2507 3374 2800 3419 reversus

882 3456 1045 3522 Ilion
1092 3463 1156 3521 et
1203 3457 1531 3543 Phrygiae
1577 3460 1905 3542 promittit
1951 3478 2217 3522 munera
2263 3479 2474 3544 gazae.

708 3561 842 3627 960
888 3565 1081 3627 inrita
1126 3568 1423 3628 ventosae
1472 3563 1804 3647 rapiebant
1849 3564 2042 3628 verba
2088 3562 2420 3648 procellae.

613 3668 1024 3734 Adiectivum
1093 3669 1331 3748 inqens,
1404 3667 1734 3753 epitheton
1802 3667 2008 3734 Statio
2079 3671 2376 3753 quamvis
2445 3674 2970 3756 acceptissimum
2993 3724 3009 3753 ,

616 3774 734 3838 hoc
794 3779 1011 3838 tamen
1074 3772 1211 3839 loco
1277 3774 1443 3838 mihi
1506 3776 1896 3859 suspiciones
1943 3781 2164 3840 movet
2207 3778 2644 3860 gravissimas.
2694 3778 2793 3841 An
2835 3778 3012 3844 forte

614 3888 799 3964 poeta
860 3881 1147 3964 scripsit:
1228 3882 1646 3964 ingenuas
1708 3879 2023 3958 famulas,
2091 3885 2166 3945 ut
2223 3880 2370 3946 illas
2433 3886 2776 3967 respiceret
2839 3905 3006 3968 quas

616 3984 963 4050 Deidamea
1008 3984 1398 4070 significavit
1445 4006 1540 4050 vs·
1592 3983 1723 4050 943
1751 4004 1923 4070 sqq.:

884 4094 1017 4154 iam
1064 4097 1126 4154 te
1176 4091 1520 4175 sperabunt
1564 4089 1852 4156 lacrimis
1899 4090 2287 4176 planctuque
2337 4092 2594 4158 decorae

886 4195 1159 4260 Troades
1206 4197 1642 4281 optabuntque
1691 4199 1821 4260 tuis
1870 4195 2017 4262 dare
2067 4197 2232 4262 colla
2277 4201 2516 4263 catenis

886 4307 951 4365 et
996 4303 1273 4385 patriam
1319 4321 1583 4387 pensare
1631 4304 1788 4368 toris
1837 4309 1951 4366 aut
1997 4303 2135 4388 ipsa
2179 4300 2458 4388 placebit

890 4405 1225 4492 Tyndaris.
