3246 5085
620 305 756 374 202
1435 351 1438 354 -
1668 323 1982 373 nom-rue.

613 491 876 576 dempto
947 489 1361 556 emblemate:
1411 490 1510 570 (l)
1548 489 1644 568 (2)
1687 489 1785 570 (3)
1827 488 1944 571 (4).
2020 489 2121 556 ΙΡ
2176 491 2451 558 subiecit
2498 491 2629 572 (5);
2693 492 3018 578 quomodo

613 603 836 662 autem
875 596 994 678 (6),
1037 595 1207 682 quod
1246 595 1689 663 verisimiliter
1726 597 2087 662 inseruerat
2123 600 2194 662 in
2232 598 2492 665 exordio
2524 599 2824 677 secundi,
2864 603 3020 664 ante

616 703 897 770 alterum
957 703 1280 769 emblema
1344 703 1604 783 „labeae
1666 703 2037 768 asinorum’'
2086 709 2237 770 cett.
2286 707 2525 771 omisso
2573 704 2735 771 Don.
2782 708 3019 784 initio,

612 813 680 875 in
731 811 924 876 finem
971 813 1176 876 totius
1223 809 1511 897 syllogee
1557 809 1923 888 devenerit,
1974 812 2206 877 nescio·

702 917 866 984 Ibid.
921 917 1007 982 52
1071 916 1194 983 Illa
1243 939 1382 984 sese
1426 920 1673 983 interea
1718 917 2131 982 commodum
2180 918 2307 984 huc
2354 918 2719 985 adverterat

707 1024 804 1106 (l)
875 1021 1392 1103 „Commodum”
1459 1029 1788 1089 tantum
1856 1024 2070 1108 quod
2131 1023 2239 1090 vel
2301 1028 2490 1110 ipso
2552 1025 3019 1110 eodemque

616 1136 940 1217 tempore,
991 1167 1076 1180 —
1125 1130 1220 1210 (2)
1272 1128 1771 1208 „commodum”
1838 1151 1997 1196 una
2045 1129 2149 1196 vel
2192 1151 2289 1196 ex
2335 1131 2485 1197 hoc
2532 1131 2886 1217 sig-nificat,
2938 1137 3023 1194 ut

617 1240 674 1304 si
733 1237 938 1304 dicae:
1011 1237 1239 1304 eodem
1302 1243 1622 1322 tempore,
1697 1257 1823 1321 quo
1886 1237 2043 1302 haec
2100 1238 2481 1323 agebantur,
2552 1275 2639 1288 —-
2700 1237 2799 1317 (3)
2858 1257 3020 1303 nam

617 1345 945 1423 „interea”
1021 1365 1190 1410 nunc
1249 1345 1615 1409 coniunctio
1682 1341 2046 1430 accipienda
2105 1351 2239 1420 est,
2312 1366 2438 1410 non
2500 1351 2575 1410 ut
2638 1343 2795 1411 aliae
2815 1391 2831 1422 ,
2894 1365 3019 1431 pro

619 1451 923 1518 adverbio
971 1453 1251 1538 ponitur.

706 1556 1189 1644 Interpolatoris
1229 1562 1672 1623 commentum
1711 1556 1809 1638 (2)
1846 1559 2087 1643 partim
2128 1556 2364 1624 falsum
2404 1565 2503 1624 est
2542 1561 2780 1644 partim
2812 1563 3027 1623 trans-

615 1667 933 1750 scriptum
997 1685 1032 1730 e
1081 1663 1242 1730 Don.
1293 1663 1390 1744 (1)
1439 1663 1803 1748 dividitque
1852 1665 2234 1728 continuum
2280 1662 2631 1744 scholium,
2680 1667 2866 1730 cuiue
2914 1685 3025 1729 ar-

615 1772 1025 1857 gumentatio
1092 1770 1245 1836 haec
1303 1777 1436 1836 eet:
1495 1773 1649 1855 quia
1697 1768 2194 1847 „commodum”
2238 1776 2337 1835 est
2376 1771 2753 1837 adverbium
2800 1773 3024 1856 (,‚ipso

616 1876 966 1964 eodemque
1029 1877 1422 1962 tempore''),
1491 1874 1819 1956 „interea”
1871 1874 2059 1941 debet
2106 1897 2240 1942 esee
2284 1879 2669 1943 coniunctio.
2748 1877 3023 1942 Etenim

619 1987 954 2050 interea
1029 1991 1408 2049 numeratur
1485 1985 1656 2049 inter
1724 1985 2202 2049 coniunctiones
2272 1983 2557 2050 causales
2618 1981 2724 2064 (G.
2783 1982 2858 2050 L.
2922 1982 3020 2048 IV

621 2089 773 2156 389.
806 2089 873 2171 6)
937 2097 1001 2156 et
1061 2093 1232 2156 inter
1291 2089 1595 2156 adverbia
1657 2090 1885 2167 (Prisc.
1950 2088 2045 2156 III
2110 2088 2216 2156 43.
2250 2089 2383 2170 12).
2476 2087 2782 2157 Ceterum
2844 2088 3021 2155 Don.

620 2196 829 2262 denuo
877 2196 957 2262 ad
1004 2196 1262 2262 Phorm.
1314 2194 1400 2260 IV
1451 2195 1512 2262 3.
1541 2195 1581 2261 9
1607 2195 1742 2276 (2):
1794 2194 2315 2273 „Commodum”
2358 2201 2614 2262 tantum
2654 2196 2845 2282 quod,
2884 2195 3025 2260 Lu-

619 2301 842 2382 cilius,
887 2309 1074 2382 cett.;
1124 2304 1341 2388 ibique
1379 2301 1479 2366 IP
1520 2303 1618 2382 (l)
1662 2301 2005 2381 „Comm.”
2054 2305 2420 2370 aestimatio
2468 2310 2565 2369 est
2611 2304 2940 2389 temporie.

619 2407 858 2474 Sabb.
907 2430 1237 2495 perperam
1285 2409 1619 2475 damnavit
1666 2408 1762 2491 (1)
1810 2415 1877 2474 et
1922 2408 2041 2490 (3).

709 2513 870 2580 Ibid.
924 2511 1008 2579 57
1075 2513 1386 2581 Parmeno
1410 2565 1426 2593 ,
1489 2536 1641 2581 cum
1705 2536 1784 2582 ex
1848 2536 1975 2581 uno
2039 2513 2365 2601 alteroque
2426 2516 2621 2582 verbo
2691 2511 3020 2583 Chaereae

617 2624 842 2687 statim
881 2620 1270 2688 intellexerit
1311 2643 1503 2708 quam
1542 2621 1829 2708 puellam
1869 2623 1974 2687 hic
2020 2626 2087 2687 in
2126 2621 2340 2709 platea
2383 2622 2655 2703 viderit,
2705 2622 3023 2708 praecidit

617 2727 980 2815 longiorem
1044 2731 1184 2795 eius
1241 2731 1675 2795 narrationem
1735 2728 2013 2795 dictione
2058 2728 2337 2816 figurata
2355 2778 2371 2809 ,
2419 2751 2546 2816 qua
2590 2735 2735 2817 poet
2780 2730 3025 2816 perfec·

620 2843 766 2902 tum
813 2838 1009 2903 funus
1053 2836 1346 2903 homines
1393 2836 1845 2901 dimittuntur:

707 2944 921 3023 llicet;
971 2944 1222 3021 desine;
1271 2945 1404 3009 iam
1449 2941 1987 3011 conclamatumst
2018 2942 2085 3024 ¹).
2135 2940 2253 3010 Ch.
2303 2942 2483 3009 Aliae
2532 2965 2632 3010 ree
2677 2945 2819 3029 agie

709 3052 805 3133 (1)
871 3049 1052 3129 „Iam
1113 3048 1357 3116 concl.''
1412 3055 1807 3115 transactum
1854 3068 1927 3115 ac
1976 3049 2271 3128 finitum,
2324 3055 2397 3115 ut
2442 3048 2840 3115 conclamata
2886 3070 3025 3117 cor·

619 3179 772 3245 pora
838 3156 1002 3222 nihil
1049 3156 1282 3242 reliqui
1327 3158 1460 3220 iam
1505 3155 1745 3221 habent
1786 3154 1867 3221 ad
1912 3158 2085 3220 vitae
2131 3154 2354 3220 officia.
2540 3155 2645 3221 Sic
2691 3153 2855 3220 Don.
2908 3154 3023 3222 Se-

619 3266 840 3351 quitur
902 3264 979 3328 de
1041 3262 1263 3327 eadem
1326 3281 1428 3327 re:
1517 3260 1629 3343 (2)
1697 3252 1982 3340 „conclj”
2048 3261 2605 3326 manifestum
2652 3261 3019 3347 significat,

619 3373 770 3456 quia
832 3368 1082 3434 dixerat
1147 3374 1272 3449 (vs.
1326 3366 1393 3449 7)
1461 3390 1539 3445 „o
1607 3368 2011 3434 fortunatum
2076 3388 2328 3443 senem,
2390 3370 2447 3431 ei
2507 3372 2573 3433 et
2635 3367 2738 3433 hic
2792 3389 3015 3434 amare

619 3476 965 3561 coeperit'',
1032 3480 1365 3559 tamquam
1427 3474 1634 3552 dicat,
1698 3477 1832 3541 iam
1892 3476 2175 3539 occisum
2232 3481 2483 3560 patrem
2534 3480 2718 3539 tuum
2770 3477 3019 3541 ecimus

616 3586 878 3668 iamque
925 3580 1326 3647 deflevimus.
1467 3580 1645 3645 Haec
1693 3582 1905 3665 primo
1950 3586 2212 3665 aspectu
2259 3601 2449 3646 nemo
2496 3584 2643 3667 quis
2690 3579 2876 3646 facile
2922 3585 3019 3646 in-

619 3688 978 3767 tellexerit,
1050 3709 1278 3774 nempe
1349 3685 1694 3773 explicatio
1766 3687 1892 3751 huc
1959 3686 2161 3753 redit:
2232 3690 2385 3753 novi
2450 3708 2699 3754 amores
2745 3686 3020 3754 alterius

617 3796 737 3862 filii
784 3794 1101 3865 Chaereae
1145 3794 1434 3861 occident
1481 3799 1730 3878 patrem
1750 3840 1767 3870 ,
1816 3795 2001 3857 cuius
2046 3793 2241 3858 funus
2294 3792 2601 3860 Parmeno
2644 3799 2778 3859 iam
2824 3816 3020 3872 nunc,

621 3922 770 3969 cum
833 3901 1005 3967 filius
1052 3882 1353 3987 ‘puellam
1412 3901 1699 3985 primum
1746 3897 2017 3975 viderit,
2065 3901 2249 3984 quasi
2292 3900 2650 3985 perfectum
2696 3902 3021 3986 proponit.

619 4008 795 4073 Haec
879 4009 1196 4072 enarratio
1278 4006 1471 4093 longe
1558 4007 1835 4091 repetita
1912 4007 2026 4070 vix
2106 4004 2375 4089 quadrat
2444 4026 2596 4071 cum
2665 4025 2771 4084 00,
2846 4007 3020 4091 quod

619 4114 933 4179 Parmeno
985 4116 1054 4179 in
1093 4133 1264 4201 seqq.
1305 4112 1487 4178 illam
1529 4114 1729 4199 patris
1777 4113 2155 4177 occisionem
2202 4112 2339 4197 ipse
2386 4117 2687 4197 provocat
2731 4118 2795 4177 et
2840 4132 3021 4199 prae-

686 4381 738 4443 l)
771 4383 902 4431 Serv.
939 4380 999 4429 ad
1033 4382 1152 4430 Aen.
1191 4380 1260 4431 v1
1295 4380 1410 4433 216.
1447 4380 1560 4439 218,
1599 4377 1679 4428 ubi
1714 4378 1793 4429 hic
1825 4378 1958 4429 locus
1990 4378 2186 4429 citatur.
2223 4378 2296 4428 Cf.
2331 4378 2427 4428 alia
2458 4394 2499 4428 v.
2536 4378 2875 4445 interpretatio
2898 4381 3019 4429 Don.

619 4466 676 4515 ad
713 4466 830 4515 Aen.
868 4462 921 4512 11
957 4464 1072 4515 233.
