3246 5085
1092 390 1177 438 m!
1224 389 1544 439 nuarrrms
1586 388 1912 438 muruco·
2551 371 2687 439 379

381 554 505 621 Sed
568 560 721 621 sunt
786 560 999 621 tamen
1057 576 1217 641 quae
1266 555 1510 622 nobiles
1557 577 1811 642 quoque
1858 557 2029 641 ipsos
2079 555 2183 621 hic
2230 552 2365 620 illic
2411 556 2686 651 incertos

286 661 552 727 reddant
623 669 688 727 et
758 662 1003 728 dubios.
1076 661 1214 727 Iam
1276 661 1543 729 lucescit
1604 664 1882 749 suspicio
1927 661 2293 747 quaedam,
2359 662 2489 725 iam
2555 683 2684 726 non

285 768 519 833 desunt
579 771 691 854 qui
766 769 1040 847 „referre
1104 777 1341 855 negent
1404 768 1581 855 quali
1647 771 1732 835 sit
1779 771 2050 855 quisque
2101 774 2362 855 parente
2411 767 2682 833 natus''l

286 874 447 940 Ecce
488 874 741 941 Orestes
782 896 966 954 cum,
1009 878 1077 940 in
1118 875 1406 955 Electra,
1449 897 1658 941 mores
1699 877 1985 961 Auturgi
2021 874 2507 940 honestissimos
2532 896 2683 940 cum

284 1001 519 1067 genere
556 982 837 1046 hominis
880 980 1355 1048 modestissimo
1392 985 1596 1048 immo
1635 980 1873 1047 humili
1911 988 2238 1065 comparat
2280 987 2402 1062 (vs.
2459 978 2617 1061 367)

650 1090 754 1153 οὐκ
806 1085 933 1152 ἔστ’
980 1090 1231 1167 ἀκριβὲς
1283 1088 1448 1155 οὐδὲν
1496 1090 1583 1161 εἷς
1635 1088 1986 1167 εὐανδρίαν

649 1194 857 1273 ἔχουσι
908 1195 1032 1274 γὰρ
1080 1196 1408 1275 ταρκγμόν
1458 1196 1525 1261 αἱ
1575 1196 1799 1275 Φύσεις
1849 1193 2098 1273 βροτῶν.

380 1298 893 1387 Cogitatiouibus
946 1301 1265 1366 eiusmodi
1314 1320 1543 1387 parum
1590 1321 1658 1365 se
1704 1307 1931 1386 aptum
1979 1301 2177 1366 sentit
2225 1297 2512 1377 Orestes;
2557 1301 2679 1381 ,vix

282 1409 639 1494 ingressam
687 1407 1200 1492 disquisitionem
1251 1407 1567 1472 dimittit:

649 1512 971 1591 κράτιστον
1020 1514 1150 1592 εἰκῇ
1197 1517 1382 1577 ταῦτ’
1432 1515 1542 1577 ε’ἄν
1592 1512 1948 1592 ἀφειμέναι,

282 1618 392 1685 sed
462 1621 517 1685 si
586 1620 803 1685 adesse
870 1621 1185 1705 potuisset
1253 1618 1732 1705 disputantibus
1796 1621 1864 1684 in
1928 1604 2256 1704 Euripidis
2317 1615 2677 1684 Alexandro

280 1725 385 1805 (fr.
414 1723 711 1806 52-55)
738 1725 1023 1802 vidisset,
1062 1724 1388 1790 nonnullis
1414 1725 1678 1810 quidem
1704 1723 1952 1810 placere
1975 1727 2228 1812 generis
2253 1723 2678 1803 nobilitatem,

279 1832 633 1897 secundum
690 1830 849 1897 alios
908 1838 1127 1897 autem
1190 1851 1413 1897 veram
1474 1836 1668 1917 atque
1715 1833 1972 1921 unicam
2021 1829 2428 1896 nobilitatem
2473 1835 2540 1895 et
2584 1832 2678 1894 in-

281 1940 685 2025 genuitatem
729 1940 937 2025 ipsam
984 1943 1271 2003 constare
1318 1937 1471 2003 solis
1518 1938 1732 2023 probis
1781 1939 1984 2003 animi
2031 1937 2352 2014 moribus,
2401 1940 2556 2022 quin

650 2044 890 2110 multos
936 2064 1119 2130 saepe
1165 2046 1338 2111 viros
1384 2044 1581 2109 nullis
1629 2045 1980 2110 maioribus
2027 2050 2220 2134 ortos·

280 2157 347 2218 et
400 2154 639 2218 vixisse
685 2152 915 2237 probos
962 2156 1027 2216 et
1069 2149 1370 2216 laudibus
1416 2150 1610 2237 digna
1658 2146 2070 2236 perpetrasse.
2124 2148 2377 2215 Diserte
2427 2148 2504 2214 de
2551 2150 2670 2214 hac

283 2255 473 2323 laude
520 2256 751 2345 Dictys
798 2257 873 2322 fr.
923 2255 1091 2322 336:
2122 2262 2132 2271 '

645 2365 731 2437 εἷς
780 2364 831 2429 δ’
880 2362 1195 2442 εὐγένειαν
1245 2364 1409 2441 ὃλ1γ’
1456 2362 1582 2446 ἔχω
1632 2362 1874 2445 φράσαι
1927 2363 2136 2429 καλά·

645 2470 672 2535 ὃ
720 2470 833 2549 μὲν
882 2470 1010 2549 γὰρ
1053 2469 1260 2541 ἐσθλὸς
1310 2470 1566 2548 εὐγενὴς
1614 2467 1818 2548 ἔμοιγ’
1867 2471 2033 2552 ἀνήρ,

646 2577 674 2642 ὃ
721 2578 773 2643 δ’
822 2579 885 2644 οὐ
935 2576 1202 2655 δίκαιος,
1252 2574 1367 2641 κᾶν
1419 2577 1732 2653 ἀμείνονος
1780 2576 2012 2657 πατρὸς

644 2683 831 2757 Ζηνὸς
881 2682 1169 2762 πεφύκῃ,
1221 2683 1515 2761 δυσγενὴς
1567 2679 1720 2748 εἶναι
1770 2683 1954 2750 δοκεῖ.

373 2788 559 2856 Ultra
625 2789 923 2876 progredi
988 2811 1469 2876 nonnumquam
1534 2791 1826 2856 homines
1883 2789 2300 2876 Euripideos,
2350 2795 2425 2853 ut
2471 2790 2668 2853 etiam

274 2916 491 2961 servos
568 2917 1029 2981 servorumque
1100 2895 1265 2961 filios
1334 2897 1577 2962 virtute
1650 2894 2027 2962 antecellere
2103 2899 2437 2972 moneant,
2509 2896 2667 2960 satis

274 3007 504 3068 notum
550 3008 667 3069 est.

365 3107 935 3176 Verumenimvero
998 3109 1235 3193 poterit
1298 3106 1541 3194 aliquis
1596 3109 2009 3188 contendere,
2074 3111 2156 3174 iis
2217 3128 2377 3195 quae
2425 3106 2666 3173 adduxi

275 3235 507 3302 parum
553 3213 879 3282 debilitari
926 3234 1152 3280 eorum
1200 3216 1565 3299 opinionem
1614 3218 1728 3302 qui
1777 3215 2034 3281 credant
2082 3214 2433 3281 secundum
2481 3215 2667 3280 Euri—

274 3321 491 3407 pidem
551 3318 831 3386 indolem
893 3320 1141 3385 homini
1206 3322 1467 3385 insitam
1518 3342 1634 3385 nec
1681 3323 1923 3387 mutari
1969 3342 2083 3387 nec
2133 3323 2403 3407 corrigi,
2455 3327 2518 3386 et
2562 3320 2668 3386 hic

276 3427 538 3512 quidem
577 3426 749 3492 haud
788 3427 1053 3492 obscure
1092 3427 1459 3512 opinionem
1500 3447 1686 3492 suam
1723 3426 2114 3513 significasse
2150 3432 2405 3513 poetam
2430 3427 2505 3492 fr.
2534 3425 2668 3492 810

642 3533 939 3612 μέγιστον
989 3530 1056 3609 ἦν
1105 3529 1202 3612 ἄρ’
1256 3535 1289 3609 ἦ
1337 3531 1561 3612 Φύσις·
1613 3533 1683 3598 τὸ
1732 3535 1858 3613 γὰρ
1909 3534 2096 3598 κακὸν

637 3638 831 3711 οὐδεὶς
879 3637 1116 3718 τρέφων
1166 3635 1235 3705 εὖ
1278 3637 1548 3720 χρηστὸν
1601 3637 1678 3704 ἂν
1728 3639 1850 3715 θείη
1901 3640 2070 3706 ποτέ.

271 3745 438 3812 Sane
484 3745 603 3812 hoc
648 3744 956 3811 concedo:
1008 3744 1110 3810 his
1155 3747 1449 3811 versibus
1497 3748 1636 3812 sive
1678 3747 1815 3832 ipse
1853 3745 2233 3832 Euripides,
2276 3749 2413 3812 sive
2453 3748 2666 3812 nescio

273 3853 418 3937 quis
482 3872 560 3917 ex
618 3852 921 3917 heroibus
981 3849 1215 3916 diserte
1280 3855 1567 3929 monuit,
1635 3873 1770 3918 esse
1833 3852 2085 3919 malum
2146 3851 2316 3936 quod
2379 3851 2535 3917 adeo
2583 3852 2661 3916 ab

276 3961 451 4023 omni
511 3965 690 4044 parte
750 3960 1104 4044 pessimum
1167 3959 1285 4036 sit,
1352 3980 1479 4023 non
1542 3963 1617 4022 ut
1678 3956 1816 4024 ulla
1877 3963 2012 4024 arte
2065 3960 2264 4045 possit
2313 3956 2660 4023 emendari.

275 4063 579 4130 Ceterum
641 4064 763 4128 hoc
822 4085 1075 4149 quoque
1138 4063 1435 4150 Euripidi
1491 4066 1707 4129 visum
1755 4085 1892 4130 esse
1939 4086 2127 4130 nemo
2179 4065 2472 4151 negabit:
2523 4085 2659 4129 esse

271 4192 457 4257 porro
519 4169 841 4255 quandam
902 4172 1133 4254 cuique
1196 4171 1520 4255 propriam
1586 4172 1788 4235 animi
1849 4169 2132 4236 indolem
2178 4192 2338 4256 quae
2384 4174 2496 4237 vix
2547 4193 2658 4237 un-

266 4297 461 4361 quam
522 4297 783 4361 prorsus
846 4275 1183 4342 abolescat.
1260 4273 1394 4341 -Sod
1462 4273 1621 4340 utile
1687 4283 1783 4342 est
1847 4276 1923 4342 de
1990 4278 2109 4344 hac
2168 4285 2398 4344 natura
2461 4281 2663 4344 animi

268 4381 610 4450 Hecubam
656 4383 877 4450 audire
927 4382 1487 4468 philosophantem
1536 4382 1722 4463 (Hec.
1774 4382 1932 4465 596)

1221 4491 1329 4556 οὐκ
1376 4486 1471 4556 οὖν
1521 4489 1726 4570 δεινόν,
1776 4492 1826 4557 εἰ
1877 4497 1962 4571 γῆ
2008 4491 2123 4570 μὲν
2170 4492 2329 4566 κακὴ
