3246 5085
1325 339 1638 390 nonnus.
2546 320 2679 388 283

376 506 509 574 Da.
560 505 728 588 Quid
774 508 831 572 is
875 503 1067 572 fecit?
1132 505 1264 573 Ge.
1313 507 1455 573 Hoc
1502 506 1847 573 consilium
1895 506 2066 592 quod
2111 505 2322 572 dicam
2367 505 2542 572 dedit

375 612 473 696 (3)
524 612 690 693 „Qui
733 611 1002 678 illum'':
1056 612 1253 699 „qui”
1304 615 1557 679 utinam
1604 619 1736 691 est,
1785 619 1860 678 ut
1906 611 2198 678 Lucilius
2242 614 2310 677 in
2358 610 2668 678 secundo:

284 719 455 800 „Qui
502 726 601 798 te,
651 720 1085 798 Nomentano,
1136 719 1427 786 malum'’
1478 725 1598 786 etc.
1647 720 1855 802 Per-qil
1899 727 2090 784 autem
2127 741 2246 802 per
2295 720 2442 797 „hoo
2488 718 2676 783 eonsi-

282 826 431 890 bium
494 828 653 912 quod
712 827 908 890 dicam
968 827 1204 892 dedie’.
1350 826 1447 908 (4)
1518 825 1728 908 „Qui”
1794 832 1909 893 aut
1972 825 2374 912 expletivum
2421 832 2518 891 est
2563 831 2678 891 aut
2763 887 2790 908 Ι

280 954 655 1019 pronomen,
718 953 844 1020 quo
889 935 1202 1021 incipiens
1250 934 1712 1000 Phormionem
1762 934 2116 1000 describere
2164 933 2495 998 cohorruit
2542 953 2684 998 con-

276 1039 658 1105 sideratione
720 1042 859 1106 eius
922 1047 987 1106 et
1049 1043 1117 1105 in
1176 1042 1337 1108 hanc
1384 1063 1612 1108 vocem
1661 1043 1842 1127 quasi
1892 1040 2194 1108 confusus
2241 1042 2490 1127 erupit;
2555 1039 2676 1104 hoc

278 1153 501 1212 autem
548 1153 797 1212 certum
844 1167 1053 1234 genus
1100 1153 1197 1213 est
1242 1147 1678 1228 παραθέσεως.

374 1251 529 1319 Post
588 1258 832 1318 rectam
895 1252 1133 1319 Donati
1192 1256 1786 1341 interpretationem
1838 1254 2234 1320 affirmanter
2279 1255 2682 1340 propositam

278 1363 351 1424 in
388 1359 504 1440 (3),
544 1361 836 1445 sequitur
870 1359 1189 1425 dubitatio
1232 1359 1516 1426 Editoris
1537 1411 1553 1439 ,
1598 1363 1711 1447 qui
1753 1361 2015 1426 exhibet
2047 1360 2212 1432 ,alias
2252 1381 2380 1425 non
2417 1357 2680 1445 illepide

281 1466 579 1531 inventas
634 1471 699 1530 et
745 1486 1108 1552 expressas3
1160 1471 1337 1533 amat
1380 1465 1491 1532 ille
1546 1465 1990 1553 „expletivae”
2041 1464 2426 1551 particulae,
2473 1471 2550 1530 ut
2593 1463 2674 1530 ad

280 1571 449 1637 Eun.
496 1571 528 1637 I
574 1570 638 1636 2.
670 1571 800 1636 124
824 1571 942 1653 (2),
1006 1571 1069 1636 II
1118 1571 1179 1638 3.
1208 1572 1290 1638 21
1321 1572 1439 1655 (2).
1510 1573 1633 1640 Sed
1699 1572 1855 1659 quid
1916 1573 2041 1639 sibi
2104 1571 2332 1638 volunt
2391 1571 2585 1638 verba
2633 1592 2671 1636 a

280 1676 721 1744 Wessnero
760 1677 1094 1748 ‚inclinatis
1138 1678 1375 1744 litteris
1424 1676 1761 1764 expressa?
1816 1681 1948 1744 Aut
1995 1677 2183 1745 fallor
2229 1684 2344 1746 aut
2388 1681 2455 1743 in
2503 1697 2672 1742 mar-

278 1786 433 1871 gine
476 1787 715 1870 scripta
760 1790 939 1850 erant
985 1806 1022 1850 a
1066 1787 1383 1872 magistro
1431 1785 1711 1872 quodam
1758 1785 1837 1851 ad
1884 1806 1957 1851 ea
2005 1806 2167 1870 quae
2213 1784 2438 1850 Editor
2481 1787 2676 1871 scrip-

282 1897 455 1956 serat
514 1891 593 1965 de
652 1890 851 1976 „qui”
899 1894 1310 1976 pronomine;
1359 1912 1589 1977 nempe
1638 1898 1810 1958 recte
1856 1893 2171 1977 magister
2213 1889 2572 1970 intellexit,
2621 1892 2678 1955 si

284 1997 486 2083 „qui”
549 2019 896 2084 pronomen
957 2001 1077 2077 sit,
1142 2000 1448 2084 con-iungi
1509 2019 1695 2084 posse
1757 2019 1874 2082 pro
1937 1997 2220 2064 subiecto
2266 2019 2416 2063 cum
2462 1997 2678 2063 verbis

282 2105 447 2183 „hoc
487 2153 502 2169 .
532 2151 547 2169 .
578 2150 593 2168 .
634 2103 875 2181 dedit'’‚
926 2104 1077 2169 hinc
1123 2103 1490 2190 adscripsit:
1545 2107 1804 2192 „pergit
1851 2111 2092 2184 autem,
2141 2109 2318 2182 (cum
2365 2125 2492 2170 non
2539 2124 2673 2169 am-

280 2208 455 2296 plius
519 2210 905 2291 cohor-reret)
966 2231 1079 2297 per
1139 2211 1203 2276 h.
1231 2232 1282 2276 c.
1311 2233 1369 2297 q.
1398 2211 1462 2276 d.
1488 2211 1595 2276 d.”
1649 2249 1734 2262 -—
1786 2209 2187 2296 Oompilator
2230 2212 2386 2276 haec
2431 2213 2692 2305 iniusto.

278 2317 423 2382 loco
483 2318 775 2382 inseruit.
839 2317 1053 2382 Etiam
1104 2338 1295 2403 supra
1342 2317 1636 2403 exempla
1683 2317 2031 2383 habuimus
2077 2317 2452 2384 huiusmodi
2497 2324 2672 2383 nota-

279 2444 431 2490 rum
485 2423 945 2511 marginalium
992 2426 1060 2488 in
1108 2423 1408 2490 Editione
1450 2423 1870 2510 interpolata,
1919 2444 2044 2510 qua
2091 2421 2493 2510 compilator
2536 2429 2672 2490 ute·
2775 2504 2784 2509 ,

278 2531 491 2599 batur.

370 2638 531 2704 Ibid.
583 2637 669 2703 84
736 2635 1093 2702 Iocularem
1140 2634 1508 2709 audaciam!

372 2744 535 2810 Don.
583 2743 681 2824 (2)
720 2744 1008 2823 Εἰρωνεία
1051 2742 1193 2807 κατ’
1229 2744 1619 2823 ἀντίφρασιν,
1668 2744 1788 2811 hoc
1829 2750 1926 2809 est
1973 2746 2314 2810 minime
2360 2744 2670 2810 iocula-

278 2833 471 2919 rem.
607 2849 724 2916 Ed.
773 2848 871 2932 (3)
919 2851 1017 2914 An
1067 2870 1230 2934 quae
1276 2870 1355 2914 ex
1402 2848 1556 2915 ludo
1606 2858 1672 2915 et
1718 2852 1856 2915 ioco
1902 2853 1970 2915 in
2009 2849 2372 2936 periculum
2411 2848 2670 2917 veniat?

371 2958 551 3024 Haec
608 2978 735 3023 non
796 2955 1084 3021 multum
1132 2956 1467 3033 differunt,
1518 2958 1574 3021 si
1622 2956 1862 3022 Donati
1907 2957 2304 3043 periphrasin
2351 2959 2442 3022 sic
2485 2955 2673 3022 intel-

275 3065 588 3152 ligimus:
652 3062 985 3129 audaciam
1046 3064 1277 3127 seriam
1298 3110 1315 3141 ‚
1379 3062 1826 3148 periculosam.
1891 3061 1979 3129 Et
2040 3062 2160 3129 hoc
2207 3062 2528 3150 significat
2573 3084 2676 3128 ex-

276 3170 579 3238 clamatio
595 3219 612 3250 ,
660 3175 737 3234 ut
782 3173 1143 3235 monstrant
1192 3171 1483 3255 proxima
1529 3168 1698 3235 Davi
1746 3168 1972 3234 verba:
2027 3168 2123 3247 „O
2172 3167 2370 3248 Geta,
2414 3168 2568 3255 quid
2609 3176 2671 3233 te

274 3278 578 3343 futurum
639 3273 815 3341 est1’'
878 3274 1214 3341 Sloman
1277 3277 1495 3340 minus
1556 3279 1762 3341 recte:
1829 3273 2068 3353 „What
2111 3278 2416 3362 amusing
2459 3278 2672 3362 impu-

280 3380 553 3449 dence!'’

370 3487 530 3556 Ibid.
580 3486 669 3554 92
738 3486 1042 3556 Ceterum
1086 3489 1351 3573 posthac
1398 3490 1453 3554 si
1501 3489 1882 3573 quicquam,
1930 3487 2024 3554 nil
2068 3509 2290 3573 precor

367 3596 532 3663 Don.
580 3594 675 3674 (l)
723 3594 938 3661 Facile
985 3597 1375 3680 impretrat,
1410 3598 1521 3681 qui
1559 3617 1685 3661 non
1725 3597 1943 3661 omnia
1980 3600 2336 3681 extorquet.
2380 3632 2465 3645 -—
2506 3598 2668 3679 Eryo

272 3726 379 3768 ara
404 3702 757 3787 precatoria
796 3708 884 3765 eat
922 3702 1199 3782 mitiqare
1220 3701 1595 3783 praesentia,
1621 3702 1864 3788 futura
1880 3701 2244 3785 permittere.
2295 3739 2381 3751 —
2429 3702 2526 3782 (3)
2554 3702 2671 3780 „Si

281 3809 671 3895 quicquam”
738 3811 813 3874 ut
875 3807 1074 3887 solet,
1138 3806 1466 3894 eleganter
1526 3829 1642 3893 per
1689 3808 1989 3889 ἔλλειψιν.
2063 3846 2148 3857 --
2220 3808 2317 3888 (4)
2363 3815 2429 3873 et
2473 3809 2673 3874 simul

277 3937 405 3981 non
464 3917 520 3981 si
582 3912 1081 3981 tantundem
1150 3916 1544 3998 peccaverit,
1610 3914 1722 3980 sed
1769 3917 1825 3979 si
1873 3914 2009 3981 vel
2053 3915 2533 3992 minimum,
2583 3952 2670 3965 --

279 4020 410 4088 tale
454 4027 553 4088 est
598 4019 763 4086 illud
808 4023 909 4099 „si
954 4041 1205 4087 sensero
1251 4019 1441 4086 hodie
1489 4023 1835 4106 quicquam
1882 4023 1952 4085 in
2001 4021 2104 4085 his
2151 4026 2214 4085 te
2261 4022 2506 4106 nuptiis
2554 4020 2674 4086 fal-

273 4128 477 4195 laciae
538 4128 817 4206 conari”,
881 4133 946 4193 et
996 4130 1094 4206 „si
1158 4130 1505 4214 quicquam
1567 4129 1861 4193 invenies
1923 4148 2030 4193 me
2076 4129 2464 4207 mentitum,
2516 4130 2679 4194 occi-

272 4234 453 4301 dito'’
518 4234 744 4316 (Andr.
802 4232 951 4299 196.
1002 4232 1187 4316 863).
1329 4230 1426 4315 (5)
1478 4232 1746 4311 „Nihil”
1796 4255 1911 4320 pro
1961 4255 2142 4299 non.
2195 4270 2280 4283 -—
2335 4234 2452 4298 Sed
2490 4235 2677 4318 plena

276 4342 515 4424 neyatio
562 4348 649 4406 est
696 4340 966 4419 „nihib'’.

364 4448 816 4517 Additamento.
861 4469 975 4536 per
1012 4470 1148 4532 erqo
1185 4450 1252 4511 in
1294 4448 1391 4530 (l)
1431 4454 1496 4513 et
1542 4450 1650 4513 sed
1685 4449 1751 4512 in
1789 4447 1887 4530 (5)
1922 4450 2056 4514 iam
2096 4450 2346 4517 notavit
2369 4448 2659 4519 Wessn.
