3246 5085
603 333 690 400 26
1640 343 1952 394 neurus.

603 517 722 582 sub
789 515 850 592 3,
911 519 1103 598 atque
1165 511 1406 578 ibidem
1471 511 1658 595 posui
1710 509 2140 594 plurimarum
2185 513 2509 574 auctorem
2554 527 2706 573 eum
2750 507 2953 573 fuisse
2974 556 3001 587 ,

603 625 716 706 qui
803 621 1034 686 Donati
1115 623 1557 684 commentum
1628 618 1867 680 iterum
1939 614 2208 680 ediderit
2274 617 2582 699 cuiusque
2650 615 3005 698 personam

601 727 906 812 descripsi
950 747 1014 810 p.
1064 723 1103 789 9
1151 723 1295 788 adn.
1338 721 1400 786 3.
1448 720 1673 820 Itaque
1714 722 1867 786 huic
1910 722 2105 805 capiti
2152 719 2542 784 confidenter
2584 720 2941 804 praescribo

692 912 1038 980 Scholia
1084 913 1311 977 varii
1355 911 1696 996 generis
1742 910 1837 974 ab
1881 907 2230 973 Editore
2275 909 2784 993 praesertim
2826 909 2913 970 in

1138 1017 1529 1082 Eunuchi
1575 1021 2127 1081 commentum
2172 1012 2445 1078 illata.

698 1182 870 1249 Prol.
923 1181 961 1248 Ι7
1010 1182 1135 1262 Qui
1179 1182 1337 1246 bene
1383 1180 1688 1246 vertendo

697 1287 794 1368 (2)
836 1285 1237 1366 „Vertendo”
1279 1288 1345 1350 in
1385 1285 1683 1350 Latinam
1720 1284 2015 1371 linguam
2056 1284 2516 1361 transferendo,
2558 1290 2633 1348 ut
2674 1282 3003 1360 „Plautus

602 1396 801 1459 vertit
847 1393 1154 1458 barbare’'
1208 1390 1404 1468 (Prol.
1453 1388 1628 1454 Trin.
1680 1389 1837 1468 19)..
1975 1387 2081 1454 Sic
2128 1387 2436 1453 Donatus,
2486 1387 2801 1473 Opposuit
2846 1387 3011 1452 Edi-

605 1504 704 1564 tor
748 1497 846 1581 (3)
892 1499 1028 1562 Aut
1077 1480 1468 1573 „vertendo”
1517 1495 1999 1579 corrumpendo,

694 1600 790 1668 Cf.
839 1600 1050 1667 Schol.
1101 1600 1341 1665 Bemb:
1395 1600 1609 1676 „Bene
1657 1598 2009 1665 vertendo'’
2055 1600 2311 1683 penitus
2359 1596 2715 1663 evertendo.

690 1706 853 1771 Ibid.
904 1705 1063 1790 9sq.
1110 1704 1290 1769 Idem
1337 1705 1679 1768 Menandri
1728 1703 2004 1768 Phasma
2048 1724 2216 1768 nunc
2261 1724 2467 1786 nuper
2512 1701 2687 1766 dedit

1113 1810 1324 1894 Atque
1369 1811 1436 1871 in
1485 1807 1811 1872 Thesauro
1860 1811 2146 1893 scripsit,
2195 1813 2343 1872 cett.

693 1916 792 1994 (1)
854 1915 1134 1999 Apparet
1194 1915 1689 1998 pronuntiatum
1710 1961 1725 1990 ,
1792 1916 1973 1997 quasi
2019 1914 2137 1978 hoc
2182 1915 2321 1999 ipso
2368 1912 2776 1977 admonuerit
2818 1931 3001 1996 spec-

609 2024 883 2085 tatorem
904 2066 920 2096 ,
968 2039 1160 2103 quam
1209 2020 1486 2102 turpiter
1530 2023 1594 2082 et
1638 2019 1938 2103 imperite
1984 2017 2139 2082 haec
2184 2015 2399 2082 fabula
2444 2019 2679 2101 scripta
2724 2019 2828 2080 sit.

699 2123 796 2204 (2)
858 2124 943 2188 Et
1002 2125 1160 2188 bene
1225 2144 1435 2200 „nunc
1495 2123 1763 2207 nuper'’,
1828 2129 1906 2188 ut
1965 2143 2044 2188 ex
2108 2125 2437 2187 vicinitate
2500 2123 2653 2187 facti
2700 2119 3004 2186 ostendat

613 2227 779 2293 nihil
843 2249 978 2292 esse
1038 2227 1375 2292 dicendum
1393 2275 1410 2304 ,
1475 2248 1671 2312 quam
1737 2226 2136 2311 displicuerit
2198 2228 2351 2291 haec
2408 2226 2731 2292 comoedia
2774 2225 3006 2290 Luscii

614 2330 973 2410 Lanuvini,
1037 2339 1370 2417 propterea
1429 2332 1597 2416 quod
1645 2353 1744 2397 res
1790 2353 2006 2398 recens
2052 2335 2137 2396 sit
2183 2339 2247 2396 et
2294 2353 2513 2397 omnes
2558 2333 3003 2396 meminerint.

698 2437 794 2516 (3)
842 2437 1182 2514 (Narratur
1227 2453 1687 2522 argumentum
1734 2438 2147 2518 Phasmatis).

699 2544 798 2624 (4)
845 2541 1082 2607 Utrum
1124 2564 1276 2628 ergo
1323 2544 1443 2607 hoc
1484 2541 1655 2607 dicat
1692 2550 1802 2622 (sc.
1846 2547 2221 2628 quaeritur),
2262 2544 2430 2628 quod
2468 2549 2670 2609 totam
2708 2541 3003 2608 fabulam

610 2648 942 2728 (Phasma)
1004 2647 1436 2712 transferendo
1497 2646 1755 2712 laeserit
1812 2647 1999 2714 Lusc.
2061 2648 2332 2726 Lanuv„
2396 2668 2475 2713 an
2539 2670 2660 2713 non
2709 2649 2864 2724 hoc,
2915 2648 3004 2713 de

609 2773 735 2837 quo
783 2757 1039 2816 tantum
1085 2751 1504 2836 reprehendat
1536 2752 1604 2837 ¹),
1655 2752 1765 2817 sed
1811 2752 1913 2819 his
1962 2754 2164 2839 signis
2204 2753 2365 2819 velit
2402 2753 2756 2829 ostendere,
2798 2773 3004 2837 quem

609 2857 781 2922 dicat
826 2859 1060 2922 vitiose
1105 2854 1511 2921 Thesaurum
1557 2860 2026 2943 composuisse,
2073 2863 2150 2922 ut
2186 2860 2253 2921 in
2292 2857 2617 2923 Thesauro
2656 2860 2742 2922 sit
2780 2856 3000 2942 culpa,

607 2982 732 3027 non
778 2964 847 3025 in
895 2962 1258 3026 Phasmate.

697 3064 794 3144 (5)
843 3064 1146 3150 „Nuper”
1197 3087 1273 3130 ex
1320 3065 1453 3131 illis
1501 3067 1713 3133 verbis
1760 3072 1891 3145 est,
1939 3073 2087 3133 cett.

698 3168 795 3249 (6)
857 3169 1220 3248 „Phasma”
1284 3172 1446 3259 hanc
1508 3170 1795 3236 fabulam
1844 3178 2051 3238 totam
2100 3173 2394 3250 damnat,
2442 3180 2517 3237 ιιι
2563 3178 2859 3259 apparet,
2885 3176 3003 3237 'si-

605 3275 803 3339 lentio
821 3293 836 3351 ;
885 3271 1288 3339 Thesaurum
1333 3296 1484 3341 vero
1533 3296 1658 3341 non
1707 3282 1943 3361 totam,
1993 3276 2102 3342 sed
2150 3299 2226 3343 ex
2274 3298 2401 3343 uno
2447 3276 2605 3343 loco,

697 3378 922 3463 Itaque
981 3382 1048 3443 in
1109 3380 1305 3445 schol.
1370 3380 1468 3460 (1)
1530 3379 1630 3460 (2)
1691 3380 1790 3465 (6)
1853 3402 2078 3447 versus
2138 3402 2344 3447 nonus
2405 3384 2498 3447 ita
2543 3384 3005 3468 pronuntiatus

607 3504 743 3549 esse
803 3484 1057 3560 dicitur,
1122 3492 1198 3549 ut
1261 3491 1474 3549 totum
1536 3486 1814 3561 Phasma
1864 3507 2016 3551 voce
2061 3492 2127 3551 et
2168 3494 2360 3573 gestu
2406 3486 2835 3565 damnaretur,
2882 3488 3002 3552 sed

608 3588 903 3666 silenti0,
965 3589 1029 3652 h.
1067 3609 1121 3653 e.
1169 3592 1304 3653 sine
1350 3600 1568 3674 aperta
1611 3592 2113 3676 reprehensione,
2165 3595 2314 3676 qnia
2356 3600 2739 3677 spectatores
2787 3591 3005 3657 adhuc

611 3695 1058 3771 meminerint,
1095 3700 1505 3779 ·quantopere
1553 3696 1970 3781 displicuerit.
2063 3696 2251 3762 quta
2296 3697 2458 3762 hanc
2503 3696 3006 3782 explicationem

607 3801 677 3862 in
722 3796 817 3878 (4)
865 3796 993 3862 alia
1039 3802 1434 3884 proponitur,
1485 3822 1716 3885 nempe
1761 3822 2023 3867 versum
2072 3823 2314 3879 nonum
2360 3802 2479 3881 th
2523 3808 2779 3867 tantum
2826 3822 3007 3885 spec-

611 3910 743 3967 tare
766 3950 781 3979 ,
831 3908 906 3966 ut
955 3907 1280 3968 mentione
1326 3905 1689 3970 comoediae
1739 3926 1941 3992 nuper
1986 3927 2021 3971 a
2069 3905 2364 3972 Terentio
2408 3906 2629 3972 doctae
2666 3926 3009 3992 cog-nosca-

609 4013 736 4082 tur,
780 4009 923 4089 quis
963 4013 1183 4073 auctor
1221 4012 1306 4073 sit
1343 4008 1692 4089 Thesauri,
1734 4014 1919 4077 cuius
1958 4010 2137 4077 locus
2160 4012 2646 4097 reprehenditur
2668 4034 2762 4079 vs.
2794 4012 2879 4077 10
2902 4034 3003 4098 sq.

699 4112 885 4176 Prior
931 4111 1272 4197 explicatio
1317 4118 1504 4181 unice
1550 4119 1724 4181 iusta
1770 4122 1900 4195 est,
1947 4138 2095 4183 nam
2136 4123 2313 4183 totus
2350 4117 2530 4183 locus
2565 4118 2714 4184 inde
2752 4138 2789 4182 a
2826 4140 2925 4184 vs.
2954 4118 2999 4185 ¹7

677 4337 732 4401 1)
776 4336 928 4386 Locus
973 4340 1230 4402 corruptus
1279 4338 1484 4388 videtur.
1531 4338 1699 4388 Placet
1735 4338 1879 4389 lectio
1910 4340 2131 4390 Zeunii
2166 4350 2215 4391 ot
2247 4340 2499 4392 Fabiam
2544 4357 2631 4391 nan
2668 4342 2759 4392 hoc
2794 4344 2992 4392 tunm

607 4420 750 4480 dicat,
787 4434 884 4469 noa
915 4436 1010 4484 quo
1045 4420 1410 4485 reprehendat''.
