3246 5085
1071 357 1337 408 mtmus
1381 356 1825 408 snrunoasms.
2242 378 2249 384 ·
2510 341 2636 410 179

256 519 534 585 duorum
583 518 842 605 quidem
881 519 1328 587 defunctorum
1368 523 1630 586 nomina
1668 519 1912 607 prodit,
1954 521 2186 587 horum
2227 527 2444 587 tamen
2482 521 2642 588 dicit

255 629 514 690 tantum
576 633 797 702 μνῆμαι
860 625 998 690 τάδε
1061 634 1262 692 κεῖται
1283 674 1300 705 ,
1361 627 1527 691 abr&
1578 626 1640 690 δὲ
1685 628 1753 691 οὐ
1802 628 2051 692 κεῖσθον.
2116 626 2494 706 Παραδεῒξοοι
2542 632 2643 693 est

252 727 502 815 aliquid
536 732 634 797 ita
672 730 1000 797 ostendere
1036 737 1114 796 ut
1153 753 1268 817 pro
1306 729 1600 818 exemplo
1638 734 1756 810 sit,
1797 739 1874 796 ut
1913 730 2105 798 decus
2142 735 2281 799 eius
2319 739 2641 820 appareat.

255 835 721 921 Accipiendum
783 837 889 902 hic
948 843 1046 902 est
1104 836 1180 901 (16
1234 838 1554 922 prothesi,
1603 857 1731 922 qua
1775 839 1844 901 in
1888 836 2053 903 lecto
2102 841 2367 924 proponi
2412 839 2643 920 (προτί-

258 941 491 1021 θεσθαι)
547 941 996 1008 defunctorum
1057 963 1319 1026 corpora
1379 941 1665 1008 solebant
1717 941 1890 1007 haud
1938 945 2073 1008 sine
2116 944 2393 1029 quadam
2440 951 2645 1011 osten·

261 1049 542 1126 tatione,
603 1049 803 1115 variis
862 1030 1073 1113 modis
1118 1053 1359 1114 ornata.
1404 1048 1658 1113 Nostris
1706 1048 1913 1114 adhuc
1959 1051 2360 1134 temporibus
2402 1053 2472 1116 in
2517 1073 2643 1117 usu

257 1158 358 1219 est
393 1173 519 1219 vox
559 1151 1020 1238 „paradebed”.
1060 1153 1438 1238 Antiquitas
1477 1152 1791 1238 prothesis
1820 1153 1900 1218 ad
1923 1154 2423 1241 unumquodque
2446 1155 2643 1222 funus

255 1257 612 1324 solemnius
670 1258 1051 1344 pertinebat.
1122 1256 1276 1323 Fuit
1335 1259 1544 1344 igitur
1602 1257 1968 1343 sepulcrum
1986 1309 2004 1339 ,
2068 1263 2173 1325 cui
2220 1259 2383 1326 stela
2428 1268 2644 1328 nostra

256 1366 613 1449 composita
680 1364 846 1442 fuit,
915 1362 1297 1442 κενοτάφιον.
1368 1363 1586 1429 Liberi
1657 1364 1727 1429 hi
1794 1364 1920 1430 duo
1989 1368 2081 1438 ita
2140 1369 2461 1453 perierant
2482 1415 2498 1446 ,
2565 1372 2643 1431 ut

255 1491 484 1535 eorum
530 1490 789 1555 corpora
832 1473 1083 1555 praesto
1131 1491 1255 1534 nou
1302 1476 1512 1535 essent
1556 1469 1682 1548 (fac
1719 1490 1829 1535 eos
1867 1470 2196 1536 devoratos
2233 1492 2369 1538 esse
2410 1472 2643 1552 undis),

257 1593 423 1660 quae
491 1571 863 1640 solemniter
927 1579 1450 1660 proponerentur,
1521 1574 1914 1653 efferrentur,
1983 1575 2439 1661 sepelirentur:
2526 1577 2645 1643 hoc

255 1700 512 1765 quoque
570 1700 757 1746 saeva
816 1700 948 1746 sors
1007 1680 1381 1766 parentibus
1441 1678 1785 1746 ademerat.
1849 1680 1925 1746 In
1983 1680 2273 1768 sepulcro
2334 1685 2460 1769 ipsi
2518 1703 2645 1749 non

257 1785 571 1851 iacebant.
1124 1855 1132 1862 ,

352 1888 428 1955 111
489 1891 901 1976 sequentibus
963 1888 1126 1955 illud
1175 1887 1425 1956 λιπόντε
1469 1890 1590 1956 1100
1637 1890 1833 1956 habet
1880 1890 2308 1971 difficultatis,
2360 1892 2532 1978 quod
2577 1895 2644 1958 in

259 1994 783 2061 antecedentibus
828 1995 1262 2061 desideramus
1309 1995 1580 2061 verbum
1628 1995 1886 2082 aliquod
1923 1999 1992 2061 in
2032 1996 2236 2076 duali,
2280 2000 2463 2064 cuius
2502 2000 2646 2064 sub-

259 2103 428 2167 iecto
487 2103 651 2181 (sive
711 2099 969 2166 silentio
1030 2121 1368 2187 suppresso
1389 2151 1406 2180 ,
1471 2103 1607 2167 sive
1656 2101 1867 2166 verbis
1914 2109 2238 2188 expresso)
2283 2104 2401 2169 hoc
2449 2107 2645 2190 parti·

261 2208 504 2292 cipium
546 2208 963 2292 appositionis
999 2205 1135 2272 loco
1172 2213 1340 2272 recte
1380 2205 1668 2293 adaptari
1707 2210 1928 2292 possit.
1969 2207 2218 2273 Poteris
2254 2209 2321 2274 id
2344 2209 2645 2295 quodam-

261 2313 452 2378 modo
513 2315 899 2400 coniungere
943 2333 1092 2378 cum
1137 2310 1250 2378 illo
1297 2314 1464 2377 αὐτὼ
1511 2311 1572 2376 δὲ
1622 2315 1687 2378 οὐ
1736 2314 2041 2394 (κεῖσθον),
2090 2319 2166 2381 ut
2211 2315 2405 2397 verba
2450 2339 2645 2397 παρα-

263 2416 460 2495 δεῖξαι
507 2420 628 2498 vicl).
655 2419 707 2484 ὅ.
734 2444 800 2484 σι.
827 2443 895 2484 π.
920 2425 996 2496 Φ.
1024 2444 1081 2483 ιι.
1107 2418 1296 2496 μητρί
1341 2424 1674 2503 tamquam
1722 2420 1787 2483 in
1837 2420 2197 2504 parenthesi
2246 2423 2454 2505 posita
2494 2424 2641 2487 sint.

261 2523 431 2593 Cave
478 2530 694 2591 tamen
737 2525 1258 2611 interpretatione
1298 2545 1371 2590 ea
1409 2529 1699 2589 accurate
1738 2527 2111 2591 concinnare
2151 2525 2440 2606 studeas,
2483 2548 2643 2613 quae

261 2634 461 2698 miser
499 2637 684 2717 poeta
720 2633 1022 2697 concinne
1057 2650 1406 2716 proponere
1445 2633 1713 2695 minime
1752 2629 1978 2697 valuit.
2028 2629 2191 2697 Sane
2230 2630 2411 2698 nullo
2451 2622 2641 2699 modo

262 2738 626 2803 concinnior
670 2735 888 2802 evadit
931 2738 1134 2801 oratio
1182 2738 1236 2800 si
1285 2736 1450 2799 αὐτὼ
1493 2733 1556 2799 δὲ
1603 2736 1671 2798 οὖ
1719 2755 1757 2800 a
1801 2736 1995 2801 verbo
2046 2736 2413 2814 παραδεῖξαι
2464 2738 2644 2804 nulla

261 2844 771 2928 interpunctione
812 2840 1212 2906 disiunxeris.
1255 2840 1361 2905 Sic
1400 2842 1570 2905 enim
1611 2841 1777 2905 αὐτώ
1814 2862 1929 2925 pro
1970 2841 2163 2906 huius
2196 2842 2374 2907 verbi
2398 2843 2643 2908 obiecto

265 2950 682 3030 (accusativo)
739 2945 1103 3012 habendum
1166 2950 1299 3023 est,
1361 2950 1438 3009 ut
1497 2947 1941 3011 nominativus
1989 2945 2196 3012 dualis
2243 2950 2347 3013 cui
2395 2947 2644 3012 λιπόντε

264 3054 604 3140 adaptetur
646 3055 714 3117 in
762 3055 898 3117 toto
944 3053 1412 3138 epigrammate
1457 3048 1566 3116 vel
1610 3049 1799 3137 plane
1848 3050 2033 3117 desit.
2088 3100 2101 3111 .

354 3160 454 3225 En
491 3160 686 3225 habes
723 3164 1007 3223 nostram
1042 3158 1489 3241 generatione,
1531 3176 1727 3241 quam
1766 3156 2020 3249 dicunt,
2062 3162 2405 3243 spontanea
2426 3164 2645 3226 natam

264 3266 876 3352 interpretationem.
941 3262 1112 3327 Mihi
1178 3261 1436 3347 quidem
1506 3261 1763 3327 videtur
1834 3283 1969 3327 esse
2040 3266 2195 3328 satis
2256 3264 2603 3349 probabilis
2623 3313 2639 3345 ,

261 3370 494 3437 saltem
539 3370 734 3456 digua
779 3389 941 3454 quae
989 3389 1136 3433 cum
1184 3370 1342 3432 viris
1379 3366 1582 3432 doctis
1621 3369 2149 3434 communicetur.
2197 3368 2539 3435 Postmodo
2574 3373 2641 3434 in

263 3478 565 3543 notitiam
609 3475 777 3540 mihi
823 3476 1002 3539 venit
1045 3472 1416 3551 Leeuweni,
1466 3472 1751 3559 collegae
1790 3475 2055 3559 optimi,
2096 3473 2290 3538 huius
2330 3477 2643 3561 epigram·

265 3584 460 3647 matis
517 3580 858 3657 correctio,
923 3598 1117 3663 quam
1163 3580 1492 3665 proposuit
1537 3581 1603 3643 in
1650 3580 1771 3643 hoc
1817 3581 1957 3664 ipso
2006 3580 2207 3645 diario
2254 3599 2416 3646 anno
2467 3579 2639 3646 1894

265 3710 329 3774 p.
358 3684 512 3751 396.
555 3683 832 3752 Griticus
870 3705 1229 3771 anonymus
1267 3683 1433 3769 apud
1460 3682 1806 3749 Hoffmann
1830 3685 1899 3748 in
1921 3682 2086 3749 libro
2109 3684 2201 3749 ibi
2226 3706 2263 3749 a
2287 3684 2639 3751 Leeuweno

263 3795 461 3859 citato
528 3794 930 3876 epigramma
993 3792 1084 3855 sic
1143 3787 1452 3875 explicat:
1523 3810 1691 3867 „nur
1751 3788 1861 3854 das
1924 3786 2063 3855 Mal
2082 3836 2097 3865 ,
2168 3788 2278 3854 das
2339 3788 2485 3855 Bild
2531 3790 2641 3856 der

263 3898 473 3963 Mnes.
537 3895 668 3960 und
729 3894 883 3960 Nik.
931 3895 1104 3959 steht
1147 3895 1323 3972 hier3
1372 3894 1474 3959 die
1521 3892 1769 3959 Kinder
1813 3892 2011 3959 selbst
2057 3892 2478 3959 vorzustellen
2529 3896 2641 3961 hat
2716 3960 2718 3963 Α

263 4003 377 4069 (161·
441 4000 630 4067 Wille
688 3999 796 4066 des
842 3999 1128 4065 Daemon
1176 3999 1297 4064 deu
1343 3998 1564 4064 Eltern
1612 3997 2065 4084 genommen”.
2113 3998 2285 4078 Quae
2330 4004 2643 4075 sententia

261 4109 621 4174 Leeuweno
670 4105 920 4199 prodire
967 4112 1222 4170 tantum
1269 4104 1524 4170 videtur
1568 4106 1626 4169 si
1672 4103 1961 4189 legatur:

583 4212 750 4277 αὐτὸ
797 4209 850 4275 δ’
899 4212 964 4274 οὖ
1013 4209 1182 4289 πάροι
1226 4209 1454 4287 δεῖξαι·
1506 4209 1809 4287 ἀφείλετο
1858 4209 2144 4285 δαίμονος
2190 4206 2365 4277 αἶσα.

259 4318 528 4388 Gaudeo
569 4316 737 4404 quod
776 4316 1214 4382 vanLeeuwen
1258 4336 1508 4401 quoque
1547 4317 1948 4401 epigramma
1984 4315 2428 4401 explicandum
2455 4322 2641 4403 putat

263 4422 583 4494 versiculo
628 4423 747 4489 hoc
783 4424 1292 4508 interpunctione
1331 4419 1705 4499 dividend0,
1747 4441 2135 4507 quamquam
2173 4424 2470 4488 omnibus
2508 4445 2641 4509 per-
