3246 5085
1524 976 2141 1073 PERSONA.

1703 1214 1953 1255 sempsvr

1354 1394 1413 1461 J.
1466 1394 1640 1461 VAN
1692 1392 2304 1463 WAGENINGEN.

1648 1684 2024 1729 -m-

728 1924 1018 1991 Waldins
1090 1928 1153 1991 in
1222 1926 1471 1993 lexicon
1542 1926 2052 2014 etymologicum
2121 1927 2384 2016 linguae
2445 1926 2747 2007 Latinae,
2821 1951 3034 2016 nuper

640 2034 921 2111 editum,
971 2056 1021 2098 s.
1047 2056 1111 2099 v.
1150 2056 1415 2117 persona
1460 2035 1702 2118 recepit
1749 2040 2080 2119 tamquam
2129 2042 2377 2099 certum
2424 2032 2671 2120 aliquid
2717 2042 2781 2101 et
2829 2036 3032 2101 stabi-

637 2138 831 2204 litum
878 2138 1339 2225 veriloquium,
1389 2138 1559 2224 quod
1598 2138 2024 2205 Stowasserus
2065 2142 2132 2203 in
2171 2138 2354 2205 stud.
2387 2139 2575 2205 Vind.
2615 2140 2742 2206 XII
2783 2164 2844 2227 p.
2891 2141 3029 2207 156

638 2248 988 2331 proposuit.
1049 2245 1113 2309 Is
1171 2248 1343 2310 enim
1406 2244 1543 2309 loco
1604 2244 1812 2321 Festi,
1873 2266 2066 2329 quem
2109 2246 2277 2310 infra
2323 2246 2673 2311 describam
2721 2251 2786 2311 et
2830 2250 3030 2312 inter-

639 2351 951 2435 pretabor,
1038 2351 1238 2415 fretus
1308 2351 1723 2434 participium
1781 2358 2140 2431 personatus
2207 2358 2274 2415 et
2341 2349 2734 2416 locutionem
2782 2353 3028 2437 fabula

624 2462 955 2537 personata
1012 2457 1150 2539 ipso
1213 2455 1613 2519 substantivo
1651 2478 1916 2537 persona·
1961 2457 2321 2540 antiquiora
2365 2476 2501 2520 esse
2550 2458 2780 2521 statuit
2827 2462 3028 2541 atque

636 2582 860 2627 vocem
896 2569 1255 2644 personatus
1292 2581 1369 2626 ex
1406 2565 1871 2647 praepositione
1912 2561 2138 2627 Latina
2165 2585 2282 2644 per
2321 2569 2387 2626 et
2427 2560 2669 2628 Graeco
2709 2562 3026 2628 vocabulo

638 2667 809 2749 ζώνη,
878 2669 1048 2753 quod
1105 2671 1303 2732 etiam
1350 2669 1418 2732 in
1464 2669 1718 2731 amatim
1762 2674 1830 2732 et
1874 2669 2147 2732 oduarius
2192 2675 2419 2746 exstet,
2471 2669 2809 2734 conflat-am
2854 2670 3026 2734 iudi-

635 2781 737 2840 cat
752 2796 766 2853 ;
833 2781 1241 2860 personatum
1288 2777 1496 2860 igitur
1541 2777 1798 2860 proprie
1845 2795 1995 2839 eum
2044 2796 2214 2852 esse,
2263 2777 2375 2860 qui
2422 2772 2800 2840 Germanice
2847 2774 3022 2841 dica-

635 2887 743 2944 tur
792 2879 1256 2962 „verkleidet''‚
1309 2879 1534 2944 deinde
1580 2901 1659 2944 ex
1705 2879 1823 2943 hac
1862 2879 2329 2964 significatione
2370 2878 2565 2944 aliam
2601 2900 2736 2944 esse
2775 2886 3021 2958 ortam,

633 3007 760 3071 qua
803 2989 860 3050 is
906 2989 1017 3070 qni
1060 2985 1241 3051 larva
1286 2985 1552 3050 indutus
1599 2988 1719 3062 sit,
1768 2984 2158 3072 designetur.

726 3091 907 3156 Hanc
968 3100 1183 3174 tamen
1245 3091 1710 3178 etymologiam
1755 3093 2016 3156 omnino
2064 3091 2328 3176 probare
2376 3112 2502 3156 non
2550 3112 2834 3176 possum.
2881 3091 3030 3156 Pri-

634 3217 817 3261 mum
888 3197 1061 3260 enim
1121 3217 1289 3281 nego
1342 3203 1704 3278 personatus
1755 3235 1835 3245 —
1886 3203 1961 3261 ut
2027 3204 2273 3262 taceam
2335 3197 2412 3261 de
2476 3197 2672 3261 huius
2730 3196 3027 3262 hibridae

628 3303 916 3388 origine,
973 3303 1027 3365 si
1074 3322 1151 3365 ex
1188 3325 1306 3384 per
1352 3309 1417 3366 et
1461 3301 1612 3382 ζώνη
1662 3307 1811 3366 nata
1858 3305 1945 3366 sit
1993 3339 2076 3350 —
2121 3302 2293 3366 idem
2344 3323 2526 3386 posse
2569 3301 2783 3367 valere
2827 3307 3026 3386 atque

632 3405 1089 3473 Germanicum
1142 3406 1307 3471 illud
1358 3406 1820 3485 ‚,verkleidet’'‚
1870 3429 2019 3472 cum
2069 3410 2126 3472 is
2172 3411 2284 3492 qui
2331 3409 2604 3473 formam
2652 3427 2836 3472 suam
2881 3427 3026 3491 spe-

630 3515 919 3597 ciemque
982 3511 1299 3578 occultare
1364 3512 1579 3577 studet
1641 3519 1706 3576 et
1753 3515 1900 3597 quis
1945 3515 2066 3589 sit,
2123 3512 2326 3577 celare
2388 3519 2676 3590 conatur,
2725 3512 2845 3576 hoc
2890 3532 3026 3576 non

628 3618 819 3682 faciat
878 3627 955 3698 τῇ
1021 3617 1167 3698 ζώνῃ
1218 3621 1354 3683 sive
1402 3616 1664 3702 cingulo
1710 3620 2079 3703 peregrino,
2131 3618 2238 3683 sed
2285 3621 2422 3703 ipsa
2469 3623 2646 3683 veste
2685 3616 3025 3683 mutanda.

630 3719 898 3787 Accedit
943 3722 1111 3808 quod
1159 3725 1228 3787 in
1276 3725 1737 3809 praepositione
1771 3747 1891 3805 per
1941 3726 2035 3788 vis
2073 3722 2186 3787 illa
2225 3725 2604 3788 mutationis
2643 3744 2768 3788 non
2806 3725 3019 3801 inest,

630 3849 787 3914 qnae
838 3831 890 3892 si
937 3829 1270 3894 indicanda
1313 3835 1443 3906 est,
1484 3836 1559 3893 ut
1596 3831 1666 3892 in
1705 3849 1991 3893 sermone
2032 3827 2274 3893 Graeco
2317 3830 2506 3904 μετά,
2547 3831 2743 3894 ita-in
2782 3829 3020 3893 Latino

628 3940 799 3997 trans
846 3933 1182 3999 adhibetur
1227 3935 1331 4013 (cf.
1380 3935 1823 4021 transformare
1863 3941 1924 3999 et
1963 3932 2520 4018 Francogallicum
2575 3929 3022 4012 „travestir'’).

625 4039 847 4124 Itaque
892 4048 1264 4122 personatus,
1314 4042 1369 4104 si
1431 4060 1650 4125 reapse
1695 4043 2011 4125 originem
2061 4060 2245 4103 suam
2292 4060 2328 4103 a
2367 4039 2514 4120 ζώνη
2559 4038 2848 4114 duceret,
2889 4060 3024 4102 non

627 4148 765 4210 eins
812 4148 923 4230 qni
974 4155 1220 4211 vestem
1271 4152 1611 4222 mutasset,
1662 4167 1898 4210 nomen
1947 4152 2145 4223 esset,
2194 4145 2302 4209 sed
2347 4144 2526 4210 illius
2575 4147 2688 4229 qui
2726 4144 2804 4210 ab
2843 4146 3027 4209 omni

626 4259 805 4336 parte
854 4249 956 4316 vel
1004 4259 1291 4316 accurate
1341 4258 1587 4316 vestem
1638 4272 1793 4316 zona
1842 4254 2165 4316 cinxisset.
2225 4291 2230 4296 -
2832 4254 2835 4257 ’

716 4357 938 4441 Neque
996 4360 1289 4422 animum
1337 4359 1638 4423 inducere
1685 4378 1944 4442 possum
1979 4357 2270 4441 fabulam
2309 4361 2712 4440 personatam,
2759 4360 2836 4420 ut
2881 4353 3030 4422 Sto-

630 4481 937 4532 wasserus
1000 4462 1175 4540 vult,
1246 4485 1450 4552 genus
1522 4462 1845 4548 quoddam
1917 4463 2280 4530 comoediae
2345 4463 2572 4539 fuisse,
2637 4459 2804 4546 quod
2863 4481 3022 4525 cum
