3246 5085
689 910 833 1004 DE
886 911 1441 1005 ΟΟΜΜΕΝΤΙ
1486 915 2110 1147 ἕὲἱιὲῖὲῗξὲ
2153 918 2934 1036 COMPOSITIONE

1695 1277 1944 1319 sompsn·

1414 1427 2212 1518 H.T.KARSTEN.

1284 1581 1760 1661 (Continuantur
1821 1607 1893 1648 ex
1941 1608 2088 1668 pay.
2149 1584 2332 1667 249).

1643 1837 1960 1882 ...φφ-,-

700 2050 1044 2118 Scholia
1089 2052 1310 2118 varii
1358 2053 1702 2138 generis
1747 2053 1840 2119 ab
1887 2052 2237 2120 Editore
2285 2057 2793 2141 praesertim
2841 2057 2920 2122 in

1073 2157 1609 2224 Phormionis
1655 2165 2212 2226 commentum
2258 2159 2540 2228 illata.

698 2339 869 2407 Prol.
917 2338 1007 2406 20
1075 2339 1438 2408 Benedictis
1483 2344 1539 2407 si
1585 2348 1888 2410 certasset
1933 2342 2218 2410 audisset
2265 2344 2426 2410 bene

699 2446 863 2514 Don.
904 2446 1001 2529 (l)
1048 2446 1219 2513 Bene
1261 2449 1672 2529 ‚,certasset’',
1712 2451 1866 2535 quia
1905 2470 2099 2536 supra
2134 2455 2258 2528 (va.
2289 2449 2402 2528 16)
2441 2449 2606 2516 dixit
2648 2453 2758 2530 „in
2784 2451 3002 2518 medio

609 2554 910 2621 omnibus
970 2553 1253 2640 palmam
1316 2576 1453 2621 esse
1514 2557 1862 2643 positam’'‚
1911 2594 1998 2607 -
2046 2559 2231 2642 quasi
2289 2556 2492 2623 dicat:
2558 2558 2862 2643 quicquid
2923 2561 3000 2623 in

604 2667 926 2727 certamen
973 2664 1257 2741 venerit,
1303 2664 1372 2727 in
1418 2684 1490 2727 eo
1536 2661 1883 2729 vincendos
1927 2662 2216 2729 aemulos
2260 2683 2417 2729 esse.
2557 2663 2656 2744 (2)
2708 2662 3004 2742 „Certae-

603 2766 845 2833 tasset''
908 2766 1047 2831 ἆντὶ
1114 2772 1220 2832 τοῦ
1286 2770 1815 2856 „provocasset’':
1880 2769 1959 2834 ab
2005 2790 2078 2835 eo
2126 2769 2297 2855 quod
2339 2768 2663 2857 praecedit
2705 2769 2774 2835 id
2821 2770 2998 2855 quod

602 2875 914 2959 sequitur.
954 2872 1278 2961 Vergilius
1321 2896 1477 2953 „nec
1516 2881 1579 2941 te
1617 2881 1890 2941 certasse
1931 2878 2210 2962 priorem
2249 2876 2617 2961 poeniteat''
2645 2875 2703 2957 (Ι
2728 2873 2890 2955 548)
2921 2874 2995 2958 ¹).

693 2978 1113 3065 Nequaquam
1159 3001 1390 3047 verum
1439 2987 1536 3047 est
1587 2982 1975 3060 „certasset”
2025 2981 2088 3046 h.
2112 2980 2159 3047 1.
2208 2981 2566 3068 significare
2619 3002 3000 3067 „provocas-

600 3086 765 3164 set'’,
805 3106 1008 3172 neque
1045 3086 1201 3152 haec
1240 3090 1553 3155 sententia
1598 3087 1727 3152 fuit
1773 3086 2041 3165 Donati,
2090 3092 2166 3152 ut
2213 3085 2489 3153 ostendit
2527 3086 2847 3153 scholium
2871 3088 2997 3169 (l).

602 3190 849 3257 Eadem
910 3196 1337 3278 repugnantia
1398 3199 1494 3260 est
1537 3196 1605 3258 in
1653 3193 1913 3259 scholiis
1959 3191 2038 3258 ad
2083 3192 2297 3259 locum
2347 3191 2639 3279 Vergilii,
2688 3193 2802 3258 ubi
2849 3201 3000 3279 post

600 3296 941 3375 Servium,
1006 3300 1118 3383 qui
1170 3300 1377 3384 igitur
1422 3304 1855 3385 repraesentat
1899 3300 2497 3384 interpretationem
2547 3297 2823 3377 Donati,
2872 3298 3000 3366 Da-

601 3401 755 3468 niel.
804 3406 895 3468 sic
943 3406 1192 3489 pergit:
1240 3403 1403 3471 Sane
1449 3412 1726 3473 certasse
1773 3405 2038 3493 quidam
2084 3426 2458 3493 provocasse
2503 3408 2863 3492 accipiunt,
2920 3414 2996 3473 ut

601 3506 939 3575 Terentius
991 3509 1353 3587 „beneficiis
1400 3513 1456 3576 si
1501 3518 1808 3579 certasset
1854 3512 2137 3579 audisset
2182 3511 2407 3577 bene'’.
2545 3510 2632 3577 Et
2676 3513 2828 3578 hinc
2865 3514 2996 3579 for-

601 3620 768 3681 tasse
814 3614 933 3681 Ed.
983 3636 1177 3681 suum
1224 3619 1541 3704 sumpsit,
1592 3618 1828 3685 addens
1873 3638 2086 3685 caram
2134 3619 2258 3684 sibi
2305 3616 2688 3697 formulam,
2738 3618 2815 3685 de
2862 3640 2994 3705 qua

598 3721 747 3790 vide
806 3742 1001 3809 supra
1058 3745 1120 3809 p.
1172 3720 1304 3790 227
1368 3724 1446 3790 ad
1509 3724 1676 3790 Eun.
1725 3724 1812 3789 lv
1862 3722 1922 3792 6.
1952 3724 2060 3791 24.
2154 3723 2288 3790 Nec
2349 3746 2475 3789 non
2527 3724 2738 3790 eidem
2785 3726 2996 3792 tribu·

598 3829 839 3895 endum
902 3829 1163 3896 videtur
1222 3830 1734 3897 additamentum
1799 3833 1866 3896 in
1927 3832 2024 3913 (l)
2087 3832 2310 3917 „quasi
2356 3829 2567 3895 dicat”
2613 3837 2787 3909 cett„
2833 3852 2994 3899 nam

598 3935 765 4002 nihil
812 3936 938 4003 tale
986 3937 1225 4003 dicitur
1273 3945 1387 4003 aut
1429 3940 1728 4003 innuitur
1773 3940 1839 4002 in
1891 3944 2074 4003 textu
2121 3942 2234 4002 aut
2278 3940 2347 4001 in
2397 3938 2608 4004 verbis
2661 3936 2920 4005 Donati.

688 4041 851 4108 Ibid.
901 4041 988 4108 23
1059 4042 1153 4109 De
1198 4043 1315 4110 illo
1361 4047 1493 4110 iam
1539 4045 1736 4110 finem
1780 4044 2010 4110 faciam
2058 4042 2320 4110 dicundi
2367 4044 2551 4121 mihi,

1050 4150 1360 4216 Peccandi
1406 4172 1557 4217 cum
1603 4153 1741 4236 ipse
1788 4150 1864 4215 de
1911 4172 1978 4217 se
2024 4149 2216 4216 finem
2263 4171 2388 4215 non
2435 4150 2592 4215 facit

687 4255 786 4333 (1)
832 4254 1257 4322 Maledicendi
1303 4278 1384 4323 an
1429 4254 1772 4345 peccandi?
1910 4256 2008 4338 (2)
2056 4256 2248 4322 Prius
2296 4276 2447 4343 ego,
2497 4257 2740 4343 iuquit,
2789 4254 2992 4324 finem

665 4454 720 4522 1)
756 4454 959 4505 Pronus
990 4455 1115 4505 idem
1151 4454 1331 4517 legitur
1364 4454 1415 4504 in
1448 4455 1607 4506 Schol.
1645 4452 1808 4505 Bemb.
1850 4454 2020 4505 Herm.
2056 4454 2108 4504 11
2145 4454 2262 4508 ³7⁷.
