3246 5085
1299 360 1674 414 nummos.
2540 340 2667 412 145

379 529 542 595 Ibid.
588 551 650 615 p.
703 528 786 595 16
805 530 882 594 A.
951 530 1304 615 Postquam
1350 530 1735 615 Euthyphro
1784 528 1949 593 dixit
1994 549 2060 593 se
2104 529 2277 594 abire
2318 528 2523 608 velle,
2570 552 2675 595 ex-

287 634 528 701 clamat
574 634 899 701 Socrates:
949 630 1048 701 οἷα
1096 643 1288 707 ποιεῖς
1335 634 1377 701 ὦ
1428 636 1665 714 ἑταῖρε·
1716 636 1831 698 ἀπ’
1881 633 2124 705 ἐλπίδος
2161 660 2245 711 με
2285 636 2674 713 καταβαλὼν

289 740 585 819 μεγάλης
647 740 914 821 ἀπέρχει
978 732 1045 813 ἣν
1107 736 1298 823 εἶχον,
1365 742 1439 809 ὥς
1507 739 1679 819 παρὰ
1728 744 1834 803 σοῦ
1876 740 2084 814 μαθὼν
2129 740 2214 804 nt
2262 766 2330 807 τε
2377 738 2516 805 ὅσια
2566 742 2672 808 καὶ

289 845 432 926 (τὰ)
478 848 566 921 μὲ
610 848 712 910 κα)
755 854 868 920 τῆς
907 846 1056 927 πρὸς
1094 846 1384 920 Μέλητον
1421 853 1677 926 γραφῆς
1718 844 2217 925 ἀπαλλάξομαι,
2260 844 2677 923 ἐνδειξάμενος

291 950 498 1029 ἐκείνῳ
545 946 636 1014 ὅτι
687 952 879 1031 σοφὸς
931 951 1038 1026 ἤδη
1087 954 1169 1016 τὰ
1221 953 1353 1015 θεῖα
1402 952 1657 1030 γέγονα.
1714 949 1954 1031 Quodsi
1996 950 2387 1039 Euthyphro
2434 952 2680 1019 Socrati

291 1057 658 1125 satisfacere
705 1062 1056 1143 potuisset,
1103 1060 1161 1123 is
1208 1058 1510 1124 dixisset:
1558 1058 1768 1133 μαθὼν
1815 1058 1897 1121 τά
1946 1082 2017 1121 τι
2063 1054 2201 1123 ὅσια
2249 1062 2352 1123 καὶ
2404 1060 2545 1140 (τὰ)
2589 1060 2677 1137 μὴ

296 1164 401 1229 καὶ
467 1172 578 1237 τῆς
641 1166 788 1244 πρὸς
851 1165 1138 1239 Μέλητον
1189 1170 1441 1243 γραφῆς
1493 1164 1967 1243 ἀπήλλαγμαι,
2020 1165 2145 1229 i.e.
2192 1188 2350 1229 nunc
2396 1164 2681 1229 liberatus

293 1292 457 1350 eum,
520 1291 648 1336 non
711 1270 977 1335 dixisset
1023 1271 1528 1346 ἀπαλλάττομαι
1577 1272 1794 1354 itaque
1843 1270 1919 1335 de
1966 1289 2034 1335 re
2080 1269 2299 1335 futura
2344 1272 2682 1348 ἀπηλλαγ-

293 1375 472 1454 μένος
538 1374 755 1452 ἔσομαι
805 1378 1231 1441 necessarium
1281 1381 1412 1455 est,
1463 1374 1570 1441 vel
1617 1396 1747 1441 uno
1794 1375 1989 1441 verbo
2037 1374 2678 1455 ἀπηλλάξομαι,

295 1481 374 1547 de
436 1502 561 1566 qua
619 1482 828 1547 forma
891 1480 1170 1549 Cobetus
1234 1484 1554 1567 praecepit
1602 1482 1827 1546 Mnem.
1881 1478 2053 1545 1856
2104 1504 2168 1567 p.
2218 1480 2371 1546 397.
2422 1480 2684 1546 Scilicet

293 1589 386 1653 sic
445 1586 738 1652 Socrates
799 1588 1122 1672 cogitabat
1170 1607 1422 1652 secum:
1470 1587 1694 1652 doctus
1742 1586 2229 1672 Euthyphronis
2278 1586 2683 1671 disciplinam

295 1694 448 1756 liber
496 1715 595 1757 ero
640 1694 717 1758 ab
769 1696 1169 1759 accusatione
1216 1692 1461 1759 Meleti.
1513 1692 1691 1757 Adde
1740 1693 1907 1776 quod
1954 1700 2129 1785 recte·
2174 1692 2443 1758 dicitur:
2486 1695 2685 1767 ἀπηλ-

295 1796 576 1874 λάξομαι
643 1798 1098 1877 ἐνδειξάμενος,
1163 1798 1273 1863 sed
1333 1818 1628 1883 praesens
1692 1798 2194 1872 ἀπαλλάττομαι
2242 1800 2547 1883 requirit:
2600 1798 2685 1862 ἒν-

295 1902 701 1977 3ειιινύμενος.
766 1901 1002 1970 Contra
1060 1906 1129 1968 in
1192 1904 1466 1991 Apolog.
1531 1926 1594 1989 p.
1648 1900 1801 1968 39G
1870 1907 2035 1968 recte
2096 1902 2373 1989 legitur:
2430 1904 2681 1980 οίόμενοι

299 2008 826 2088 ἀπαλλάξεσθαι,
894 2030 1009 2074 nec
1072 2008 1238 2074 mihi
1302 2012 1622 2095 persuasit
1683 2008 2153 2075 Herwerdenus
2214 2010 2437 2073 Mnem.
2506 2008 2679 2074 1906

301 2137 366 2201 p.
421 2114 573 2180 139.

1239 2344 1322 2392 AD
1369 2342 1756 2393 AJ’OLOGIAM.

394 2540 717 2608 Pervelim
781 2542 940 2606 scire
988 2540 1142 2627 quid
1188 2542 1382 2626 periti
1429 2542 1555 2607 viri
1599 2540 1884 2607 iudicent
1930 2540 2006 2607 de
2053 2563 2115 2628 p.
2168 2538 2343 2622 180,
2392 2542 2504 2610 ubi
2550 2563 2689 2630 poe-

303 2655 408 2716 tae
470 2651 702 2716 comici
750 2647 1054 2713 dicuntur
1101 2651 1161 2712 έν
1214 2647 1410 2727 ταύτῃ
1457 2657 1532 2729 τῇ
1585 2650 1797 2730 ἡλικία
1840 2647 2129 2726 λέγοντες
2178 2651 2327 2728 πρὸς
2376 2649 2576 2728 ὑμᾶς,
2630 2653 2689 2716 ἐν

303 2751 344 2836 ᾖ
404 2754 481 2820 ἀν
545 2753 769 2831 μα’λις’
819 2754 1192 2820 ε’πιςεύσατε
1254 2753 1542 2822 παῖδες
1593 2752 1629 2817 ὅ
1642 2777 1821 2825 ντες
1839 2799 1855 2830 ,
1906 2752 2037 2818 ἔνιοι
2087 2754 2139 2818 δ’
2192 2756 2355 2829 ὑμῶν
2406 2757 2509 2819 καὶ
2560 2781 2691 2832 μει-

307 2861 514 2941 pinea.
559 2859 735 2925 Haec
783 2859 1082 2944 equidem
1129 2865 1298 2925 certe
1347 2881 1468 2923 non
1513 2858 1847 2945 intellige,
1898 2880 2080 2936 nam,
2132 2863 2189 2924 si
2234 2860 2493 2925 additur
2537 2883 2693 2927 non·

303 2966 522 3032 nullos
584 2967 696 3050 qui
743 2971 895 3030 tunc
943 2965 1190 3030 iudices
1235 2963 1562 3043 sederent,
1609 2984 1760 3029 cum
1807 2963 2023 3030 Nubes
2070 2973 2433 3050 agerentur,
2484 2966 2691 3032 adhuc

301 3071 503 3136 fuisse
565 3069 1036 3146 adulescentes,
1084 3069 1344 3134 videtur
1387 3070 1504 3134 hoc
1551 3068 1739 3155 plane
1788 3072 1986 3134 otiose
2035 3069 2201 3146 addi,
2248 3073 2372 3134 nisi
2417 3092 2695 3157 praeces-

305 3178 464 3242 serit
523 3173 860 3261 plerosque
921 3175 1118 3240 fuisse
1180 3173 1372 3260 paulo
1433 3175 1708 3239 maiores
1768 3179 1945 3238 natu.
2010 3173 2179 3240 Hinc
2242 3175 2301 3238 ἐν
2365 3179 2565 3257 ταύτῃ
2612 3187 2689 3259 τῇ

307 3282 518 3362 ἡλικίᾳ
569 3281 630 3344 ἕν
678 3277 716 3361 ᾖ
761 3280 837 3344 ἂν
885 3279 1108 3357 μόλις·
1159 3279 1533 3348 :memma
1574 3279 1651 3344 de
1692 3300 1764 3344 ea
1803 3286 2009 3344 aetate
2046 3285 2348 3366 usurpari
2383 3285 2690 3367 suspicor,

305 3405 434 3471 qua
478 3385 774 3452 homines
819 3392 1130 3451 vocantur
1178 3387 1510 3464 νεανίσκοι,
1562 3385 1830 3464 νεανίαι,
1879 3385 2096 3466 κομιδῇ
2144 3380 2293 3450 νέοῒ·
2333 3388 2434 3452 his
2472 3395 2693 3456 autem

305 3493 394 3557 τὰ
457 3490 751 3570 μειράκια
805 3497 870 3556 et
917 3493 967 3555 οἱ
1015 3492 1394 3570 μειρακίσκοι
1441 3511 1569 3556 uno
1618 3497 1684 3556 ct
1734 3489 1935 3556 altero
1984 3513 2145 3557 anno
2190 3493 2473 3560 iuniores
2518 3500 2690 3560 sunt.

305 3597 559 3664 Sciolus
605 3599 726 3662 hoc
765 3617 1099 3683 perperam
1137 3600 1380 3682 accepit
1415 3603 1482 3662 et
1520 3599 1781 3683 putavit
1818 3618 2049 3682 pueros
2084 3596 2409 3663 Socratem
2450 3598 2691 3665 dicere:

304 3705 457 3770 hinc
519 3723 852 3790 perperam
917 3701 1196 3767 addidit:
1261 3703 1553 3773 παῖδες
1618 3701 1652 3767 ὅ
1666 3727 1843 3774 ντες
1903 3701 2011 3768 vel
2072 3706 2289 3788 petius
2333 3703 2423 3768 ἔτι
2473 3704 2693 3778 παῖδες

191 3857 201 3864 .
303 3809 496 3880 ὄντες.
567 3807 639 3873 Si
705 3806 922 3873 locum
992 3809 1148 3874 bene
1217 3810 1675 3893 interpretatus
1744 3813 1909 3873 esset
1971 3813 2037 3872 et
2097 3811 2451 3894 scripsisset
2512 3809 2695 3876 verbi

305 3935 497 3981 causa
574 3913 792 3993 κομιδῇ
873 3912 984 3978 νέοι
1065 3914 1260 3991 ὄντες,
1335 3914 1508 3979 fraus
1577 3914 1845 3979 fortasse
1913 3913 2211 3979 latuisset
2287 3914 2391 3978 vel
2460 3915 2691 3981 saltem

302 4042 432 4086 non
495 4021 650 4084 satis
713 4018 1042 4086 evidenter
1101 4021 1418 4104 potuisset
1481 4022 1700 4106 argui3
1764 4038 1931 4084 nunc
1994 4039 2110 4083 suo
2163 4039 2228 4083 se
2274 4019 2509 4085 indicio
2554 4043 2695 4106 pro—

305 4125 426 4191 dit.
488 4123 664 4189 Idem
730 4121 905 4190 valet
964 4123 1041 4188 de
1101 4144 1252 4210 pag.
1316 4122 1506 4190 23G:
1571 4126 1622 4188 oi
1688 4123 1796 4188 νέοι
1860 4117 1945 4193 οἷς
2008 4121 2257 4200 μάλιςα
2319 4129 2520 4205 σχολή
2572 4127 2695 4193 έςιν

303 4231 403 4314 [οἱ
478 4230 626 4294 τῶν
705 4231 1378 4312 πλουσιωτάτων]
1398 4277 1414 4308 ,
1493 4230 1607 4294 ubi
1684 4227 2151 4294 Herwerdenus
2216 4229 2340 4302 ὑεῖς
2400 4232 2691 4297 inseruit.

303 4335 578 4401 Putavit
650 4335 864 4399 nescio
940 4338 1082 4419 quis
1151 4337 1417 4401 iuvenes
1487 4337 1599 4419 qui
1667 4337 1993 4419 imprimis
2061 4335 2195 4400 otio
2264 4334 2691 4415 abundarent,

301 4438 593 4526 intelligi
657 4438 1198 4506 divitissimorum
1258 4443 1498 4505 civium
1562 4438 1763 4517 filios,
1830 4439 1935 4504 sed
1984 4461 2105 4506 non
2156 4446 2253 4504 cst
2296 4443 2423 4504 ita:
2473 4462 2694 4510 omnes

2218 4591 2225 4600 .
2338 4559 2401 4605 10
