3246 5085
1335 318 1716 369 nnn-remon.
2586 302 2716 373 16¹7

329 487 484 555 ὁδοῦ.
551 486 876 554 Obscurus
936 488 1114 555 locus
1171 495 1268 555 est
1287 538 1305 568 ,
1352 490 1546 555 sicuti
1591 486 2060 555 Stallbaumius
2106 510 2358 575 quoque
2405 492 2716 576 queritur,

325 594 437 659 sed
457 644 473 672 ‚
525 601 842 681 quantum
890 595 1053 661 mihi
1099 597 1498 682 comparuit,
1539 596 1930 681 comparatio
1970 594 2158 660 ducta
2198 600 2296 660 est
2334 595 2412 661 ab
2450 597 2565 674 iis,
2606 599 2719 682 qui

319 706 635 767 nocturno
681 706 969 786 tempore
987 720 1202 779 „nam
1247 706 1398 766 nota
1441 722 1542 766 res
1587 706 1721 778 est,
1772 699 1927 765 dum
1963 702 2190 767 incerti
2226 722 2341 788 per
2376 700 2717 789 planitiem

319 812 661 893 vagantur,
730 809 943 873 nescio
1006 807 1328 893 quomodo
1387 805 1590 873 solent
1638 805 1844 872 redire
1890 806 1971 873 ad
2017 808 2232 892 ipsum
2281 806 2498 873 locum
2545 808 2715 875 unde

319 912 593 999 profecti
653 918 837 989 sunt;
904 914 1189 1000 Aeginae
1250 914 1356 979 hic
1403 917 1574 979 certe
1621 920 2025 1000 praepostera
2073 916 2351 979 mentio:
2400 912 2563 979 illud
2610 935 2716 1002 ap-

319 1025 502 1105 paret
559 1017 1066 1084 Stallbaumium
1125 1018 1205 1084 ad
1265 1020 1521 1084 facetias
1567 1041 1695 1084 non
1742 1021 1956 1107 magis
1998 1019 2196 1085 fuisse
2244 1024 2471 1086 natum
2517 1041 2715 1107 quam

318 1122 644 1190 camelum
700 1124 780 1190 ad
840 1122 1228 1191 saltandum.
1295 1124 1468 1189 Mihi
1529 1124 1929 1211 praeplacet:
1980 1126 2058 1189 ἐν
2106 1124 2178 1189 δί
2195 1149 2307 1209 νη,
2356 1114 2507 1192 nar‘n
2554 1129 2711 1193 δῖναι

313 1229 700 1317 plerumque
769 1230 1029 1316 quidem
1099 1236 1251 1297 sunt
1320 1252 1635 1317 aquarum
1695 1233 1973 1298 vortices
2035 1237 2099 1297 et
2162 1234 2323 1298 aeris
2386 1233 2711 1314 turbines,

313 1358 432 1403 nec
495 1342 709 1403 tamen
775 1339 989 1403 minus
1049 1338 1220 1423 apud
1283 1338 1621 1404 Platonem
1675 1340 1935 1405 invenio
1980 1338 2139 1425 Rep.
2190 1339 2255 1403 X
2302 1338 2535 1406 620E:
2589 1341 2715 1405 ἐπι-

313 1446 545 1523 ςροφὴν
595 1449 701 1516 τῆς
756 1447 862 1508 τοῦ
912 1443 1221 1524 ἀτράκτου
1272 1443 1468 1529 δίνης,
1519 1450 1593 1509 ut
1641 1450 1941 1529 appareat
1988 1443 2379 1512 vocabulum
2420 1445 2495 1513 de
2534 1449 2711 1511 omni

313 1551 809 1615 circumactione
869 1551 1166 1636 usurpari
1226 1570 1429 1635 posse.
1493 1547 1797 1617 Ceterum
1847 1550 1963 1630 ὀψὲ
2009 1551 2141 1617 ὀδοῦ
2189 1554 2388 1617 etiam
2434 1551 2711 1617 Photins

312 1658 636 1722 enotavit:
689 1655 849 1722 olim
894 1678 1024 1723 non
1072 1659 1311 1745 agnovi
1357 1656 1681 1745 glossulae
1732 1658 2070 1745 originem.

405 1873 570 1941 Ibid.
633 1895 696 1960 p.
747 1873 984 1941 440E:
1051 1874 1230 1941 ἑλλοὶ
1292 1899 1396 1953 μοι
1460 1875 1851 1957 σκοπουμένῳ
1900 1875 2034 1941 καὶ
2084 1876 2447 1957 πράγματα
2496 1875 2706 1959 ἔχοντα

311 1982 474 2047 πολὺ
542 1986 793 2057 μᾶλλον
855 1982 1092 2054 ἐκείνως
1154 1984 1453 2063 Φαίνεται
1513 1980 1704 2063 ἔχειν.
1768 1983 2075 2049 Abundat
2136 1982 2400 2070 copula:
2471 1983 2707 2049 dicitur

315 2087 677 2167 πράγματα
716 2084 841 2167 ἔχω
879 2086 1289 2165 σκοπούμενος
1331 2094 1396 2153 et
1434 2086 1686 2154 duobus
1718 2091 2071 2175 participiis
2110 2092 2467 2155 coniunctis
2506 2088 2705 2170 πράγ-

311 2216 501 2269 ματα
549 2190 708 2275 ἔχων
757 2192 1168 2270 σκοπούμενος
1191 2216 1204 2233 ·
1255 2193 1568 2279 particula
1615 2194 1884 2261 debetur
1927 2194 2227 2261 librarii&

1218 2440 1304 2488 AD
1353 2440 1807 2489 walamnum.

403 2625 567 2690 Ibid.
625 2621 854 2690 145B:
905 2619 1040 2702 ὅρα
1089 2623 1180 2699 μὴ
1228 2622 1465 2704 παίζων
1516 2621 1755 2700 ἔλεγεν.
1805 2620 2068 2690 Contuli
2116 2644 2178 2709 p.
2226 2622 2466 2690 146D:
2508 2626 2598 2702 μή
2641 2647 2699 2688 τι

310 2731 475 2798 ἄλλο
537 2732 796 2810 Φράζεις
861 2737 926 2796 et
988 2753 1051 2816 p.
1107 2729 1345 2796 16:313:
1397 2733 1486 2808 μὴ
1534 2725 1632 2794 οὖν
1682 2731 1805 2809 ἐγὼ
1851 2737 2008 2809 ληρῶ
2056 2736 2123 2796 et
2169 2752 2403 2818 quaero
2448 2751 2528 2798 an
2575 2753 2701 2798 non

304 2840 666 2905 insiticium
715 2839 802 2903 sit
849 2836 1014 2902 illud
1059 2833 1188 2916 ὅρα.

401 3041 564 3109 Ibid.
619 3041 748 3108 149
767 3042 838 3106 B.
909 3041 1092 3123 Quod
1140 3039 1418 3128 legitur:
1486 3040 1691 3106 Diana
1737 3038 2034 3121 ἄλοχος
2081 3037 2232 3106 οὖσα
2284 3043 2392 3117 τὴν
2440 3043 2699 3124 λοχείαν

303 3148 564 3230 εἴληχε,
613 3149 781 3214 mihi
827 3147 1090 3234 quidem
1134 3147 1404 3213 ridicule
1437 3145 1698 3213 videtur
1738 3147 2018 3226 dictum,
2060 3149 2312 3214 etiamsi
2359 3147 2696 3235 vulgatam

303 3258 693 3343 scripturam
756 3260 1014 3321 tueatur
1075 3252 1312 3319 Pollux
1374 3252 1470 3318 III
1533 3253 1655 3333 553
1730 3247 2025 3340 componi
2090 3255 2208 3320 hoc
2272 3260 2487 3340 potest
2548 3277 2696 3322 cum

303 3361 638 3429 vocabulis
719 3361 952 3448 quibus
1031 3362 1235 3446 inepti
1317 3361 1780 3426 homunciones
1859 3360 2219 3427 inauditam
2298 3362 2699 3448 significandi

305 3475 690 3556 potestatem
750 3468 1154 3553 tribuerunt,
1221 3465 1436 3552 qualia
1497 3473 1651 3532 sunt
1715 3469 1907 3547 ἰσχάς
1967 3489 2084 3555 pro
2132 3491 2353 3532 ancora
2398 3476 2466 3534 et
2508 3467 2695 3550 ἕκτωρ

303 3581 372 3642 et
436 3573 706 3655 ἄκρης-ον
769 3578 836 3640 et
899 3575 1319 3648 ἀπολούμενος
1371 3577 1437 3638 et
1484 3572 1646 3652 alia,
1698 3594 1860 3660 quae
1909 3571 2191 3641 Oobetus
2237 3573 2505 3660 collegit
2551 3581 2698 3661 post

305 3681 678 3748 Orationem
738 3679 1196 3767 Inauguralem
1253 3704 1314 3767 p.
1363 3680 1472 3745 41.
1521 3681 1657 3747 Aut
1704 3680 1892 3748 fallor
1939 3686 2052 3745 aut
2100 3701 2326 3747 verum
2373 3686 2471 3747 est
2518 3682 2697 3760 ἆγο-

304 3811 468 3866 νος,
529 3789 723 3854 sicuti
769 3793 868 3854 est
913 3786 1085 3874 apud
1130 3785 1544 3873 Apollonium
1591 3786 1915 3853 Rhodium
1964 3812 2007 3850 a
2036 3785 2200 3852 634:
2249 3786 2592 3867 κουρότεραι
2642 3787 2694 3852 δ’

301 3893 511 3973 ἄγονοι
553 3896 808 3972 ςυγερὸν
849 3894 988 3957 ποτὶ
1030 3899 1227 3971 γῆρας
1269 3889 1496 3967 ἵκησθε.
1540 3891 1915 3960 Consimilis
1955 3891 2321 3979 corruptela
2359 3898 2455 3958 est
2478 3892 2691 3960 Schol.

303 4001 532 4090 Odys&
597 4000 787 4066 ³230:
853 4001 906 4065 οἱ
971 4000 1154 4082 νεκροὶ
1220 3998 1510 4065 aiv-ono!
1570 4002 1685 4065 εἱσι
1737 4001 1840 4064 καὶ
1888 4001 1953 4064 οὐ
2006 4001 2311 4064 τίκτουσι·
2365 3999 2465 4064 διὰ
2514 4005 2691 4066 τοῦτο

302 4106 575 4183 ἐτάξατο
617 4108 824 4178 αὐτοῖς
862 4108 1012 4183 βοῦν
1055 4108 1143 4182 μὴ
1183 4112 1516 4184 γεννῶσαν,
1562 4106 1679 4172 ubi
1725 4105 1951 4172 itidem
1995 4104 2275 4186 ἄγονοι
2317 4107 2688 4192 praeferam.

391 4327 554 4393 Ibid.
609 4325 814 4392 149D
877 4327 1246 4392 obstetrices
1294 4327 1400 4390 ἐὰν
1450 4325 1620 4390 νέον
1670 4323 1744 4388 ὃν
1794 4323 1937 4404 δόξῃ
1984 4326 2400 4405 ὦμβλίσκειν,
2450 4327 2691 4404 ἄμβλί-

301 4457 567 4499 σκουσιν.
629 4433 757 4499 Hic
806 4433 883 4499 de
930 4431 1290 4519 corruptela
1337 4452 1558 4499 omnes
1603 4434 2010 4498 consentiunt
2056 4439 2120 4499 et
2166 4432 2512 4498 Schanzius
2559 4431 2688 4498 lon·
