3246 5085
633 285 768 354 204
1679 305 1989 354 Donamus.

631 470 940 557 vulgatae
988 455 1466 537 consuetudinis
1509 476 1602 538 est
1656 471 1903 538 dictum‘
1956 471 2118 550 „feri
2166 492 2388 538 canem
2434 473 2672 551 foras”,
2723 474 2841 543 hoc
2884 479 3035 558 θείς

632 563 917 644 feriendo
981 600 1202 644 canem
1251 579 1421 645 foras
1467 582 1618 646 eice.
1806 578 1981 644 Haec
2028 581 2344 644 nimirum
2394 601 2592 646 unam
2640 579 2881 646 Donati
2926 581 3038 646 ad·

631 688 1029 750 notationem
1077 685 1394 765 efficiunt,
1442 689 1619 751 inani
1668 684 2161 771 interpolatione
2206 686 2504 752 divisam.

722 791 956 857 Sabb.
1007 797 1246 857 temere
1297 794 1516 857 omnia
1561 812 1598 857 a
1646 790 1895 857 Donato
1944 791 2339 858 abiudicavit
2385 796 2637 879 praeter
2682 791 2799 872 (1).

727 898 896 964 lbid.
942 897 1029 964 68
1053 919 1146 984 sq.
1210 896 1342 965 Oh.
1389 897 1514 964 Sed
1552 900 1749 964 istam
1790 895 2102 963 Thaidem
2141 920 2265 964 non
2306 901 2469 964 scivi
2506 901 2689 964 nobis
2721 900 3031 965 vicinam.

631 1007 759 1071 Pa.
811 1003 1005 1084 Haud
1059 1004 1250 1070 diust.
1325 1003 1458 1072 Oh.
1508 1006 1719 1082 Perii,
1786 991 2223 1089 numquamne
2287 1008 2487 1071 etiam
2549 1027 2652 1070 me
2699 1004 2880 1071 illam
2932 1008 3033 1070 vi-

634 1109 832 1177 disse!
881 1111 1214 1191 Ehodum,
1265 1112 1367 1176 dic
1414 1112 1614 1177 mihi:
1665 1111 1863 1176 Estne
1914 1118 1987 1176 ut
2031 1111 2236 1176 fertur
2284 1109 2533 1177 forma?

725 1217 823 1298 (1)
890 1220 1142 1290 Καλῶςε
1207 1218 1524 1303 quomodo
1573 1219 1747 1283 enim
1796 1238 1908 1303 pro
1958 1217 2251 1283 eunucho
2300 1220 2515 1284 veniet
2562 1215 2922 1298 (Chaerea),
2974 1223 3039 1284 si

635 1327 818 1390 novit
880 1331 992 1390 aut
1053 1331 1242 1390 notus
1289 1321 1428 1390 est?
1492 1324 1578 1389 Et
1626 1326 1683 1389 si
1728 1323 2102 1389 adulescens
2146 1323 2492 1390 mulierem
2538 1346 2617 1390 ne
2663 1328 2845 1391 novit
2890 1329 3041 1410 qui-

634 1431 816 1510 dem,
881 1429 1091 1496 multo
1151 1433 1434 1496 maxime
1495 1433 1623 1516 ipsi
1684 1433 2004 1496 nescitur:
2070 1430 2169 1511 (2)
2232 1432 2537 1507 οἰκονομίαι
2600 1437 2817 1496 contra
2864 1430 3039 1498 illud

633 1538 804 1625 quod
874 1539 1181 1603 meretrix
1242 1539 1456 1603 vicina
1525 1543 1625 1602 est
1652 1538 1723 1617 ¹).
1908 1536 2006 1616 (4)
2067 1536 2153 1602 Et
2213 1543 2364 1602 nota
2420 1537 2589 1624 apud
2652 1536 3037 1603 Terentium

633 1646 876 1709 vicinas
940 1646 1090 1730 poni
1151 1646 1406 1729 saepius
1466 1641 1984 1710 adulescentibus
2044 1645 2448 1721 meretrices,
2498 1648 2574 1708 ut
2620 1644 2773 1712 haec
2820 1645 3039 1729 prima

635 1752 720 1816 sit
766 1752 1002 1815 amoris
1047 1749 1366 1816 illecebra.

723 1855 954 1922 sabb.
1018 1856 1349 1922 damnavit
1409 1855 1506 1937 (2)
1555 1862 1620 1922 et
1669 1856 1786 1936 (4),
1836 1855 1945 1922 sed
1994 1854 2161 1921 illud
2206 1877 2356 1922 cum
2405 1854 2690 1922 Donateo
2740 1856 2839 1937 (1)
2886 1877 3039 1922 con-

631 1965 927 2028 iunctum
977 1964 1172 2029 fuisse
1212 1966 1518 2048 suspicor,
1566 1969 1633 2028 et
1680 1962 1798 2028 hoc
1844 1961 2008 2028 nihil
2054 1963 2241 2028 habet
2289 1963 2459 2048 quod
2506 1962 2796 2031 offendat.

728 2069 827 2134 Ad
868 2068 952 2135 69
993 2068 1194 2135 Don.:
1236 2070 1350 2150 (1)
1378 2069 1901 2155 „numquamne”
1942 2074 2094 2135 cett.
2138 2068 2477 2135 artificiose
2502 2068 2783 2146 inculcat
2803 2075 3035 2154 poetae

635 2176 706 2240 τὸ
773 2177 1039 2241 πιθανόν.
1223 2176 1363 2241 Hoc
1425 2197 1550 2241 non
1613 2177 1927 2241 satisfecit
1973 2175 2257 2252 Editori,
2308 2178 2421 2260 qui
2469 2173 3039 2241 subiunxitadno-

636 2286 943 2349 tationem
993 2302 1108 2348 sua
1153 2283 1540 2348 verbositate
1587 2280 1999 2367 compilatam
2047 2303 2081 2347 e
2130 2281 2291 2347 Don.
2346 2281 2433 2346 68
2458 2281 2575 2363 (1),
2622 2281 2791 2368 quod
2838 2303 3039 2367 supra

637 2392 896 2474 scripsi,
945 2392 1012 2454 iu
1055 2387 1142 2453 69
1167 2389 1304 2469 (2);
1345 2387 1469 2454 Sed
1517 2390 1719 2453 nimio
1764 2387 1982 2473 lepore
2030 2386 2410 2453 Terentiano
2434 2389 2487 2461 2)
2532 2391 2663 2453 iam
2711 2387 2873 2454 illud
2910 2394 3035 2468 (sc.

638 2496 706 2561 τὸ
771 2494 1045 2576 πιθανόν)
1107 2498 1344 2583 agitur,
1409 2516 1560 2561 nam
1625 2495 1728 2560 hic
1775 2493 2133 2561 ostenditur
2182 2493 2534 2561 verisimile
2580 2514 2716 2560 esse
2763 2516 2878 2582 pro
2924 2515 3043 2561 eu-

637 2602 845 2667 nucho
906 2602 1222 2668 creditum
1281 2600 1450 2687 apud
1500 2603 1775 2667 vicinam
1824 2603 2227 2667 meretricem
2276 2599 2663 2678 Chaeream,
2713 2604 2823 2687 qui
2870 2601 3037 2666 adeo

638 2712 902 2795 ignotus
948 2711 1034 2773 sit
1081 2708 1376 2786 mulieri,
1426 2714 1500 2773 ut
1548 2729 1662 2773 nec-
1700 2710 1837 2793 ipse
1879 2729 2019 2773 eam
2060 2711 2347 2785 noverit,
2390 2706 2559 2793 quod
2599 2715 2735 2773 erat
2774 2705 3039 2773 facilius

639 2824 704 2882 et
746 2818 1108 2901 promptius
1147 2814 1322 2897 (vide
1361 2836 1462 2880 vv.
1508 2814 1669 2879 Don.
1714 2814 1967 2891 „multo
2008 2815 2397 2895 maxime'');
2447 2820 2511 2879 et
2550 2814 2809 2879 additur
2831 2814 3039 2890 color,

637 2922 806 3009 quod
867 2929 930 2988 et
991 2922 1110 2988 illa
1173 2924 1306 2986 non'
1363 2921 1472 2986 diu
1533 2923 1748 2987 vicina
1795 2928 1893 2987 est
1938 2927 2003 2987 et
2049 2920 2219 3007 quod
2266 2920 2637 2987 adulescens
2683 2922 2749 2985 in
2800 2921 3039 2987 Piraeo

635 3032 920 3116 primum
969 3033 1404 3093 commoratus
1450 3033 1568 3094 est.
1686 3014 1691 3020 ’
1756 3027 2001 3106 Immo,
2050 3028 2155 3093 hic
2202 3026 2377 3094 color
2421 3048 2546 3093 non
2595 3026 2875 3104 additur,
2920 3027 3042 3093 sed

637 3135 894 3201 aliunde
934 3136 1010 3200 ab
1047 3134 1506 3220 interpolatore
1552 3134 1842 3222 fingitur.
1986 3134 2081 3200 Ad
2126 3132 2211 3201 70
2252 3133 2415 3200 Don.
2458 3134 2553 3215 (1)
2594 3133 2736 3199 Ηοο
2772 3139 3042 3220 propter

635 3241 836 3317 illud,
885 3242 1054 3326 quod
1099 3262 1294 3326 supra
1342 3241 1456 3320 (68
1481 3242 1604 3322 (1))
1653 3241 1958 3307 diximus.
2008 3240 2241 3306 Sabb.
2290 3243 2496 3327 igitur
2542 3242 2771 3307 merito
2820 3238 2906 3305 69
2930 3240 3039 3321 (2)

638 3368 715 3425 c.,
760 3350 1087 3417 immerito
1140 3345 1226 3414 70
1249 3347 1366 3428 (1).

730 3452 822 3517 Ib.
875 3451 961 3519 ’72
1023 3452 1357 3538 Numquid
1404 3474 1507 3519 me
1555 3451 1777 3517 aliud?

731 3559 889 3625 Don.
937 3560 1033 3639 (1)
1083 3558 1222 3624 Hoc
1269 3558 1475 3624 dicere
1522 3560 1827 3625 abeuntes
1872 3558 2099 3632 solent.
2252 3559 2385 3624 IP:
2434 3559 2529 3640 (2)
2576 3558 2662 3623 Et
2701 3559 2859 3624 bene
2899 3559 3034 3639 hic,

641 3668 794 3751 quia
853 3666 1142 3744 festinat,
1207 3665 1302 3745 (3)
1366 3671 1431 3730 et
1479 3664 1710 3741 simul,
1762 3668 1911 3750 quia
1960 3665 2107 3731 hinc
2148 3668 2432 3730 nascitur
2478 3664 2666 3731 dolus
2712 3664 3037 3732 fallendae

642 3775 1012 3838 meretricis,
1153 3772 1519 3857 Utrumque
1568 3794 1604 3836 a
1647 3772 1895 3838 Donato
1935 3772 2463 3863 abiudicandum,
2503 3771 2669 3837 illud
2710 3776 2862 3859 quia
2902 3794 3036 3839 non

640 3877 908 3964 quadrat
971 3900 1118 3944 cum
1181 3879 1297 3958 (l),
1363 3878 1482 3944 hoc
1530 3880 1682 3962 quia
1732 3878 2075 3957 „hinc”,’i.
2104 3898 2157 3944 e.
2208 3899 2286 3942 ex
2333 3878 2451 3943 hac
2500 3878 2814 3956 formula,
2864 3879 3039 3944 nihil

639 3982 956 4049 eiusmodi
1005 3986 1306 4049 nascitur.
2762 3984 2828 4049 S.
2878 4007 2934 4050 c.

713 4199 762 4261 1)
812 4198 870 4247 In
917 4198 1063 4246 schol.
1111 4197 1236 4261 quod
1283 4197 1502 4261 sequitur
1551 4200 1619 4261 (3)
1670 4198 1761 4247 ..Et
1806 4204 1877 4247 est
1920 4214 2075 4256 causa,
2112 4213 2173 4245 an
2211 4197 2471 4247 verisimile
2506 4198 2571 4247 sit
2604 4198 2783 4247 nescire
2818 4200 3037 4264 potuisse

637 4278 875 4329 vicinam''
909 4280 1094 4328 rhetori
1127 4280 1281 4329 danda
1316 4285 1440 4330 sunt.
1492 4282 1549 4330 In
1591 4268 1769 4330 Mnem.
1808 4280 2019 4329 XXXIII
2054 4297 2103 4344 p.
2136 4281 2234 4330 289
2270 4285 2320 4329 et
2354 4281 2443 4330 hoc
2477 4280 2615 4330 omisi
2654 4286 2702 4329 et
2736 4280 2833 4329 alia
2868 4282 3037 4331 rheto-

636 4363 733 4411 rica
769 4362 1059 4426 interpolata
1093 4363 1142 4410 in
1177 4363 1266 4411 hac
1293 4378 1482 4413 scaena:
1527 4364 1586 4412 16
1606 4364 1705 4427 (3),
1749 4362 1803 4415 17
1826 4364 1923 4426 (3),
1961 4362 2138 4426 180),
2177 4363 2238 4411 19
2256 4362 2357 4427 (l),
2392 4364 2674 4427 91(3)(5),
2708 4363 2788 4413 92.

706 4444 758 4507 8)
801 4446 865 4492 De
903 4444 982 4492 IP
1015 4444 1250 4493 sermonis
1284 4444 1556 4494 Terentiani
1595 4444 1842 4495 laudatore
1876 4444 1983 4493 vide
2014 4460 2161 4509 supra
2193 4444 2251 4496 ad
2287 4446 2351 4493 45
2370 4448 2455 4508 (ὅ).
2845 4440 2849 4443 ’
