3246 5085
1210 303 1707 404 aniswmams.
2512 337 2649 435 273

259 519 535 606 indigna
572 523 670 585 est
707 521 813 585 cui
848 521 1299 598 immoremur3
1342 541 1501 607 quae
1540 521 1806 588 fortasse
1845 519 2036 588 fluxit
2070 543 2104 587 e
2136 521 2419 589 Platonis
2441 525 2654 591 verbis

262 629 337 691 in
397 628 633 692 vicinia
694 629 1016 712 excriptis.
1086 625 1455 713 Epicharmi
1516 647 1668 695 vero
1729 649 1957 695 versus
2018 629 2284 696 fortasse
2347 631 2439 696 sic
2500 635 2652 697 sunt

265 732 619 799 scribendi:

453 839 805 918 πυγμάρισν
854 835 916 905 εἷ
935 841 985 921 ¹)
1032 841 1317 920 λοχαγὸς
1366 841 1432 906 ἐκ
1461 840 1514 923 ²)
1560 847 1679 907 τῶν
1725 841 2032 923 κανθάρων

453 949 572 1012 τῶν
617 945 929 1028 μειζόνων,
975 943 1073 1020 οὓς
1113 946 1276 1026 Φασὶ
1326 946 1436 1021 τὴν
1484 946 1714 1024 Αἴτνην
1761 946 1951 1030 ἔχειν,

270 1053 384 1120 sed
446 1055 747 1139 quoniam
807 1055 1142 1140 ignoratur
1201 1058 1573 1134 contextus,
1637 1057 1795 1121 certi
1856 1055 2011 1142 quid
2073 1060 2150 1120 ut
2210 1057 2410 1121 statui
2454 1058 2658 1143 possit

270 1180 515 1226 vereor.
579 1159 654 1224 Id
714 1164 928 1225 tamen
991 1161 1407 1226 manifestum
1425 1209 1445 1240 ,
1507 1182 1632 1226 non
1679 1160 1755 1227 de
1788 1162 2274 1245 praeqrandibus
2318 1163 2656 1228 scarabaeis

265 1263 561 1332 locutum
602 1285 739 1331 esse
772 1263 1272 1352 Epicharmum,
1314 1266 1424 1332 sed
1463 1265 1541 1332 de
1578 1266 1910 1331 hominibus
1938 1267 2230 1350 pusilli&
2282 1290 2407 1334 non
2446 1275 2656 1335 tantos

267 1371 398 1438 dici
443 1371 804 1438 scarabaeos
849 1378 926 1437 ut
965 1372 1257 1438 homines
1304 1373 1469 1438 ferre
1516 1375 1798 1458 possint,
1849 1372 1958 1438 sed
2003 1394 2201 1441 nanos
2249 1373 2534 1440 tantillos
2581 1381 2657 1441 ιιι

264 1479 617 1545 scarabaeis
678 1479 850 1545 vehi.
916 1475 1173 1546 Gruum
1236 1501 1385 1544 cum
1447 1479 1800 1566 Pygmaeis
1860 1480 2268 1546 recordamur
2322 1481 2528 1560 bella,
2591 1487 2657 1548 et

266 1582 544 1651 contulit
592 1581 859 1651 Orosius
906 1584 1191 1651 fabulam
1212 1633 1229 1663 ,
1280 1607 1441 1671 quae
1489 1592 1587 1652 est
1636 1586 1713 1651 de
1761 1585 2062 1652 Herculis
2109 1609 2258 1653 cum
2304 1586 2654 1675 Pygmaeis

264 1711 490 1778 pugna
536 1689 707 1777 apud
752 1690 1224 1758 Philostratum
1269 1690 1477 1778 Imag.
1513 1690 1575 1756 II
1617 1691 1706 1759 22
1741 1693 1882 1774 (ubi
1918 1693 2400 1759 scarabaeorum
2438 1700 2654 1760 tamen

268 1819 399 1863 non
446 1795 519 1862 fit
565 1799 856 1877 mentio).

362 1902 666 1991 Aeschyli
709 1923 931 1970 versus
977 1904 1149 1970 haud
1195 1905 1537 1971 obscurus:
1583 1907 1652 1971 in
1699 1905 1984 1972 dramate
2023 1908 2303 1992 satyrico
2338 1905 2658 1994 Sisyphus

266 2007 550 2095 lapidem
598 2009 865 2080 volvens
906 2013 1114 2077 iocose
1159 2011 1659 2078 assimulabatur
1695 2013 1964 2078 ateucho
2003 2011 2286 2080 similive
2324 2016 2657 2082 scarabaeo

268 2118 565 2181 stercoris
610 2114 879 2202 globum
924 2117 1386 2204 praegrandem
1431 2118 1684 2184 obnixis
1729 2120 2022 2185 cruribus
2062 2119 2376 2206 dorsoque
2409 2123 2659 2188 intento

266 2225 699 2308 promoventi.
742 2222 843 2287 'In
911 2221 1041 2289 alio
1102 2224 1407 2312 Aeschyli
1472 2225 1834 2312 fragmento
1895 2227 2126 2307 menti
2185 2226 2441 2294 cuidam
2500 2229 2658 2294 muri

265 2326 505 2394 similis
545 2327 874 2395 dicebatur
910 2327 1262 2416 Sisyphus3
1305 2353 1433 2397 non
1472 2336 1687 2397 tamen
1727 2331 2066 2398 effecerunt
2101 2332 2247 2399 inde
2278 2337 2658 2422 interpretes

265 2436 586 2500 immanes
633 2431 880 2520 aliquos
926 2457 1143 2502 mures
1189 2439 1259 2501 in
1303 2435 1545 2503 Sicilia·
1569 2440 1827 2505 vixisse.

360 2540 690 2629 Sophoclis
735 2542 929 2609 verba
974 2544 1259 2610 obscura.
1306 2544 1382 2611 Id
1428 2550 1643 2611 tamen
1682 2545 1905 2611 docere
1944 2546 2246 2613 videntur
2283 2548 2406 2616 loci
2443 2548 2653 2631 allati,

265 2654 487 2713 certam
558 2647 846 2734 aliquam
909 2650 1391 2717 scarabaeorum
1454 2654 1732 2738 speciem
1792 2653 2062 2718 ateucho
2125 2674 2300 2720 sacro
2363 2658 2654 2723 moribus

265 2755 553 2821 similem
602 2792 689 2803 —
736 2776 861 2822 non
907 2762 1123 2823 tamen
1168 2759 1447 2843 corporis
1492 2760 1778 2845 ingentis
1817 2797 1904 2809 —
1947 2761 2267 2824 Aetnaeum
2310 2783 2658 2847 quamcun-

268 2883 394 2947 que
444 2861 523 2927 ob
570 2882 830 2927 causam
875 2862 1116 2929 dictam
1162 2885 1297 2930 esse
1346 2864 1648 2943 Athenis,
1697 2870 1763 2930 et
1800 2866 2094 2931 festivior
2131 2869 2327 2932 etiam
2367 2867 2441 2933 fit
2473 2871 2654 2935 iocus

266 2969 807 3054 Aristophaneus,
871 2971 927 3035 si
986 2992 1115 3037 non
1176 2969 1389 3037 solum
1441 2972 1734 3035 Aemaeos
1781 2971 2043 3036 caballos
2091 2971 2200 3038 sed
2249 2980 2315 3039 et
2361 2976 2656 3041 Aetnaeos

267 3075 587 3139 cantharos
633 3096 856 3147 revera
902 3081 1132 3143 norant
1179 3078 1620 3143 Athenienses.

363 3179 549 3246 Plato
589 3178 861 3267 denique
891 3185 1173 3249 comicus
1196 3189 1309 3249 aut
1332 3183 1825 3270 Epicharmeam
1852 3182 2037 3251 illam
2066 3221 2150 3234 —
2173 3190 2249 3251 ut
2270 3187 2544 3255 arbitror
2570 3225 2653 3238 -

263 3294 384 3353 aut
428 3286 711 3353 similem
757 3287 1041 3375 aliquam
1087 3289 1373 3357 fabulam
1418 3293 1627 3356 iocose
1676 3293 1974 3377 respexit.
2025 3290 2192 3358 Nam
2240 3315 2462 3361 revera
2508 3296 2660 3374 „ho-

262 3393 554 3460 miuibus
597 3394 770 3461 haud
817 3396 1135 3462 minores”
1184 3398 1548 3463 scarabaeos
1595 3398 1872 3463 Aetnam
1912 3396 2068 3464 olim
2105 3402 2404 3486 genuisse
2443 3452 2458 3468 .
2488 3450 2503 3467 .
2533 3450 2548 3468 .
2588 3402 2657 3469 id

262 3522 349 3567 ne
412 3499 681 3588 Didymi
740 3502 1005 3587 quidem
1065 3506 1181 3569 aut
1242 3505 1355 3589 qui
1400 3505 1612 3591 magis
1660 3505 1856 3571 etiam
1903 3505 2228 3571 abstrusae
2276 3507 2655 3575 eruditionis

262 3612 641 3695 appetentes
704 3614 913 3673 essent
973 3610 1041 3674 in
1107 3610 1400 3675 animum
1461 3609 1587 3676 sibi
1647 3609 2062 3678 induxerunt.
2125 3609 2200 3676 Id
2260 3612 2513 3679 credere
2559 3620 2658 3679 est

264 3713 557 3779 eiusdem
606 3718 801 3799 atque
847 3712 999 3780 ferri
1044 3717 1181 3781 vim
1228 3717 1563 3801 ingentem
1610 3736 1648 3783 a
1695 3736 1880 3781 mure
1925 3738 2053 3783 uno
2100 3715 2468 3785 devoratam
2518 3741 2654 3787 esse

264 3818 378 3889 vel
425 3840 700 3907 puerum
746 3840 783 3885 a
828 3825 1064 3888 noctua
1109 3822 1468 3909 abreptum.
2377 3842 2441 3891 v.
2489 3825 2562 3892 L.

338 4094 395 4161 1)
428 4094 643 4145 Diodori
673 4120 715 4147 υ
754 4092 1066 4158 πυγμαρίων,
1102 4095 1301 4146 Orosius
1334 4094 1361 4144 δ
1398 4095 1707 4159 πυγμαρίων.

338 4176 395 4243 2)
430 4176 527 4227 Pro
563 4174 619 4225 ἐκ
652 4192 713 4227 an
744 4170 815 4235 εἷς
848 4175 1146 4228 scribendum
1179 4177 1244 4228 ait
1278 4178 1466 4230 dubito.

2297 4585 2359 4637 18
