3246 5085
643 323 730 388 50
1646 343 1992 391 nonarum.

637 525 739 569 res
797 525 958 590 quae
1017 507 1085 568 in
1142 509 1414 590 utroque
1456 508 1735 570 carmine
1780 510 2081 588 aguntur.
2129 505 2269 570 Hoc
2314 526 2566 590 quoque
2612 526 2761 590 epos
2810 526 3041 570 unum

633 609 828 675 habet
861 608 1076 674 locum
1113 611 1226 675 ubi
1265 613 1464 674 trium
1499 609 1764 674 illarum
1804 615 2091 674 aetatum
2122 609 2197 674 fit
2220 614 2494 675 mentio:
2537 630 2665 675 uuo
2692 609 3035 697 Odysseae

634 734 824 778 versu
873 714 1104 780 Nestor
1149 714 1386 780 dicitur
1431 718 1657 780 tertiae
1702 716 1835 778 iam
1879 715 2220 779 hominum
2265 718 2463 780 aetati
2505 718 2822 800 imperare
2842 763 2857 792 ,
2908 716 3037 780 sed

629 817 740 884 ille
803 839 1024 884 versus
1087 827 1223 885 tam
1283 819 1452 885 male
1515 823 1613 884 est
1660 819 1865 884 factus
1912 826 1987 882 ut
2030 820 2487 904 interpretibus
2533 819 3031 904 editoribusque

633 945 988 1009 numquam
1032 945 1156 989 non
1204 927 1382 989 visus
1428 927 1514 988 sit
1560 928 1819 1009 spurius
1864 946 1979 1012 nec
2027 923 2207 989 facile
2247 924 2635 990 defensorem
2675 927 2761 989 sit
2796 928 3033 991 inven-

627 1035 832 1095 turus.
882 1028 1122 1094 Looum
1169 1050 1364 1114 quem
1411 1029 1549 1094 dico
1595 1029 1701 1095 hic
1750 1038 1845 1094 est
1891 1028 2281 1109 (Telemachi
2328 1037 2479 1094 sunt
2526 1031 2783 1110 verba):

901 1139 1002 1197 νῦν
1051 1136 1100 1198 δ’
1150 1134 1331 1199 ἐθέλω
1377 1137 1552 1207 εέπος
1601 1134 1761 1199 ἄλλο
1809 1144 2213 1211 μεταλλῆσαι
2263 1135 2367 1198 καὶ
2419 1135 2651 1212 ἐρέσθαι

898 1239 1176 1319 Νέστορ’,
1228 1239 1358 1303 ἐπεὶ
1411 1240 1544 1318 περὶ
1593 1238 1747 1304 rone
1795 1239 1972 1311 δίκας
2020 1239 2119 1313 ἠδὲ
2166 1238 2372 1319 Φρόνιν
2420 1237 2660 1304 ἄλλων·

895 1345 1054 1426 [τρὶς
1101 1347 1226 1423 γὰρ
1273 1345 1346 1419 δή
1394 1369 1500 1423 μιν
1546 1345 1748 1423 Φασὶν
1796 1344 2143 1422 ἀνάξασθαι
2186 1346 2346 1422 γένε’
2396 1345 2665 1428 ἀνδρῶν]

893 1447 972 1520 ὥς
1018 1448 1089 1513 τέ
1128 1474 1229 1525 μοι
1279 1449 1586 1522 ἀθάνατος
1634 1449 2025 1515 ηνδάλλετκι
2073 1448 2470 1528 εἷσοράεσθαι.

621 1553 1050 1620 Balbutientis
1111 1562 1209 1620 est
1262 1554 1464 1620 illud:
1530 1563 1664 1632 „ter
1717 1555 1925 1634 yeneri
1984 1555 2278 1618 hominum
2334 1554 2715 1636 imperavit.''
2776 1554 3010 1640 Itaque

621 1663 865 1745 optimo
914 1662 1052 1725 iure
1096 1659 1265 1726 hunc
1315 1681 1572 1725 versum
1621 1658 1804 1724 obelo
1852 1662 2098 1725 notavit
2142 1661 2547 1724 Aristarchus
2580 1661 2647 1739 ¹).

707 1764 783 1829 In
821 1763 1105 1849 Odyssea
1145 1771 1364 1830 autem
1405 1764 1576 1849 quod
1614 1765 1861 1829 factum
1901 1773 2034 1841 est,
2072 1765 2140 1829 id
2166 1763 2385 1830 Iliadis
2408 1764 2546 1830 loco
2572 1764 2892 1831 consimili
2918 1803 3010 1814 —

625 1892 775 1936 nam
821 1874 1108 1955 primum
1153 1874 1222 1934 in
1268 1869 1586 1956 Odysseae
1633 1871 1749 1934 hac
1795 1877 1977 1955 parte
2022 1869 2237 1955 prodit
2280 1870 2533 1948 Nestor,
2570 1874 2648 1934 ut
2682 1873 2751 1934 in
2792 1869 3017 1936 Iliadis

624 1996 698 2042 ea
756 1982 937 2061 parte
1000 1975 1077 2040 de
1123 1997 1246 2060 qua
1295 1996 1487 2060 supra
1536 1976 1729 2040 verba
1780 1975 2051 2040 fecimus
2099 2013 2183 2024 —-
2233 1978 2386 2060 quin
2432 1979 2715 2060 potuerit
2759 1975 2897 2040 fieri
2940 1985 3013 2041 et

623 2101 844 2147 revera
891 2081 1134 2145 factum
1181 2083 1266 2144 sit
1313 2080 1604 2145 dubitare
1649 2078 2026 2164 pergimus?

713 2186 782 2251 Si
829 2185 1196 2251 dubitamus
1241 2189 1437 2251 etiam
1457 2233 1472 2262 ,
1524 2186 1717 2251 habet
1763 2184 1926 2250 liber
1974 2197 2033 2250 A
2079 2185 2250 2270 quod
2296 2185 2376 2250 ad
2420 2205 2557 2250 rem
2602 2185 2814 2251 faciat.
2864 2185 3007 2265 Quo

621 2289 760 2355 loco
795 2291 1030 2356 Nestor
1068 2312 1284 2357 rerum
1321 2293 1815 2376 praeteritarum
1855 2293 2200 2355 memoriae
2238 2290 2583 2376 indulgens
2622 2291 2761 2356 fuse
2791 2297 3013 2356 narrat

624 2415 786 2479 quae
831 2397 901 2458 in
947 2398 1151 2480 patria
1195 2395 1349 2460 olim
1398 2398 1536 2479 egit
1578 2397 1850 2459 iuvenis.
1902 2394 2081 2480 Pylii
2124 2416 2274 2459 cum
2320 2415 2419 2460 res
2465 2415 2613 2460 suas
2650 2401 3009 2480 repetentes

621 2499 945 2585 Epeorum
985 2503 1346 2585 rapuissent
1384 2505 1697 2578 armenta,
1740 2501 1811 2565 hi
1850 2521 2085 2586 magno
2123 2503 2406 2566 exercitu
2431 2521 2653 2566 eorum
2676 2503 3009 2586 regionem

621 2607 1050 2683 invaserunt,.
1105 2606 1213 2672 sed
1282 2628 1319 2672 a
1388 2606 1596 2692 Pyliis
1659 2606 1987 2692 profligati
2045 2614 2231 2682 sunt,
2301 2612 2367 2671 et
2434 2609 2687 2672 iuvenis
2750 2606 3001 2683 Nestor,

621 2731 814 2795 quem
852 2715 1088 2777 armari
1125 2733 1398 2777 curruve
1439 2732 1727 2798 pugnare
1766 2719 1945 2797 pater
1978 2711 2219 2776 Neleus
2256 2710 2545 2777 noluerat
2582 2719 2805 2796 utpote
2848 2711 3001 2776 belli

625 2817 908 2883 nondum
967 2820 1122 2883 satis
1183 2820 1500 2902 peritum,
1562 2817 1755 2902 pedes
1818 2824 2033 2881 tamen
2080 2815 2399 2901 proelium
2442 2819 2592 2881 iniit
2636 2821 2702 2881 et
2744 2824 3005 2882 strenua

622 2922 716 2986 ibi
761 2922 1040 2987 facinora
1085 2922 1285 2988 edidit
1329 2921 1630 3007 plurima.
1682 2920 1938 3006 Optime
1983 2921 2140 2985 haec
2176 2924 2345 2985 inter
2383 2942 2449 2986 se
2488 2922 2819 2986 cohaerent
2837 2942 2855 2999 3
2896 2920 3006 2985 sed

623 3047 839 3091 rerum
907 3034 1307 3093 narratarum
1373 3030 1691 3093 rationem
1761 3028 1925 3091 mire
1998 3027 2260 3091 turbant
2328 3048 2549 3093 versus
2622 3025 2999 3091 689—695.

627 3132 884 3209 „Multa
942 3131 1265 3217 Epeorum
1325 3138 1613 3196 armenta
1674 3138 2016 3216 rapuerant
2078 3130 2288 3217 Pylii,
2350 3135 2567 3216 itaque
2614 3133 2847 3196 horum
2893 3153 3003 3197 rex

619 3236 856 3303 Neleus
900 3241 1189 3322 impense
1225 3237 1549 3324 gaudebat
1585 3243 1651 3301 et
1688 3240 2063 3304 convocavit
2100 3239 2271 3303 cives
2310 3240 2423 3322 qui
2463 3258 2498 3303 e
2536 3237 2767 3322 praeda
2805 3257 3002 3303 suum

619 3349 977 3427 repeterent
1023 3342 1267 3430 singuli
1290 3391 1308 3421 ,

1435 3447 1684 3512 πολέσιν
1732 3450 1856 3526 γὰρ
1904 3447 2133 3513 Ἐπειοὶ
2180 3456 2367 3527 χρῆος
2411 3446 2722 3528 ὄφειλον.”

585 3551 944 3617 ·Haotenus
989 3554 1242 3618 obscuri
1287 3552 1454 3618 nihil
1469 3574 1487 3633 ;
1537 3558 1604 3618 at
1651 3560 2004 3639 sequuntur
2050 3553 2238 3618 haec:

887 3660 966 3730 ὣς
1011 3657 1165 3735 ἦμες
1210 3663 1425 3739 παῦροι
1474 3660 1884 3733 κεκακωμένοι
1933 3660 1995 3723 ἐν
2039 3661 2224 3740 Πύλῳ
2273 3654 2449 3734 ἦμεν.
2536 3672 2559 3682 ”

711 3761 844 3827 690
891 3763 1071 3827 ἐλθὼν
1117 3764 1244 3844 γὰρ
1293 3763 1564 3829 ἐκάκωσε
1608 3764 1718 3839 βίη
1775 3765 2171 3843 Ἠρακλεεεὶη

886 3876 1001 3934 τῶν
1047 3872 1339 3949 προτέρων
1385 3872 1615 3948 urbm,
1666 3869 1833 3933 κατὰ
1882 3868 1933 3932 δ’
1984 3868 2233 3933 ἔκταθεν
2282 3865 2442 3933 ὅσσοι
2490 3866 2745 3947 ἄριστοι.

884 3977 1118 4041 δώδεκα
1165 3978 1292 4057 γὰρ
1339 3982 1588 4049 Νηλῆος
1636 3975 1951 4049 ἀμύμονος
1999 3972 2156 4045 υἱέες
2205 3968 2388 4049 ἦμεν·

882 4086 999 4144 τῶν
1047 4078 1164 4153 οἷος
1210 4081 1519 4157 ’λιπόμηη
1568 4072 1622 4145 οἳ
1670 4078 1723 4142 δ’
1772 4078 1954 4144 ἄλλοι
2002 4076 2238 4151 πάντες
2286 4077 2513 4143 ὄλοντο.

680 4336 734 4399 1)
766 4354 806 4399 γ
833 4340 948 4387 245.
995 4338 1151 4388 Etiam
1181 4354 1342 4388 versus
1374 4340 1474 4388 244
1505 4341 1554 4386 et
1581 4338 1687 4386 246
1722 4336 1974 4385 damnabat
2008 4336 2335 4386 Aristarchus:
2375 4340 2563 4385 rectene
2596 4351 2661 4385 an
2692 4349 2844 4393 ιοοιιι,
2882 4351 2979 4385 nou

612 4434 789 4482 quaero
823 4435 966 4468 nuno.
