3246 5085
1181 379 1530 430 nonnos.
2450 363 2534 428 51

423 545 606 606 ταῦθ’
655 541 1177 622 ὑπερηφανέοντες
1225 543 1452 606 Ἐπειοὶ
1501 541 1979 622 χαλκοχίτωνες

250 645 376 710 695
427 646 638 722 ἡμέας
685 645 1031 727 ὑβρίζοντες
1077 645 1416 711 ἀτάσθαλα
1467 645 1909 724 'auxanium-0.

179 751 282 828 Qui
323 772 559 817 versus
605 756 742 818 sive
789 774 1008 818 omnes
1055 752 1389 837 postmodo
1435 758 1585 816 sunt
1629 754 1855 816 inserti
1900 754 2036 817 sive
2080 753 2335 818 adaucti
2372 759 2543 830 sunt,

183 857 314 922 olim
357 865 589 924 autem
633 860 789 924 haec
835 858 972 924 sola
1017 859 1228 925 fuere:

425 965 515 1036 ὥς
565 963 1086 1044 ὑπερηφανέοντες
1132 963 1361 1028 Ἐπειοὶ
1411 966 1885 1044 χαλκοχίτωνες

431 1069 642 1144 ἡμέας
691 1069 1037 1150 ὑβρίζοντες
1083 1069 1422 1134 α’τοὶσθαλα
1469 1069 1925 1149 ’μηχαναοντο,

185 1172 240 1236 id
289 1174 557 1257 quidem
619 1180 796 1259 patet
815 1223 830 1250 ‚
881 1195 920 1239 a
961 1177 1320 1238 narratione
1342 1221 1358 1252 ,
1407 1194 1568 1258 quae
1614 1173 1891 1239 Neleum
1938 1173 2199 1240 haberet
2243 1178 2548 1260 superet-i-

187 1294 325 1354 tem,
363 1278 649 1344 alienam
686 1300 821 1344 esse
862 1282 1252 1344 mentionem
1292 1279 1472 1345 urbis
1513 1279 1665 1365 Pyli
1704 1280 1783 1344 ab
1809 1279 2089 1345 Hercule
2114 1288 2544 1367 expugnatae3

187 1387 279 1466 qui
334 1405 482 1449 cum
551 1387 805 1450 necavit
863 1381 1024 1450 ὅσσοι
1073 1382 1304 1464 ἄριστοι
1324 1433 1339 1461 ,
1387 1405 1516 1450 non
1561 1384 1731 1451 filios
1777 1385 1944 1451 solos
1988 1385 2171 1451 Nelei
2218 1389 2549 1452 interemit

190 1487 502 1567 undecim,
566 1489 677 1554 sed
737 1495 800 1554 et
859 1493 1077 1575 ipsum
1138 1497 1292 1556 tunc
1351 1489 1630 1556 Neleum
1690 1492 1768 1556 ab
1830 1511 1903 1556 eo
1966 1491 2360 1556 trucidatum
2382 1539 2399 1570 ‚
2473 1499 2549 1557 ut

189 1592 502 1658 Eetionem
565 1595 670 1659 ab·
709 1594 959 1659 Achille
1013 1595 1119 1660 vel
1162 1594 1497 1660 Priamum
1544 1616 1582 1660 a
1625 1596 1879 1681 Pyrrho
1897 1644 1913 1674 ,
1964 1617 2112 1662 cum
2159 1599 2322 1661 ratio
2369 1596 2552 1662 docet

195 1735 264 1746 -
305 1720 456 1764 nam
521 1701 731 1772 νήπιος
795 1692 859 1772 ὃς
907 1699 1143 1772 παῖδας
1191 1703 1431 1766 κτείνων
1479 1701 1757 1780 πατέρας
1807 1701 2220 1768 „aramma
2271 1741 2356 1752 —
2405 1710 2548 1769 tum

195 1803 379 1869 dixere
429 1807 546 1890 qui
594 1805 798 1869 fusius
843 1803 1027 1870 illam
1065 1805 1352 1872 fabulam
1387 1815 1763 1872 enarrarunt
1792 1808 1860 1887 ¹).
1909 1807 2089 1872 Unus
2129 1813 2281 1874 tunc
2320 1808 2555 1875 Nestor

193 1906 394 1982 ἄλυξεν
442 1911 502 1972 ἐν
553 1911 902 1984 ἀνθεμόεντι
952 1911 1176 1988 Γερῆνφ
1203 1911 1278 1990 ²),
1326 1911 1438 1975 ubi
1485 1911 1875 1976 educabatur
1919 1932 2099 1996 puer.

269 2013 490 2098 Itaque
538 2019 754 2080 versui
801 2027 860 2080 A
887 2015 1038 2094 683,
1087 2017 1200 2081 ubi
1245 2015 1480 2082 Neleus
1526 2038 1594 2080 re
1640 2038 1677 2081 a
1721 2015 1854 2082 filio
1901 2023 2157 2083 strenue
2202 2024 2387 2105 gesta
2428 2018 2551 2085 lae-

201 2124 348 2182 tatus
393 2141 532 2185 esse
577 2120 832 2198 dicitur,
881 2121 1096 2206 diplen
1143 2124 1434 2206 appinxit
1478 2121 1885 2186 Aristarchus
1903 2170 1921 2199 ,
1972 2120 2106 2199 »ὅτι
2153 2125 2551 2202 διαφωνοῦσιν

201 2223 242 2285 οἱ
293 2225 586 2302 νεώτεροι,
653 2227 754 2288 τὸν
817 2226 1036 2299 Νηλέα
1084 2225 1376 2303 λέγοντες
1420 2228 1743 2306 ἀνῃρῆσθαι
1794 2228 1903 2304 ὑφ’
1948 2227 2387 2308 Ἡρακλέους”,
2438 2249 2555 2295 suo

201 2330 383 2412 igitur
447 2333 592 2396 iure
661 2337 968 2396 annotans
1025 2330 1276 2396 fabulas
1335 2331 1411 2396 de
1471 2331 1672 2396 Neleo
1730 2339 2016 2397 narratas
2073 2335 2243 2398 inter
2301 2355 2368 2400 se
2429 2357 2551 2400 non

204 2437 501 2500 concinere
519 2457 536 2512 3
603 2436 714 2500 sed
773 2456 978 2521 neque
1022 2439 1242 2521 ipsum
1286 2435 1646 2502 Homerum
1695 2437 1814 2502 hoc
1858 2437 1998 2503 loco
2046 2441 2199 2504 satis
2246 2440 2369 2504 sibi
2417 2461 2556 2506 con·

205 2544 376 2617 stare,
412 2541 480 2606 id
521 2564 672 2607 eum
710 2540 905 2627 fugit.
947 2541 1273 2605 Duodecim
1310 2550 1528 2607 autem
1569 2564 1719 2607 cum
1758 2552 2339 2609 commemorantur
2370 2545 2557 2611 Nelei

207 2643 342 2723 filii,
387 2649 522 2731 ipse
565 2646 680 2711 ille
725 2668 1032 2713 numerus
1077 2649 1156 2712 ab
1203 2646 1400 2712 Iliade
1447 2646 1716 2713 alienior
1760 2652 2189 2733 suspicionem
2234 2658 2454 2715 movet
2482 2650 2553 2730 ³),

210 2758 262 2812 et
299 2755 502 2837 magis
547 2756 742 2817 etiam
791 2761 1159 2837 suspectum
1206 2752 1280 2815 fit
1323 2752 1487 2817 illud
1532 2752 1860 2818 numerale
1907 2752 2140 2818 collato
2178 2775 2369 2819 versu
2410 2776 2559 2839 quo-

213 2852 336 2919 dam
380 2855 730 2941 Odysseae,
777 2859 896 2922 ubi
937 2860 1319 2923 nominatim
1367 2866 1771 2923 recensentur
1814 2857 2003 2923 liberi
2046 2857 2262 2924 Nelei:

459 2961 704 3042 Νέστωρ
752 2987 821 3027 τε
870 2964 1127 3042 Χρομίος
1171 2988 1240 3028 τε
1290 2964 1741 3043 Περικλύμενος
1788 2965 1846 3027 τ’
1894 2964 2251 3044 αγέρωχος,

458 3075 610 3131 τοῖο-ι
660 3067 711 3131 δ’
761 3067 858 3131 ἐπ’
905 3069 1129 3145 ἰφθίμη
1179 3069 1352 3146 Πηρώ
1380 3068 1454 3148 ⁴).

217 3166 416 3255 Neque
450 3176 620 3237 enim
658 3179 816 3239 natu
853 3176 1164 3239 minimus
1205 3173 1388 3240 Nelei
1425 3173 1594 3239 filius
1632 3173 1770 3239 illic
1809 3174 2065 3239 videtur
2098 3174 2329 3241 Nestor
2359 3196 2561 3260 neque

221 3274 619 3344 duodecimus.

293 3489 385 3555 Ab
449 3490 728 3555 Homero
788 3490 992 3555 aliena
1045 3510 1179 3555 esse
1242 3512 1402 3575 quae
1461 3491 1634 3576 apud
1694 3496 2072 3558 recentiores
2132 3494 2425 3559 feruntur
2486 3494 2562 3559 de

221 3590 458 3659 Nestore
499 3594 654 3660 belli
700 3595 956 3660 Troiani
1001 3604 1288 3681 tempore
1333 3599 1824 3680 nonagesimum
1872 3598 2003 3662 fere
2051 3601 2277 3663 aetatis
2324 3619 2564 3664 annum

223 3710 422 3780 agente
477 3700 585 3765 vel
645 3704 845 3767 etiam
905 3708 1065 3766 natu
1122 3704 1362 3766 maiore
1380 3750 1396 3780 ,
1457 3700 1821 3767 luculenter
1878 3706 2207 3787 apparuit,
2267 3724 2383 3769 nec
2438 3707 2564 3772 nisi

225 3819 330 3867 uno
388 3803 518 3870 loco
536 3852 552 3883 ,
618 3808 730 3890 qui
777 3809 875 3871 est
918 3808 1160 3871 circum
1207 3805 1426 3871 Iliadis
1470 3808 1735 3871 initium
1755 3854 1771 3883 ,
1822 3827 1966 3872 eam
2011 3810 2134 3871 niti
2181 3810 2561 3892 opinionem.

282 4040 328 4103 1)
354 4042 620 4107 Apollodor.
651 4044 707 4092 11
736 4044 784 4103 ¹1,
802 4043 835 4092 2
863 4046 954 4105 §3-
988 4043 1211 4093 Concinit
1241 4047 1402 4094 antem
1432 4043 1592 4094 fabula
1617 4043 1876 4108 antiquior,
1906 4060 2027 4107 quae
2057 4044 2309 4109 respicitur
2336 4045 2388 4094 in
2414 4045 2565 4095 Iliade

223 4120 271 4179 (E
285 4122 404 4185 8⁹7),
445 4124 524 4173 ubi
569 4124 804 4174 Hercule·
852 4124 1024 4175 Orcum
1057 4126 1233 4189 sagitta
1267 4126 1379 4189 Pyli
1415 4126 1598 4175 tel-iisse
1632 4126 1825 4186 dicitur,
1858 4125 2088 4190 siquidem
2128 4126 2306 4176 Neleus
2342 4126 2566 4191 primitus

229 4199 302 4250 finit
329 4204 579 4255 inferorum
615 4221 697 4254 rex
733 4204 1058 4255 Inexorabilis.

281 4283 330 4345 2)
361 4285 547 4336 Hesiod.
579 4286 639 4335 fr.
679 4287 757 4335 16.

285 4366 330 4421 3)
361 4366 432 4415 Oi.
463 4368 644 4416 Mnem.
683 4368 812 4416 1⁹0⁶
849 4384 895 4431 p.
930 4368 1026 4417 8⁹8
1045 4384 1113 4431 sq.

287 4444 333 4505 4)
363 4452 394 4492 λ
419 4446 514 4494 886
537 4462 606 4510 sq.
