3246 5085
597 325 683 388 60
1613 336 1994 384 namucum.

597 529 727 594 quo
793 506 956 572 facto
1017 503 1390 589 imprudens
1452 501 1685 586 aliquis
1742 501 2042 566 librarius
2062 549 2076 574 ,
2138 489 2669 586 praepositionem
2730 503 2815 566 ad
2866 523 2999 588 per

598 632 888 678 errorem
933 611 1031 675 bis
1078 612 1384 695 scriptam
1432 613 1666 694 putans
1684 655 1701 685 ,
1748 605 1949 672 semel
1991 626 2249 672 exarare
2294 609 2449 671 satis
2492 607 2741 674 habuit.

693 828 768 896 G.
820 828 927 894 24.
955 827 1016 893 4.
1079 834 1188 891 aut
1248 827 1346 890 cui
1406 833 1558 890 testa
1617 831 1757 888 suut
1814 825 2056 898 obscena
2118 826 2396 901 demessa,
2445 846 2555 910 quo
2600 825 2766 890 modo
2809 828 2997 890 deum

593 936 800 1000 violat
862 934 966 1019 qui
1025 935 1134 998 hoc
1189 934 1357 996 modo
1404 933 1643 1014 placat,
1706 953 1831 994 cum
1892 931 1948 993 εἰ
2007 931 2298 994 cunuchos
2356 933 2501 994 deuo
2544 932 2742 1009 vellet,
2775 939 2997 1014 posset

589 1062 932 1125 procreare,
979 1061 1105 1105 non
1153 1034 1398 1104 facere?

695 1146 900 1212 Verba
939 1167 1055 1208 uon
1082 1145 1305 1230 facere
1344 1149 1490 1227 post
1525 1141 1885 1227 Sauppium
1923 1140 2119 1206 multi
2142 1141 2321 1207 obelo
2344 1147 2666 1208 notarunt.
2707 1142 2989 1221 Iniuria,

601 1257 678 1315 ut
725 1250 950 1328 cred03
1001 1247 1451 1334 corrigendum
1500 1245 1789 1312 videtur:
1839 1246 2135 1311 nedum
2169 1248 2407 1331 facere.
2537 1229 2545 1238 ’

691 1450 762 1519 C.
813 1451 921 1518 25.
951 1451 1012 1517 6.
1086 1451 1305 1515 totiens
1351 1472 1488 1534 erqo
1531 1451 1825 1514 Romanis
1870 1448 2169 1532 inpiatum
2214 1456 2301 1513 est
2344 1449 2613 1534 quotiens
2660 1445 2997 1529 triumpha-

601 1567 742 1637 tum,
792 1565 877 1622 tot
921 1560 996 1622 de
1040 1558 1162 1620 diis
1205 1556 1404 1640 spolia
1451 1562 1590 1641 quot
1634 1557 1708 1619 de
1746 1555 2023 1637 qentibuc
2066 1562 2126 1619 et
2171 1562 2436 1637 tropaea.

687 1663 868 1743 Quod
938 1661 1232 1728 nonnulli
1301 1666 1767 1747 proposuerunt
1826 1667 1904 1726 ut
1966 1683 2082 1747 pro
2145 1667 2203 1725 et
2264 1668 2509 1743 tropaea
2566 1660 2987 1724 scriberetur:

596 1775 737 1831 sunt
799 1775 1074 1850 tropaea,
1140 1770 1278 1832 iure
1327 1765 1571 1832 Vahlen
1617 1769 1858 1831 reiecit.
1909 1767 1996 1830 At
2042 1771 2257 1831 tamen
2304 1765 2649 1830 verborum
2694 1764 2991 1828 ordinem

597 1874 931 1938 turbatum
979 1893 1114 1938 esse
1163 1875 1410 1958 opinor,
1460 1892 1653 1955 quem
1698 1875 1791 1936 ita
1830 1874 2163 1950 restitues,
2202 1874 2259 1936 si
2296 1890 2553 1936 mecum
2599 1868 2987 1936 vocabulum

600 1979 798 2061 spolia
845 1983 989 2064 post
1028 1979 1302 2059 ,qentibm
1349 1978 1692 2041 traieceris.

698 2197 768 2264 C.
820 2197 925 2262 25.
959 2196 1062 2261 11.
1143 2195 1252 2258 Ubi
1285 2189 1506 2258 'autem
1563 2195 1752 2275 maffia
1796 2219 1835 2257 a
1878 2195 2281 2260 sacerdotibus
2325 2218 2498 2280 quam
2535 2195 2696 2258 iuter
2741 2215 2884 2257 arae
2929 2201 2993 2257 et

605 2305 853 2368 delubra
898 2304 1305 2365 conducuntur
1343 2308 1574 2383 stupra,
1617 2307 1958 2364 tractantur
1994 2301 2308 2378 lenocinia,
2358 2299 2663 2364 adulteria
2701 2298 2993 2362 meditan-

609 2409 761 2472 tur?
806 2407 1200 2492 frequentius
1243 2407 1497 2490 denique
1542 2407 1606 2469 in
1656 2407 2031 2470 aedituorum
2076 2406 2315 2470 cellulis
2360 2427 2533 2490 quam
2580 2405 2649 2467 iu
2692 2403 2847 2485 ἐμὼ
2894 2403 2990 2466 bu-

593 2513 933 2597 panaribue
962 2515 1246 2596 flaqrans
1293 2511 1480 2575 libido
1527 2512 1909 2596 desumitur.

699 2618 992 2683 Editores
1031 2617 1143 2682 alii
1177 2638 1326 2683 cum
1366 2616 1753 2682 Heumanno
1793 2618 1983 2700 maffia
2006 2640 2179 2702 quam
2202 2640 2240 2681 a
2261 2638 2380 2681 eac.
2406 2636 2727 2681 recensere
2749 2613 2989 2691 solent,

611 2724 721 2790 alii
779 2724 1136 2809 Sauppium
1197 2724 1400 2787 secuti
1461 2723 1655 2789 verba
1700 2748 1740 2787 a
1784 2724 2187 2787 sacerdotibus
2230 2728 2562 2808 tamquam
2606 2718 2994 2805 interpolata

609 2812 950 2895 secludere.
1001 2828 1366 2913 Utrumque
1413 2832 1590 2893 vetat
1638 2848 1789 2893 sana
1833 2830 2014 2893 ratio,
2064 2829 2311 2912 Nempe
2357 2826 2729 2892 Heumanni
2770 2827 2993 2890 traiec-

605 2938 778 2999 tione
817 2938 1068 3019 recepta
1105 2931 1206 2997 illi
1243 2934 1587 2999 Octavium
1626 2932 1789 2997 hanc
1829 2953 1961 2996 rem
2004 2932 2346 2998 absurdam
2385 2932 2701 2997 dicentem
2723 2930 2988 3009 faciunt,

607 3060 926 3124 nusquam
989 3045 1302 3103 terrarum
1365 3038 1552 3124 plura
1614 3044 1836 3123 stupra
1896 3037 2167 3103 conduci
2211 3060 2406 3123 quam
2453 3059 2491 3104 a
2533 3036 2988 3103 sacerdotibus.

608 3142 870 3208 Accedit
932 3142 1097 3226 quod
1161 3143 1263 3205 ubi
1325 3146 1389 3207 et
1448 3165 1487 3204 a
1548 3143 1951 3206 sacerdotibus
2012 3142 2179 3208 male
2240 3144 2364 3210 sibi
2408 3142 2823 3229 respondent:
2872 3158 2989 3226 pro

482 3316 490 3323 ,
607 3248 905 3313 adverbio
944 3252 1302 3331 exspectes:
1345 3269 1384 3308 a
1421 3246 1635 3331 quibus
1674 3247 2003 3311 hominibus
2042 3247 2185 3313 vel:
2228 3272 2265 3311 a
2304 3270 2417 3333 quo
2443 3248 2739 3312 hominum
2754 3268 2987 3328 qenere.

607 3354 896 3438 Denique
933 3353 1126 3417 verba
1147 3352 1540 3437 frequentius
1568 3400 1581 3416 .
1611 3402 1625 3417 .
1657 3400 1670 3416 .
1698 3354 2057 3436 desunqitur
2093 3356 2186 3418 ita
2224 3352 2428 3419 debile
2468 3352 2816 3418 admodum
2848 3373 2990 3437 gra·

609 3460 886 3524 dationis
930 3478 1134 3543 genus
1181 3458 1474 3523 efficiant.
1537 3457 1759 3542 Neque
1821 3460 2037 3523 minus
2083 3458 2353 3545 Sauppii
2400 3462 2804 3543 propositum
2848 3460 2991 3542 ipsa

603 3566 850 3628 ratione
888 3562 1224 3627 refutatur.
1265 3561 1468 3641 Quam
1506 3564 1725 3648 inepta
1762 3563 1978 3628 evadit
2012 3564 2336 3650 gradatio,
2380 3567 2434 3629 si
2473 3564 2591 3629 hoc
2631 3564 2760 3629 fere
2798 3562 2989 3627 modo

610 3668 914 3733 Octavius
961 3673 1482 3753 argumentatur:
1531 3670 1701 3732 inter
1744 3688 1882 3733 aras
1928 3675 1994 3733 et
2040 3668 2307 3735 delubra
2350 3675 2574 3755 stupra
2617 3668 2804 3755 plura
2849 3690 2992 3735 con-

609 3775 935 3840 ducuntur
980 3793 1172 3858 quam
1214 3774 1426 3838 ubivis
1467 3778 1780 3839 terrarum
1802 3822 1817 3850 ,
1864 3777 2069 3840 immo
2117 3796 2311 3861 quam
2357 3779 2423 3840 in
2470 3774 2918 3861 lupanaribus!

699 3878 963 3944 Octavio
1010 3899 1125 3943 sua
1168 3881 1610 3956 restituentur,
1660 3882 1715 3944 si
1753 3901 1957 3945 unum
1997 3880 2384 3946 vocabulum
2421 3904 2596 3965 qua-m
2632 3880 2991 3958 induxeris,

609 3984 776 4069 quod
836 3988 981 4069 post
1041 3983 1422 4049 Tertulliani
1482 3991 1769 4071 tempora
1790 3966 2107 4070 'aliquem
2169 3986 2483 4051 addidisse
2547 3988 2833 4071 suspicor
2878 3988 2997 4071 qui

607 4111 734 4154 non
796 4087 1234 4174 intellegeret,
1292 4088 1369 4153 ad
1419 4091 1612 4154 verba
1672 4090 1780 4152 Ubi
1824 4098 2016 4154 autem
2062 4090 2255 4173 mayis
2300 4097 2515 4155 mente
2561 4089 2995 4175 supplendum

609 4213 773 4258 esse:
836 4194 1050 4277 ‘quam
1097 4192 1265 4277 apud
1315 4195 1472 4260 vos’.
1539 4192 1635 4259 Of.
1686 4193 1954 4259 Tertull.
2005 4193 2190 4279 Apol.
2244 4195 2361 4259 15:
2412 4194 2713 4261 Ceterum
2762 4198 2818 4259 si
2864 4194 2996 4259 adi-

609 4302 775 4365 ciam
845 4320 1005 4383 quae
1074 4320 1198 4363 non
1266 4301 1482 4364 minus
1547 4302 1967 4365 conscientiae
2028 4304 2319 4365 omnium
2380 4306 2861 4386 recognoscent,
2922 4302 2995 4363 in

605 4402 866 4489 templis
914 4404 1230 4469 adulteria
1276 4408 1608 4489 componi,
1657 4408 1825 4468 inter
1861 4426 2000 4469 aras
2039 4405 2353 4471 lenocinia
2394 4409 2681 4485 tractari,
2723 4409 2791 4469 in
2829 4408 2991 4489 ipsis
