<?xml version="1.0" encoding="UTF-8"?>
<!DOCTYPE html PUBLIC "-//W3C//DTD XHTML 1.0 Transitional//EN"
    "http://www.w3.org/TR/xhtml1/DTD/xhtml1-transitional.dtd">
<html xmlns="http://www.w3.org/1999/xhtml" xml:lang="en" lang="en">
 <head>
  <title>
</title>
<meta http-equiv="Content-Type" content="text/html;charset=utf-8" />
  <meta name='ocr-system' content='tesseract 3.04.00' />
  <meta name='ocr-capabilities' content='ocr_page ocr_carea ocr_par ocr_line ocrx_word'/>
</head>
<body>
  <div class='ocr_page' id='page_1' title='image "./mnemosynevolume03verdgoog_0353.png"; bbox 0 0 3246 5085; ppageno 0'>
   <div class='ocr_carea' id='block_1_1' title="bbox 1388 321 2705 390">
    <p class='ocr_par' dir='ltr' id='par_1_1' title="bbox 1388 321 2705 390">
     <span class='ocr_line' id='line_1_1' title="bbox 1388 321 2705 390; baseline -0.002 0"><span class='ocrx_word' id='word_1_1' title='bbox 1388 340 1642 390; x_wconf 71' lang='lat' dir='ltr'><strong>numus.</strong></span> <span class='ocrx_word' id='word_1_2' title='bbox 2577 321 2705 390; x_wconf 86' lang='lat'><strong>345</strong></span> 
     </span>
    </p>
   </div>
   <div class='ocr_carea' id='block_1_2' title="bbox 297 500 2788 3039">
    <p class='ocr_par' dir='ltr' id='par_1_2' title="bbox 398 500 2703 806">
     <span class='ocr_line' id='line_1_2' title="bbox 407 500 695 570; baseline 0.003 -1"><span class='ocrx_word' id='word_1_3' title='bbox 407 502 513 569; x_wconf 87' lang='lat' dir='ltr'><strong>Vs.</strong></span> <span class='ocrx_word' id='word_1_4' title='bbox 567 500 695 570; x_wconf 82' lang='lat'><strong>117</strong></span> 
     </span>
     <span class='ocr_line' id='line_1_3' title="bbox 596 609 2047 698; baseline 0.003 -25"><span class='ocrx_word' id='word_1_5' title='bbox 596 609 850 692; x_wconf 75' lang='lat' dir='ltr'><strong><em>Quirine</em></strong></span> <span class='ocrx_word' id='word_1_6' title='bbox 880 617 1064 694; x_wconf 78' lang='lat' dir='ltr'><strong>pater</strong></span> <span class='ocrx_word' id='word_1_7' title='bbox 1108 633 1349 678; x_wconf 80' lang='lat' dir='ltr'><strong>veneror</strong></span> <span class='ocrx_word' id='word_1_8' title='bbox 1394 612 1738 698; x_wconf 79' lang='lat' dir='ltr'><em>Horamque</em></span> <span class='ocrx_word' id='word_1_9' title='bbox 1801 612 2047 695; x_wconf 75' lang='lat' dir='ltr'><strong><em>Quirini</em></strong></span> 
     </span>
     <span class='ocr_line' id='line_1_4' title="bbox 398 715 2703 806; baseline 0.002 -25"><span class='ocrx_word' id='word_1_10' title='bbox 398 715 472 781; x_wconf 89' lang='lat' dir='ltr'><strong>In</strong></span> <span class='ocrx_word' id='word_1_11' title='bbox 536 717 653 782; x_wconf 89' lang='lat' dir='ltr'><strong>hoc</strong></span> <span class='ocrx_word' id='word_1_12' title='bbox 716 717 1079 804; x_wconf 30' lang='lat' dir='ltr'><strong>fragmen-to</strong></span> <span class='ocrx_word' id='word_1_13' title='bbox 1141 718 1339 783; x_wconf 82' lang='lat' dir='ltr'><strong>Ennii</strong></span> <span class='ocrx_word' id='word_1_14' title='bbox 1398 720 1463 782; x_wconf 89' lang='lat' dir='ltr'><strong>in</strong></span> <span class='ocrx_word' id='word_1_15' title='bbox 1532 721 1793 785; x_wconf 88' lang='lat' dir='ltr'><strong>nomine</strong></span> <span class='ocrx_word' id='word_1_16' title='bbox 1854 719 2032 786; x_wconf 89' lang='lat' dir='ltr'><strong>Hora</strong></span> <span class='ocrx_word' id='word_1_17' title='bbox 2093 742 2126 784; x_wconf 90' lang='lat' dir='ltr'><strong>o</strong></span> <span class='ocrx_word' id='word_1_18' title='bbox 2189 720 2584 806; x_wconf 82' lang='lat' dir='ltr'><strong>producitur,</strong></span> <span class='ocrx_word' id='word_1_19' title='bbox 2632 723 2703 787; x_wconf 90' lang='lat' dir='ltr'><strong>in</strong></span> 
     </span>
    </p>

    <p class='ocr_par' dir='ltr' id='par_1_3' title="bbox 299 822 2710 2080">
     <span class='ocr_line' id='line_1_5' title="bbox 306 822 2705 914; baseline 0.002 -26"><span class='ocrx_word' id='word_1_20' title='bbox 306 823 627 889; x_wconf 83' lang='lat' dir='ltr'><strong>Ovidiano</strong></span> <span class='ocrx_word' id='word_1_21' title='bbox 658 822 705 903; x_wconf 93' lang='lat'><strong>¹)</strong></span> <span class='ocrx_word' id='word_1_22' title='bbox 767 844 958 890; x_wconf 87' lang='lat' dir='ltr'><strong>versu</strong></span> <span class='ocrx_word' id='word_1_23' title='bbox 1022 826 1381 909; x_wconf 83' lang='lat' dir='ltr'><strong>corripitur.</strong></span> <span class='ocrx_word' id='word_1_24' title='bbox 1444 823 1612 890; x_wconf 87' lang='lat' dir='ltr'><strong>Fieri</strong></span> <span class='ocrx_word' id='word_1_25' title='bbox 1677 847 1804 891; x_wconf 90' lang='lat' dir='ltr'><strong>non</strong></span> <span class='ocrx_word' id='word_1_26' title='bbox 1867 831 2114 911; x_wconf 82' lang='lat' dir='ltr'><strong>potest,</strong></span> <span class='ocrx_word' id='word_1_27' title='bbox 2167 832 2240 891; x_wconf 90' lang='lat' dir='ltr'><strong>ut</strong></span> <span class='ocrx_word' id='word_1_28' title='bbox 2288 830 2460 893; x_wconf 83' lang='lat' dir='ltr'><strong>vocis</strong></span> <span class='ocrx_word' id='word_1_29' title='bbox 2513 826 2705 914; x_wconf 79' lang='lat' dir='ltr'><strong>bisyl·</strong></span> 
     </span>
     <span class='ocr_line' id='line_1_6' title="bbox 302 929 2710 1018; baseline 0 -23"><span class='ocrx_word' id='word_1_30' title='bbox 302 929 490 996; x_wconf 89' lang='lat' dir='ltr'><strong>labae</strong></span> <span class='ocrx_word' id='word_1_31' title='bbox 550 931 725 1016; x_wconf 88' lang='lat' dir='ltr'><strong>prior</strong></span> <span class='ocrx_word' id='word_1_32' title='bbox 783 949 927 1016; x_wconf 86' lang='lat' dir='ltr'><strong>pars</strong></span> <span class='ocrx_word' id='word_1_33' title='bbox 990 950 1149 1016; x_wconf 91' lang='lat' dir='ltr'><strong>quae</strong></span> <span class='ocrx_word' id='word_1_34' title='bbox 1213 936 1476 995; x_wconf 87' lang='lat' dir='ltr'><strong>accentu</strong></span> <span class='ocrx_word' id='word_1_35' title='bbox 1538 931 1830 1018; x_wconf 87' lang='lat' dir='ltr'><strong>praedita</strong></span> <span class='ocrx_word' id='word_1_36' title='bbox 1893 934 2014 1011; x_wconf 86' lang='lat' dir='ltr'><strong>sit,</strong></span> <span class='ocrx_word' id='word_1_37' title='bbox 2078 952 2113 997; x_wconf 93' lang='grc'><strong>8</strong></span> <span class='ocrx_word' id='word_1_38' title='bbox 2176 931 2371 1018; x_wconf 82' lang='lat' dir='ltr'><strong>longa</strong></span> <span class='ocrx_word' id='word_1_39' title='bbox 2431 935 2500 998; x_wconf 90' lang='lat' dir='ltr'><strong>in</strong></span> <span class='ocrx_word' id='word_1_40' title='bbox 2571 933 2710 997; x_wconf 89' lang='lat' dir='ltr'><strong>bre-</strong></span> 
     </span>
     <span class='ocr_line' id='line_1_7' title="bbox 302 1035 2706 1124; baseline -0 -20"><span class='ocrx_word' id='word_1_41' title='bbox 302 1058 459 1104; x_wconf 80' lang='lat' dir='ltr'><strong>vem</strong></span> <span class='ocrx_word' id='word_1_42' title='bbox 520 1039 604 1102; x_wconf 88' lang='lat' dir='ltr'><strong>sit</strong></span> <span class='ocrx_word' id='word_1_43' title='bbox 664 1057 873 1103; x_wconf 85' lang='lat' dir='ltr'><strong>versa.</strong></span> <span class='ocrx_word' id='word_1_44' title='bbox 949 1035 1039 1100; x_wconf 87' lang='lat' dir='ltr'><strong>Ut</strong></span> <span class='ocrx_word' id='word_1_45' title='bbox 1102 1035 1530 1123; x_wconf 78' lang='lat' dir='ltr'><strong>discrepantia</strong></span> <span class='ocrx_word' id='word_1_46' title='bbox 1589 1059 1752 1124; x_wconf 88' lang='lat' dir='ltr'><strong>quae</strong></span> <span class='ocrx_word' id='word_1_47' title='bbox 1812 1041 1880 1102; x_wconf 92' lang='lat' dir='ltr'><strong>in</strong></span> <span class='ocrx_word' id='word_1_48' title='bbox 1945 1038 2066 1104; x_wconf 90' lang='lat' dir='ltr'><strong>hac</strong></span> <span class='ocrx_word' id='word_1_49' title='bbox 2129 1059 2281 1103; x_wconf 85' lang='lat' dir='ltr'><strong>voce</strong></span> <span class='ocrx_word' id='word_1_50' title='bbox 2327 1037 2499 1123; x_wconf 88' lang='lat' dir='ltr'><strong>apud</strong></span> <span class='ocrx_word' id='word_1_51' title='bbox 2547 1037 2706 1104; x_wconf 87' lang='lat' dir='ltr'><strong>duos</strong></span> 
     </span>
     <span class='ocr_line' id='line_1_8' title="bbox 299 1129 2706 1231; baseline 0 -23"><span class='ocrx_word' id='word_1_52' title='bbox 299 1149 526 1228; x_wconf 84' lang='lat' dir='ltr'><strong>poetas</strong></span> <span class='ocrx_word' id='word_1_53' title='bbox 572 1146 702 1222; x_wconf 88' lang='lat' dir='ltr'><strong>est,</strong></span> <span class='ocrx_word' id='word_1_54' title='bbox 751 1141 1131 1228; x_wconf 83' lang='lat' dir='ltr'><strong>explicetur,</strong></span> <span class='ocrx_word' id='word_1_55' title='bbox 1181 1145 1385 1208; x_wconf 91' lang='lat' dir='ltr'><strong>conici</strong></span> <span class='ocrx_word' id='word_1_56' title='bbox 1434 1149 1646 1230; x_wconf 86' lang='lat' dir='ltr'><strong>potest</strong></span> <span class='ocrx_word' id='word_1_57' title='bbox 1692 1144 1812 1209; x_wconf 94' lang='lat' dir='ltr'><strong>hoc</strong></span> <span class='ocrx_word' id='word_1_58' title='bbox 1863 1149 2154 1220; x_wconf 81' lang='lat' dir='ltr'><strong>tantum,</strong></span> <span class='ocrx_word' id='word_1_59' title='bbox 2206 1143 2524 1231; x_wconf 74' lang='lat' dir='ltr'><strong>syllabam</strong></span> <span class='ocrx_word' id='word_1_60' title='bbox 2569 1129 2706 1209; x_wconf 81' lang='lat' dir='ltr'><strong>Hor</strong></span> 
     </span>
     <span class='ocr_line' id='line_1_9' title="bbox 304 1247 2706 1335; baseline 0 -21"><span class='ocrx_word' id='word_1_61' title='bbox 304 1250 655 1335; x_wconf 76' lang='lat' dir='ltr'><strong>ancipitem</strong></span> <span class='ocrx_word' id='word_1_62' title='bbox 718 1249 935 1314; x_wconf 83' lang='lat' dir='ltr'><strong>fuisse.</strong></span> <span class='ocrx_word' id='word_1_63' title='bbox 999 1247 1122 1314; x_wconf 82' lang='lat' dir='ltr'><strong>Sed</strong></span> <span class='ocrx_word' id='word_1_64' title='bbox 1183 1251 1334 1334; x_wconf 86' lang='lat' dir='ltr'><strong>quia</strong></span> <span class='ocrx_word' id='word_1_65' title='bbox 1393 1255 1458 1314; x_wconf 86' lang='lat' dir='ltr'><strong>et</strong></span> <span class='ocrx_word' id='word_1_66' title='bbox 1515 1247 1824 1315; x_wconf 81' lang='lat' dir='ltr'><strong>Ovidium</strong></span> <span class='ocrx_word' id='word_1_67' title='bbox 1877 1250 1995 1314; x_wconf 90' lang='lat' dir='ltr'><strong>hoc</strong></span> <span class='ocrx_word' id='word_1_68' title='bbox 2042 1248 2180 1314; x_wconf 93' lang='lat' dir='ltr'><strong>loco</strong></span> <span class='ocrx_word' id='word_1_69' title='bbox 2227 1256 2524 1315; x_wconf 80' lang='lat' dir='ltr'><strong>secutum</strong></span> <span class='ocrx_word' id='word_1_70' title='bbox 2571 1271 2706 1316; x_wconf 87' lang='lat' dir='ltr'><strong>esse</strong></span> 
     </span>
     <span class='ocr_line' id='line_1_10' title="bbox 306 1355 2706 1443; baseline 0 -23"><span class='ocrx_word' id='word_1_71' title='bbox 306 1355 596 1420; x_wconf 85' lang='lat' dir='ltr'><strong>Ennium</strong></span> <span class='ocrx_word' id='word_1_72' title='bbox 656 1361 951 1443; x_wconf 89' lang='lat' dir='ltr'><strong>apparet,</strong></span> <span class='ocrx_word' id='word_1_73' title='bbox 1016 1362 1081 1421; x_wconf 91' lang='lat' dir='ltr'><strong>et</strong></span> <span class='ocrx_word' id='word_1_74' title='bbox 1141 1375 1376 1420; x_wconf 88' lang='lat' dir='ltr'><strong>nomen</strong></span> <span class='ocrx_word' id='word_1_75' title='bbox 1422 1355 1575 1420; x_wconf 86' lang='lat' dir='ltr'><strong>deae</strong></span> <span class='ocrx_word' id='word_1_76' title='bbox 1623 1355 1837 1421; x_wconf 88' lang='lat' dir='ltr'><strong>Horae</strong></span> <span class='ocrx_word' id='word_1_77' title='bbox 1886 1355 2105 1422; x_wconf 84' lang='lat' dir='ltr'><strong>Ovidii</strong></span> <span class='ocrx_word' id='word_1_78' title='bbox 2154 1356 2554 1442; x_wconf 81' lang='lat' dir='ltr'><strong>temporibus</strong></span> <span class='ocrx_word' id='word_1_79' title='bbox 2600 1377 2706 1421; x_wconf 87' lang='lat' dir='ltr'><strong>ex·</strong></span> 
     </span>
     <span class='ocr_line' id='line_1_11' title="bbox 306 1459 2701 1547; baseline 0 -21"><span class='ocrx_word' id='word_1_80' title='bbox 306 1461 579 1528; x_wconf 84' lang='lat' dir='ltr'><strong>olevisse</strong></span> <span class='ocrx_word' id='word_1_81' title='bbox 639 1459 991 1527; x_wconf 86' lang='lat' dir='ltr'><strong>verisimile</strong></span> <span class='ocrx_word' id='word_1_82' title='bbox 1059 1466 1189 1540; x_wconf 91' lang='lat' dir='ltr'><strong>est,</strong></span> <span class='ocrx_word' id='word_1_83' title='bbox 1271 1483 1396 1547; x_wconf 89' lang='lat' dir='ltr'><strong>quo</strong></span> <span class='ocrx_word' id='word_1_84' title='bbox 1468 1459 1724 1526; x_wconf 84' lang='lat' dir='ltr'><strong>facilius</strong></span> <span class='ocrx_word' id='word_1_85' title='bbox 1795 1463 1990 1526; x_wconf 87' lang='lat' dir='ltr'><strong>etiam</strong></span> <span class='ocrx_word' id='word_1_86' title='bbox 2060 1463 2128 1525; x_wconf 88' lang='lat' dir='ltr'><strong>in</strong></span> <span class='ocrx_word' id='word_1_87' title='bbox 2201 1465 2341 1547; x_wconf 86' lang='lat' dir='ltr'><strong>ipso</strong></span> <span class='ocrx_word' id='word_1_88' title='bbox 2413 1468 2701 1546; x_wconf 84' lang='lat' dir='ltr'><strong>tempore</strong></span> 
     </span>
     <span class='ocr_line' id='line_1_12' title="bbox 302 1565 2698 1656; baseline -0.001 -22"><span class='ocrx_word' id='word_1_89' title='bbox 302 1570 541 1655; x_wconf 88' lang='lat' dir='ltr'><strong>prioris</strong></span> <span class='ocrx_word' id='word_1_90' title='bbox 600 1566 887 1656; x_wconf 80' lang='lat' dir='ltr'><strong>syllabae</strong></span> <span class='ocrx_word' id='word_1_91' title='bbox 934 1566 1143 1632; x_wconf 82' lang='lat' dir='ltr'><strong>Ennio</strong></span> <span class='ocrx_word' id='word_1_92' title='bbox 1189 1565 1461 1633; x_wconf 82' lang='lat' dir='ltr'><strong>Ovidius</strong></span> <span class='ocrx_word' id='word_1_93' title='bbox 1509 1569 1874 1644; x_wconf 88' lang='lat' dir='ltr'><strong>accesserit,</strong></span> <span class='ocrx_word' id='word_1_94' title='bbox 1927 1567 2040 1632; x_wconf 89' lang='lat' dir='ltr'><strong>has</strong></span> <span class='ocrx_word' id='word_1_95' title='bbox 2091 1567 2170 1632; x_wconf 93' lang='lat' dir='ltr'><strong>ob</strong></span> <span class='ocrx_word' id='word_1_96' title='bbox 2217 1588 2438 1632; x_wconf 81' lang='lat' dir='ltr'><strong>causas</strong></span> <span class='ocrx_word' id='word_1_97' title='bbox 2487 1571 2698 1654; x_wconf 82' lang='lat' dir='ltr'><strong>magis</strong></span> 
     </span>
     <span class='ocr_line' id='line_1_13' title="bbox 300 1675 2698 1761; baseline 0 -23"><span class='ocrx_word' id='word_1_98' title='bbox 300 1696 659 1761; x_wconf 86' lang='lat' dir='ltr'><strong>propensus</strong></span> <span class='ocrx_word' id='word_1_99' title='bbox 704 1695 884 1752; x_wconf 91' lang='lat' dir='ltr'><strong>sum,</strong></span> <span class='ocrx_word' id='word_1_100' title='bbox 937 1679 1009 1740; x_wconf 80' lang='lat' dir='ltr'><strong>ut</strong></span> <span class='ocrx_word' id='word_1_101' title='bbox 1049 1675 1118 1738; x_wconf 92' lang='lat' dir='ltr'><strong>in</strong></span> <span class='ocrx_word' id='word_1_102' title='bbox 1156 1695 1349 1739; x_wconf 84' lang='lat' dir='ltr'><strong>versu</strong></span> <span class='ocrx_word' id='word_1_103' title='bbox 1393 1679 1688 1739; x_wconf 70' lang='lat' dir='ltr'><strong>truncato</strong></span> <span class='ocrx_word' id='word_1_104' title='bbox 1727 1675 1966 1738; x_wconf 83' lang='lat' dir='ltr'><strong>vitium</strong></span> <span class='ocrx_word' id='word_1_105' title='bbox 2008 1694 2142 1739; x_wconf 90' lang='lat' dir='ltr'><strong>esse</strong></span> <span class='ocrx_word' id='word_1_106' title='bbox 2181 1677 2464 1759; x_wconf 89' lang='lat' dir='ltr'><strong>suspicer</strong></span> <span class='ocrx_word' id='word_1_107' title='bbox 2503 1694 2698 1758; x_wconf 89' lang='lat' dir='ltr'><strong>quam</strong></span> 
     </span>
     <span class='ocr_line' id='line_1_14' title="bbox 300 1778 2697 1867; baseline -0.001 -21"><span class='ocrx_word' id='word_1_108' title='bbox 300 1787 655 1866; x_wconf 87' lang='lat' dir='ltr'><strong>utrumque</strong></span> <span class='ocrx_word' id='word_1_109' title='bbox 726 1785 984 1867; x_wconf 85' lang='lat' dir='ltr'><strong>poetam</strong></span> <span class='ocrx_word' id='word_1_110' title='bbox 1053 1780 1170 1846; x_wconf 90' lang='lat' dir='ltr'><strong>hoc</strong></span> <span class='ocrx_word' id='word_1_111' title='bbox 1236 1778 1623 1846; x_wconf 83' lang='lat' dir='ltr'><strong>vocabulum</strong></span> <span class='ocrx_word' id='word_1_112' title='bbox 1689 1780 1936 1846; x_wconf 83' lang='lat' dir='ltr'><strong>diverse</strong></span> <span class='ocrx_word' id='word_1_113' title='bbox 1995 1782 2388 1846; x_wconf 81' lang='lat' dir='ltr'><strong>tractavisse.</strong></span> <span class='ocrx_word' id='word_1_114' title='bbox 2453 1779 2697 1845; x_wconf 81' lang='lat' dir='ltr'><strong>Eadem</strong></span> 
     </span>
     <span class='ocr_line' id='line_1_15' title="bbox 302 1883 2704 1972; baseline 0 -20"><span class='ocrx_word' id='word_1_115' title='bbox 302 1888 437 1952; x_wconf 84' lang='lat' dir='ltr'><strong>fuit</strong></span> <span class='ocrx_word' id='word_1_116' title='bbox 478 1889 793 1953; x_wconf 87' lang='lat' dir='ltr'><strong>sententia</strong></span> <span class='ocrx_word' id='word_1_117' title='bbox 837 1886 911 1952; x_wconf 89' lang='lat' dir='ltr'><strong>L.</strong></span> <span class='ocrx_word' id='word_1_118' title='bbox 960 1885 1294 1964; x_wconf 87' lang='lat' dir='ltr'><strong>Muelleri,</strong></span> <span class='ocrx_word' id='word_1_119' title='bbox 1344 1888 1455 1972; x_wconf 88' lang='lat' dir='ltr'><strong>qui</strong></span> <span class='ocrx_word' id='word_1_120' title='bbox 1502 1888 1935 1952; x_wconf 88' lang='lat' dir='ltr'><strong>coniecturam</strong></span> <span class='ocrx_word' id='word_1_121' title='bbox 1976 1883 2362 1964; x_wconf 84' lang='lat' dir='ltr'><strong>Columnae,</strong></span> <span class='ocrx_word' id='word_1_122' title='bbox 2406 1888 2474 1950; x_wconf 92' lang='lat' dir='ltr'><strong>in</strong></span> <span class='ocrx_word' id='word_1_123' title='bbox 2516 1889 2704 1953; x_wconf 88' lang='lat' dir='ltr'><strong>initio</strong></span> 
     </span>
     <span class='ocr_line' id='line_1_16' title="bbox 306 1991 2567 2080; baseline -0.001 -22"><span class='ocrx_word' id='word_1_124' title='bbox 306 2001 478 2080; x_wconf 74' lang='lat' dir='ltr'><strong>teque</strong></span> <span class='ocrx_word' id='word_1_125' title='bbox 524 1993 845 2072; x_wconf 89' lang='lat' dir='ltr'><strong>addentis,</strong></span> <span class='ocrx_word' id='word_1_126' title='bbox 896 1992 1231 2079; x_wconf 89' lang='lat' dir='ltr'><strong>amplexus</strong></span> <span class='ocrx_word' id='word_1_127' title='bbox 1277 2013 1537 2058; x_wconf 87' lang='lat' dir='ltr'><strong>versum</strong></span> <span class='ocrx_word' id='word_1_128' title='bbox 1585 1994 1756 2058; x_wconf 90' lang='lat' dir='ltr'><strong>hunc</strong></span> <span class='ocrx_word' id='word_1_129' title='bbox 1803 1995 1871 2058; x_wconf 88' lang='lat' dir='ltr'><strong>in</strong></span> <span class='ocrx_word' id='word_1_130' title='bbox 1917 1992 2184 2058; x_wconf 89' lang='lat' dir='ltr'><strong>modum</strong></span> <span class='ocrx_word' id='word_1_131' title='bbox 2235 1991 2567 2078; x_wconf 82' lang='lat' dir='ltr'><strong>supplevit</strong></span> 
     </span>
    </p>

    <p class='ocr_par' dir='ltr' id='par_1_4' title="bbox 302 2099 2788 2614">
     <span class='ocr_line' id='line_1_17' title="bbox 589 2099 2522 2186; baseline 0 -22"><span class='ocrx_word' id='word_1_132' title='bbox 589 2101 797 2186; x_wconf 76' lang='lat' dir='ltr'><strong>Teque,</strong></span> <span class='ocrx_word' id='word_1_133' title='bbox 853 2100 1102 2182; x_wconf 75' lang='lat' dir='ltr'><strong>Quirine</strong></span> <span class='ocrx_word' id='word_1_134' title='bbox 1132 2106 1336 2182; x_wconf 77' lang='lat' dir='ltr'><strong>pater,</strong></span> <span class='ocrx_word' id='word_1_135' title='bbox 1386 2121 1632 2164; x_wconf 78' lang='lat' dir='ltr'><strong>veneror</strong></span> <span class='ocrx_word' id='word_1_136' title='bbox 1680 2099 1820 2164; x_wconf 82' lang='lat' dir='ltr'><strong>bene</strong></span> <span class='ocrx_word' id='word_1_137' title='bbox 1866 2101 2207 2184; x_wconf 80' lang='lat' dir='ltr'><strong>Horamque</strong></span> <span class='ocrx_word' id='word_1_138' title='bbox 2258 2099 2522 2181; x_wconf 77' lang='lat' dir='ltr'><strong>Quirini.</strong></span> 
     </span>
     <span class='ocr_line' id='line_1_18' title="bbox 303 2205 2788 2292; baseline -0.002 -18"><span class='ocrx_word' id='word_1_139' title='bbox 303 2207 432 2274; x_wconf 87' lang='lat' dir='ltr'><strong>Sed</strong></span> <span class='ocrx_word' id='word_1_140' title='bbox 493 2205 659 2272; x_wconf 83' lang='lat' dir='ltr'><strong>illud</strong></span> <span class='ocrx_word' id='word_1_141' title='bbox 721 2207 861 2270; x_wconf 80' lang='lat' dir='ltr'><strong>bene</strong></span> <span class='ocrx_word' id='word_1_142' title='bbox 920 2209 1201 2271; x_wconf 89' lang='lat' dir='ltr'><strong>otiosum</strong></span> <span class='ocrx_word' id='word_1_143' title='bbox 1264 2205 1779 2270; x_wconf 85' lang='lat' dir='ltr'><strong>additamentum</strong></span> <span class='ocrx_word' id='word_1_144' title='bbox 1841 2213 1956 2272; x_wconf 84' lang='lat' dir='ltr'><strong>est.</strong></span> <span class='ocrx_word' id='word_1_145' title='bbox 2031 2205 2407 2292; x_wconf 81' lang='lat' dir='ltr'><strong>Suspicatus</strong></span> <span class='ocrx_word' id='word_1_146' title='bbox 2454 2207 2699 2292; x_wconf 83' lang='lat' dir='ltr'><strong>igitur,</strong></span> <span class='ocrx_word' id='word_1_147' title='bbox 2777 2277 2788 2284; x_wconf 52' lang='lat'>‚</span> 
     </span>
     <span class='ocr_line' id='line_1_19' title="bbox 303 2310 2696 2389; baseline -0.002 -10"><span class='ocrx_word' id='word_1_148' title='bbox 303 2317 476 2379; x_wconf 81' lang='lat' dir='ltr'><strong>sicut</strong></span> <span class='ocrx_word' id='word_1_149' title='bbox 535 2312 806 2379; x_wconf 86' lang='lat' dir='ltr'><strong>Ovidius</strong></span> <span class='ocrx_word' id='word_1_150' title='bbox 869 2312 1024 2377; x_wconf 88' lang='lat' dir='ltr'><strong>dicit</strong></span> <span class='ocrx_word' id='word_1_151' title='bbox 1084 2311 1331 2377; x_wconf 86' lang='lat' dir='ltr'><strong>Horam</strong></span> <span class='ocrx_word' id='word_1_152' title='bbox 1379 2311 1650 2376; x_wconf 86' lang='lat' dir='ltr'><strong>deorum</strong></span> <span class='ocrx_word' id='word_1_153' title='bbox 1698 2314 1764 2376; x_wconf 90' lang='lat' dir='ltr'><strong>in</strong></span> <span class='ocrx_word' id='word_1_154' title='bbox 1812 2333 2154 2377; x_wconf 87' lang='lat' dir='ltr'><strong>numerum</strong></span> <span class='ocrx_word' id='word_1_155' title='bbox 2207 2333 2342 2377; x_wconf 88' lang='grc'><strong>8888</strong></span> <span class='ocrx_word' id='word_1_156' title='bbox 2388 2310 2696 2389; x_wconf 83' lang='lat' dir='ltr'><strong>relatam,</strong></span> 
     </span>
     <span class='ocr_line' id='line_1_20' title="bbox 304 2411 2696 2510; baseline -0.001 -25"><span class='ocrx_word' id='word_1_157' title='bbox 304 2420 593 2486; x_wconf 82' lang='lat' dir='ltr'><strong>Ennium</strong></span> <span class='ocrx_word' id='word_1_158' title='bbox 656 2420 924 2497; x_wconf 83' lang='lat' dir='ltr'><strong>dixisse,</strong></span> <span class='ocrx_word' id='word_1_159' title='bbox 989 2419 1280 2484; x_wconf 87' lang='lat' dir='ltr'><strong>homines</strong></span> <span class='ocrx_word' id='word_1_160' title='bbox 1342 2419 1587 2510; x_wconf 89' lang='lat' dir='ltr'><strong>Horam</strong></span> <span class='ocrx_word' id='word_1_161' title='bbox 1651 2411 1929 2504; x_wconf 80' lang='lat' dir='ltr'><strong>coe‘pisse</strong></span> <span class='ocrx_word' id='word_1_162' title='bbox 1994 2421 2318 2497; x_wconf 85' lang='lat' dir='ltr'><strong>venerari,</strong></span> <span class='ocrx_word' id='word_1_163' title='bbox 2371 2418 2528 2484; x_wconf 89' lang='lat' dir='ltr'><strong>olim</strong></span> <span class='ocrx_word' id='word_1_164' title='bbox 2576 2417 2696 2483; x_wconf 92' lang='lat' dir='ltr'><strong>hoc</strong></span> 
     </span>
     <span class='ocr_line' id='line_1_21' title="bbox 302 2525 1287 2614; baseline -0.006 -19"><span class='ocrx_word' id='word_1_165' title='bbox 302 2529 621 2614; x_wconf 89' lang='lat' dir='ltr'><strong>scriptum</strong></span> <span class='ocrx_word' id='word_1_166' title='bbox 666 2527 863 2594; x_wconf 86' lang='lat' dir='ltr'><strong>fuisse</strong></span> <span class='ocrx_word' id='word_1_167' title='bbox 910 2525 1287 2593; x_wconf 87' lang='lat' dir='ltr'><strong>crediderim</strong></span> 
     </span>
    </p>

    <p class='ocr_par' dir='ltr' id='par_1_5' title="bbox 1600 2632 2421 2719">
     <span class='ocr_line' id='line_1_22' title="bbox 1600 2632 2421 2719; baseline -0.001 -22"><span class='ocrx_word' id='word_1_168' title='bbox 1600 2635 1793 2698; x_wconf 84' lang='lat' dir='ltr'><strong>vener’</strong></span> <span class='ocrx_word' id='word_1_169' title='bbox 1845 2656 2122 2719; x_wconf 81' lang='lat' dir='ltr'><strong>oramque</strong></span> <span class='ocrx_word' id='word_1_170' title='bbox 2174 2632 2421 2715; x_wconf 86' lang='lat' dir='ltr'><strong>Quirini</strong></span> 
     </span>
    </p>

    <p class='ocr_par' dir='ltr' id='par_1_6' title="bbox 297 2739 2698 2932">
     <span class='ocr_line' id='line_1_23' title="bbox 298 2739 2698 2830; baseline -0.002 -23"><span class='ocrx_word' id='word_1_171' title='bbox 298 2747 378 2807; x_wconf 85' lang='lat' dir='ltr'><strong>ut</strong></span> <span class='ocrx_word' id='word_1_172' title='bbox 423 2740 673 2830; x_wconf 84' lang='lat' dir='ltr'><strong>syllaba</strong></span> <span class='ocrx_word' id='word_1_173' title='bbox 719 2763 786 2805; x_wconf 91' lang='lat' dir='ltr'><strong>or</strong></span> <span class='ocrx_word' id='word_1_174' title='bbox 830 2742 929 2806; x_wconf 89' lang='lat' dir='ltr'><strong>bis</strong></span> <span class='ocrx_word' id='word_1_175' title='bbox 976 2741 1055 2807; x_wconf 87' lang='lat' dir='ltr'><strong>ab</strong></span> <span class='ocrx_word' id='word_1_176' title='bbox 1107 2739 1323 2825; x_wconf 91' lang='lat' dir='ltr'><strong>aliquo</strong></span> <span class='ocrx_word' id='word_1_177' title='bbox 1370 2739 1635 2805; x_wconf 89' lang='lat' dir='ltr'><strong>librario</strong></span> <span class='ocrx_word' id='word_1_178' title='bbox 1683 2742 1918 2825; x_wconf 84' lang='lat' dir='ltr'><strong>scripta</strong></span> <span class='ocrx_word' id='word_1_179' title='bbox 1964 2740 2178 2805; x_wconf 86' lang='lat' dir='ltr'><strong>fuerit.</strong></span> <span class='ocrx_word' id='word_1_180' title='bbox 2232 2741 2506 2824; x_wconf 85' lang='lat' dir='ltr'><strong>Accepta</strong></span> <span class='ocrx_word' id='word_1_181' title='bbox 2553 2758 2698 2803; x_wconf 87' lang='lat' dir='ltr'><strong>con-</strong></span> 
     </span>
     <span class='ocr_line' id='line_1_24' title="bbox 297 2846 2485 2932; baseline -0.002 -19"><span class='ocrx_word' id='word_1_182' title='bbox 297 2851 548 2914; x_wconf 85' lang='lat' dir='ltr'><strong>iectura</strong></span> <span class='ocrx_word' id='word_1_183' title='bbox 595 2846 946 2914; x_wconf 86' lang='lat' dir='ltr'><strong>Columnae</strong></span> <span class='ocrx_word' id='word_1_184' title='bbox 992 2847 1151 2912; x_wconf 90' lang='lat' dir='ltr'><strong>hanc</strong></span> <span class='ocrx_word' id='word_1_185' title='bbox 1199 2849 1408 2932; x_wconf 83' lang='lat' dir='ltr'><strong>igitur</strong></span> <span class='ocrx_word' id='word_1_186' title='bbox 1452 2867 1676 2911; x_wconf 82' lang='lat' dir='ltr'><strong>versus</strong></span> <span class='ocrx_word' id='word_1_187' title='bbox 1723 2846 1998 2910; x_wconf 87' lang='lat' dir='ltr'><strong>formam</strong></span> <span class='ocrx_word' id='word_1_188' title='bbox 2045 2847 2485 2930; x_wconf 85' lang='lat' dir='ltr'><strong>proposuerim</strong></span> 
     </span>
    </p>

    <p class='ocr_par' dir='ltr' id='par_1_7' title="bbox 582 2950 2567 3039">
     <span class='ocr_line' id='line_1_25' title="bbox 582 2950 2567 3039; baseline -0.003 -22"><span class='ocrx_word' id='word_1_189' title='bbox 582 2950 899 3039; x_wconf 76' lang='lat' dir='ltr'><strong>(Teque),</strong></span> <span class='ocrx_word' id='word_1_190' title='bbox 956 2954 1210 3034; x_wconf 77' lang='lat' dir='ltr'><strong>Quirine</strong></span> <span class='ocrx_word' id='word_1_191' title='bbox 1243 2960 1447 3035; x_wconf 76' lang='lat' dir='ltr'><strong>pater,</strong></span> <span class='ocrx_word' id='word_1_192' title='bbox 1496 2959 1858 3017; x_wconf 76' lang='lat' dir='ltr'><strong>venerantur</strong></span> <span class='ocrx_word' id='word_1_193' title='bbox 1904 2952 2250 3037; x_wconf 80' lang='lat' dir='ltr'><strong>Horamque</strong></span> <span class='ocrx_word' id='word_1_194' title='bbox 2302 2950 2567 3032; x_wconf 80' lang='lat' dir='ltr'><strong>Quirini.</strong></span> 
     </span>
    </p>
   </div>
   <div class='ocr_carea' id='block_1_3' title="bbox 405 3157 809 3283">
    <p class='ocr_par' dir='ltr' id='par_1_8' title="bbox 405 3157 809 3283">
     <span class='ocr_line' id='line_1_26' title="bbox 405 3157 809 3283; baseline -0.002 -21"><span class='ocrx_word' id='word_1_195' title='bbox 405 3197 507 3263; x_wconf 89' lang='lat' dir='ltr'><strong>Vs.</strong></span> <span class='ocrx_word' id='word_1_196' title='bbox 557 3157 690 3262; x_wconf 73' lang='lat'><strong>262</strong></span> <span class='ocrx_word' id='word_1_197' title='bbox 716 3217 809 3283; x_wconf 91' lang='lat' dir='ltr'><strong>sq.</strong></span> 
     </span>
    </p>
   </div>
   <div class='ocr_carea' id='block_1_4' title="bbox 298 3301 2700 4024">
    <p class='ocr_par' dir='ltr' id='par_1_9' title="bbox 576 3301 2172 3492">
     <span class='ocr_line' id='line_1_27' title="bbox 584 3301 2172 3389; baseline -0.001 -22"><span class='ocrx_word' id='word_1_198' title='bbox 584 3304 711 3385; x_wconf 85' lang='lat' dir='ltr'><strong>Quo</strong></span> <span class='ocrx_word' id='word_1_199' title='bbox 756 3301 923 3367; x_wconf 72' lang='lat' dir='ltr'><strong>vobis</strong></span> <span class='ocrx_word' id='word_1_200' title='bbox 968 3310 1203 3381; x_wconf 71' lang='lat' dir='ltr'><strong>mentes,</strong></span> <span class='ocrx_word' id='word_1_201' title='bbox 1252 3310 1449 3366; x_wconf 79' lang='lat' dir='ltr'><strong>rectae</strong></span> <span class='ocrx_word' id='word_1_202' title='bbox 1494 3326 1647 3389; x_wconf 80' lang='lat' dir='ltr'><strong>quae</strong></span> <span class='ocrx_word' id='word_1_203' title='bbox 1688 3310 1853 3367; x_wconf 71' lang='lat' dir='ltr'><strong>stare</strong></span> <span class='ocrx_word' id='word_1_204' title='bbox 1901 3303 2172 3366; x_wconf 73' lang='lat' dir='ltr'><strong>solebant</strong></span> 
     </span>
     <span class='ocr_line' id='line_1_28' title="bbox 576 3408 1832 3492; baseline 0 -19"><span class='ocrx_word' id='word_1_205' title='bbox 576 3409 867 3488; x_wconf 74' lang='lat' dir='ltr'><strong>Antehac,</strong></span> <span class='ocrx_word' id='word_1_206' title='bbox 888 3410 1211 3473; x_wconf 72' lang='lat' dir='ltr'><strong>‘demente-&#39;5</strong></span> <span class='ocrx_word' id='word_1_207' title='bbox 1256 3430 1379 3473; x_wconf 74' lang='lat' dir='ltr'><strong>sese</strong></span> <span class='ocrx_word' id='word_1_208' title='bbox 1408 3410 1642 3492; x_wconf 73' lang='lat' dir='ltr'><strong>flexere</strong></span> <span class='ocrx_word' id='word_1_209' title='bbox 1685 3408 1832 3473; x_wconf 80' lang='lat' dir='ltr'><strong>viai.</strong></span> 
     </span>
    </p>

    <p class='ocr_par' dir='ltr' id='par_1_10' title="bbox 298 3512 2700 4024">
     <span class='ocr_line' id='line_1_29' title="bbox 390 3512 2689 3607; baseline -0.001 -25"><span class='ocrx_word' id='word_1_210' title='bbox 390 3515 497 3582; x_wconf 84' lang='lat' dir='ltr'><strong>Sic</strong></span> <span class='ocrx_word' id='word_1_211' title='bbox 560 3536 779 3581; x_wconf 88' lang='lat' dir='ltr'><strong>omnes</strong></span> <span class='ocrx_word' id='word_1_212' title='bbox 846 3518 1227 3607; x_wconf 66' lang='lat' dir='ltr'><strong>recentiores</strong></span> <span class='ocrx_word' id='word_1_213' title='bbox 1288 3514 1563 3581; x_wconf 86' lang='lat' dir='ltr'><strong>editores</strong></span> <span class='ocrx_word' id='word_1_214' title='bbox 1626 3514 1870 3581; x_wconf 85' lang='lat' dir='ltr'><strong>Vahlen</strong></span> <span class='ocrx_word' id='word_1_215' title='bbox 1895 3563 1912 3594; x_wconf 92' lang='lat'><strong>,</strong></span> <span class='ocrx_word' id='word_1_216' title='bbox 1973 3512 2240 3593; x_wconf 82' lang='lat' dir='ltr'><strong>Miiller,</strong></span> <span class='ocrx_word' id='word_1_217' title='bbox 2307 3514 2654 3601; x_wconf 82' lang='lat' dir='ltr'><strong>Valmaggi</strong></span> <span class='ocrx_word' id='word_1_218' title='bbox 2672 3562 2689 3593; x_wconf 90' lang='lat'><strong>,</strong></span> 
     </span>
     <span class='ocr_line' id='line_1_30' title="bbox 298 3620 2694 3707; baseline -0.001 -19"><span class='ocrx_word' id='word_1_219' title='bbox 298 3627 551 3707; x_wconf 86' lang='lat' dir='ltr'><strong>recepta</strong></span> <span class='ocrx_word' id='word_1_220' title='bbox 596 3620 899 3686; x_wconf 86' lang='lat' dir='ltr'><strong>Lambini</strong></span> <span class='ocrx_word' id='word_1_221' title='bbox 946 3624 1329 3687; x_wconf 90' lang='lat' dir='ltr'><strong>coniectura.</strong></span> <span class='ocrx_word' id='word_1_222' title='bbox 1379 3620 1871 3687; x_wconf 83' lang='lat' dir='ltr'><strong>Concedendum</strong></span> <span class='ocrx_word' id='word_1_223' title='bbox 1920 3628 2050 3700; x_wconf 87' lang='lat' dir='ltr'><strong>est,</strong></span> <span class='ocrx_word' id='word_1_224' title='bbox 2090 3624 2518 3687; x_wconf 87' lang='lat' dir='ltr'><strong>mutationem</strong></span> <span class='ocrx_word' id='word_1_225' title='bbox 2558 3642 2694 3686; x_wconf 89' lang='lat' dir='ltr'><strong>esse</strong></span> 
     </span>
     <span class='ocr_line' id='line_1_31' title="bbox 299 3726 2696 3814; baseline -0.001 -20"><span class='ocrx_word' id='word_1_226' title='bbox 299 3726 737 3805; x_wconf 83' lang='lat' dir='ltr'><strong>levissimam,</strong></span> <span class='ocrx_word' id='word_1_227' title='bbox 788 3727 1063 3793; x_wconf 89' lang='lat' dir='ltr'><strong>formam</strong></span> <span class='ocrx_word' id='word_1_228' title='bbox 1110 3728 1467 3793; x_wconf 84' lang='lat' dir='ltr'><strong>archaicam</strong></span> <span class='ocrx_word' id='word_1_229' title='bbox 1514 3726 1700 3793; x_wconf 86' lang='lat' dir='ltr'><strong>facile</strong></span> <span class='ocrx_word' id='word_1_230' title='bbox 1748 3730 2073 3813; x_wconf 86' lang='lat' dir='ltr'><strong>corrumpi</strong></span> <span class='ocrx_word' id='word_1_231' title='bbox 2114 3730 2432 3814; x_wconf 86' lang='lat' dir='ltr'><strong>potuisse;</strong></span> <span class='ocrx_word' id='word_1_232' title='bbox 2479 3730 2696 3813; x_wconf 83' lang='lat' dir='ltr'><strong>itaque</strong></span> 
     </span>
     <span class='ocr_line' id='line_1_32' title="bbox 300 3832 2700 3920; baseline -0.002 -19"><span class='ocrx_word' id='word_1_233' title='bbox 300 3837 415 3901; x_wconf 80' lang='lat' dir='ltr'><strong>vix</strong></span> <span class='ocrx_word' id='word_1_234' title='bbox 478 3836 822 3920; x_wconf 89' lang='lat' dir='ltr'><strong>quisquam</strong></span> <span class='ocrx_word' id='word_1_235' title='bbox 868 3839 1121 3920; x_wconf 87' lang='lat' dir='ltr'><strong>praeter</strong></span> <span class='ocrx_word' id='word_1_236' title='bbox 1167 3833 1594 3899; x_wconf 71' lang='lat' dir='ltr'><strong>Bahrensium</strong></span> <span class='ocrx_word' id='word_1_237' title='bbox 1641 3833 1716 3898; x_wconf 92' lang='lat' dir='ltr'><strong>de</strong></span> <span class='ocrx_word' id='word_1_238' title='bbox 1764 3836 2125 3900; x_wconf 88' lang='lat' dir='ltr'><strong>coniectura</strong></span> <span class='ocrx_word' id='word_1_239' title='bbox 2172 3832 2471 3898; x_wconf 89' lang='lat' dir='ltr'><strong>Lambini</strong></span> <span class='ocrx_word' id='word_1_240' title='bbox 2519 3834 2700 3899; x_wconf 89' lang='lat' dir='ltr'><strong>dubi·</strong></span> 
     </span>
     <span class='ocr_line' id='line_1_33' title="bbox 300 3938 2700 4024; baseline -0.001 -18"><span class='ocrx_word' id='word_1_241' title='bbox 300 3942 491 4008; x_wconf 83' lang='lat' dir='ltr'><strong>tavit.</strong></span> <span class='ocrx_word' id='word_1_242' title='bbox 532 3939 657 4005; x_wconf 87' lang='lat' dir='ltr'><strong>Sed</strong></span> <span class='ocrx_word' id='word_1_243' title='bbox 696 3947 992 4006; x_wconf 87' lang='lat' dir='ltr'><strong>accurata</strong></span> <span class='ocrx_word' id='word_1_244' title='bbox 1030 3939 1454 4024; x_wconf 86' lang='lat' dir='ltr'><strong>explicatione</strong></span> <span class='ocrx_word' id='word_1_245' title='bbox 1489 3938 1617 4005; x_wconf 91' lang='lat' dir='ltr'><strong>loci</strong></span> <span class='ocrx_word' id='word_1_246' title='bbox 1659 3940 1978 4006; x_wconf 89' lang='lat' dir='ltr'><strong>emendati</strong></span> <span class='ocrx_word' id='word_1_247' title='bbox 2019 3939 2543 4024; x_wconf 88' lang='lat' dir='ltr'><strong>supersederunt,</strong></span> <span class='ocrx_word' id='word_1_248' title='bbox 2575 3942 2700 4004; x_wconf 90' lang='lat' dir='ltr'><strong>nisi</strong></span> 
     </span>
    </p>
   </div>
   <div class='ocr_carea' id='block_1_5' title="bbox 310 4127 701 4137">
    <p class='ocr_par' dir='ltr' id='par_1_11' title="bbox 310 4127 701 4137">
     <span class='ocr_line' id='line_1_34' title="bbox 310 4127 701 4137; baseline 0 948"><span class='ocrx_word' id='word_1_249' title='bbox 310 4127 701 4137; x_wconf 95' lang='lat' dir='ltr'><strong> </strong></span> 
     </span>
    </p>
   </div>
   <div class='ocr_carea' id='block_1_6' title="bbox 360 4228 2318 4542">
    <p class='ocr_par' dir='ltr' id='par_1_12' title="bbox 360 4228 2318 4542">
     <span class='ocr_line' id='line_1_35' title="bbox 360 4228 1121 4297; baseline -0.004 -16"><span class='ocrx_word' id='word_1_250' title='bbox 360 4234 417 4297; x_wconf 89' lang='grc'><strong>1)</strong></span> <span class='ocrx_word' id='word_1_251' title='bbox 461 4233 555 4280; x_wconf 75' lang='lat' dir='ltr'><strong>Ov.</strong></span> <span class='ocrx_word' id='word_1_252' title='bbox 592 4232 717 4280; x_wconf 77' lang='lat' dir='ltr'><strong>Met.</strong></span> <span class='ocrx_word' id='word_1_253' title='bbox 753 4228 864 4278; x_wconf 83' lang='lat' dir='ltr'><strong>XIV</strong></span> <span class='ocrx_word' id='word_1_254' title='bbox 904 4230 1001 4279; x_wconf 78' lang='grc'><strong>849</strong></span> <span class='ocrx_word' id='word_1_255' title='bbox 1022 4245 1121 4293; x_wconf 86' lang='lat' dir='ltr'><strong>sqq.</strong></span> 
     </span>
     <span class='ocr_line' id='line_1_36' title="bbox 702 4309 1932 4361; baseline -0.001 -1"><span class='ocrx_word' id='word_1_256' title='bbox 702 4312 829 4361; x_wconf 70' lang='lat' dir='ltr'><strong>hunc</strong></span> <span class='ocrx_word' id='word_1_257' title='bbox 862 4311 1075 4361; x_wconf 69' lang='lat' dir='ltr'><strong>manibus</strong></span> <span class='ocrx_word' id='word_1_258' title='bbox 1104 4310 1234 4361; x_wconf 72' lang='lat' dir='ltr'><strong>notis</strong></span> <span class='ocrx_word' id='word_1_259' title='bbox 1268 4311 1510 4359; x_wconf 75' lang='lat' dir='ltr'><strong>Romanae</strong></span> <span class='ocrx_word' id='word_1_260' title='bbox 1543 4309 1767 4359; x_wconf 74' lang='lat' dir='ltr'><strong>eonditor</strong></span> <span class='ocrx_word' id='word_1_261' title='bbox 1802 4310 1932 4359; x_wconf 69' lang='lat' dir='ltr'><strong>urbis</strong></span> 
     </span>
     <span class='ocr_line' id='line_1_37' title="bbox 696 4392 1971 4459; baseline -0.002 -14"><span class='ocrx_word' id='word_1_262' title='bbox 696 4394 875 4459; x_wconf 65' lang='lat' dir='ltr'><strong>excipit</strong></span> <span class='ocrx_word' id='word_1_263' title='bbox 908 4398 958 4445; x_wconf 77' lang='lat' dir='ltr'><strong>ct</strong></span> <span class='ocrx_word' id='word_1_264' title='bbox 981 4394 1193 4458; x_wconf 74' lang='lat' dir='ltr'><strong>priscum</strong></span> <span class='ocrx_word' id='word_1_265' title='bbox 1218 4392 1414 4458; x_wconf 77' lang='lat' dir='ltr'><strong>pariter</strong></span> <span class='ocrx_word' id='word_1_266' title='bbox 1446 4408 1551 4442; x_wconf 74' lang='lat' dir='ltr'><strong>cum</strong></span> <span class='ocrx_word' id='word_1_267' title='bbox 1582 4407 1776 4457; x_wconf 72' lang='lat' dir='ltr'><strong>corpore</strong></span> <span class='ocrx_word' id='word_1_268' title='bbox 1808 4408 1971 4443; x_wconf 75' lang='lat' dir='ltr'><strong>nomen</strong></span> 
     </span>
     <span class='ocr_line' id='line_1_38' title="bbox 692 4476 2318 4542; baseline -0.002 -13"><span class='ocrx_word' id='word_1_269' title='bbox 692 4482 853 4529; x_wconf 71' lang='lat' dir='ltr'><strong>mutat</strong></span> <span class='ocrx_word' id='word_1_270' title='bbox 883 4477 1153 4542; x_wconf 77' lang='lat' dir='ltr'><strong>Horamque</strong></span> <span class='ocrx_word' id='word_1_271' title='bbox 1184 4482 1321 4527; x_wconf 75' lang='lat' dir='ltr'><strong>vocat</strong></span> <span class='ocrx_word' id='word_1_272' title='bbox 1350 4490 1471 4541; x_wconf 78' lang='lat' dir='ltr'><strong>quae</strong></span> <span class='ocrx_word' id='word_1_273' title='bbox 1503 4491 1635 4526; x_wconf 70' lang='lat' dir='ltr'><strong>nunc</strong></span> <span class='ocrx_word' id='word_1_274' title='bbox 1667 4477 1756 4527; x_wconf 68' lang='lat' dir='ltr'><strong>dea</strong></span> <span class='ocrx_word' id='word_1_275' title='bbox 1793 4476 1962 4527; x_wconf 74' lang='lat' dir='ltr'><strong>iuncta</strong></span> <span class='ocrx_word' id='word_1_276' title='bbox 2001 4476 2198 4533; x_wconf 74' lang='lat' dir='ltr'><strong>Quirino</strong></span> <span class='ocrx_word' id='word_1_277' title='bbox 2231 4482 2318 4527; x_wconf 73' lang='lat' dir='ltr'><strong>oet.</strong></span> 
     </span>
    </p>
   </div>
  </div>
 </body>
</html>
