3246 5085
586 313 720 382 332
1598 329 1969 380 rnocorrus.

584 503 823 564 rentur.
874 535 959 548 -
1027 497 1175 586 §33
1228 496 1429 578 ἔγημέ
1476 522 1543 564 τε
1592 496 1838 564 κωκύων
1882 497 1986 562 aa}
2037 497 2304 580 οἰμώζων
2369 494 2404 564 ὅ
2413 522 2545 564 σον
2606 501 2714 574 viru
2765 511 3025 582 Χρυσο-

580 609 867 683 μαιλλοῦς
930 607 1155 672 παῖδα.
1227 605 1532 672 Voculam
1596 603 1731 672 ὅσον
1799 609 2086 692 expungi
2145 606 2326 672 iubet
2372 604 2626 694 Haury,
2675 607 2787 672 sed
2833 608 3022 692 quis

584 733 817 799 quaeso
862 712 1285 780 adscriberet?
1332 713 1568 780 Procul
1617 713 1815 779 dubio
1865 711 2108 800 aliquid
2157 719 2303 778 ante
2341 734 2480 778 eam
2523 715 2754 799 periit,
2793 712 3020 800 quale

580 825 678 886 est
734 821 1035 898 μέγιστον
1103 825 1218 886 aut
1280 821 1635 903 ἀμήχανον,
1705 841 1868 906 quae
1929 822 2253 908 proposita
2299 826 2488 900 sunt,
2537 825 2652 886 aut
2699 818 3011 902 ἄφατον,

583 925 751 1014 quod
812 927 978 992 mihi
1041 929 1225 994 venit
1287 929 1354 992 in
1415 931 1700 993 mentem
1722 976 1738 1005 ,
1805 929 2022 1013 itaque
2067 925 2332 992 lacunae
2381 929 2642 1014 signum
2691 932 2828 992 erat
2881 947 3020 1012 po·

584 1033 887 1100 nendum.
941 1071 1023 1081 —
1075 1032 1334 1119 Optime
1398 1055 1502 1099 me
1566 1032 1805 1100 refellit
1851 1033 1998 1119 §44
2047 1033 2207 1100 olim
2253 1039 2710 1120 proponentem
2754 1043 3012 1113 χεῖρας

587 1141 709 1211 τὰς
781 1138 986 1217 δεξιὰς
1055 1138 1476 1231 (instrepas,
1549 1146 1626 1205 ut
1696 1144 1883 1206 vetus
1954 1142 2224 1226 scriptor
2293 1140 2592 1206 dedisset.
2660 1139 3014 1205 Similiter

585 1245 857 1313 verbum
920 1244 1194 1332 simplex
1240 1248 1660 1332 posteriores,
1711 1252 1786 1311 ut
1836 1245 2264 1326 Plutarchus,
2313 1246 2670 1322 Lucienus,
2717 1245 2828 1312 alii
2880 1245 3015 1312 ad-

587 1352 809 1417 hibent
856 1373 971 1438 pro
1019 1351 1352 1432 ἐκτέμνειν,
1403 1360 1684 1418 castrare.

681 1568 837 1656 Gap.
885 1570 1101 1636 XVIII
1146 1570 1317 1657 §28.
1368 1567 1435 1645 ἦν
1480 1573 1595 1649 μὲν
1643 1571 1769 1651 γὰρ
1819 1571 1922 1634 καὶ
1975 1569 2232 1651 Χοσρόης
2275 1568 2465 1643 οιύτός
2509 1593 2578 1635 τε
2619 1569 3006 1651 πονηρὸςπὸ

590 1673 719 1751 ἦθος
769 1679 945 1758 καί,
1007 1675 1081 1750 ὥς
1128 1703 1231 1757 μοι
1280 1681 1343 1744 ἐν
1394 1680 1602 1758 λόγοις
1653 1677 1884 1759 εἴρηται
1937 1685 2060 1750 τοῖς
2114 1679 2477 1756 καθήκουσι,
2527 1677 2642 1751 τὰς
2691 1677 2836 1754 μὲν
2893 1678 3009 1742 αἱ·

586 1785 730 1856 τΙας
778 1786 947 1864 αὐτῷ
995 1789 1102 1850 τοῦ
1151 1784 1429 1862 πόλεμον
1474 1783 1574 1850 ὅδε
1622 1784 2071 1868 (Iustinianus)
2117 1785 2458 1866 παρείχετο
2505 1785 2744 1857 πάσαις.

680 1889 1012 1976 Requirit,
1072 1894 1129 1956 si
1188 1890 1343 1978 quid
1393 1890 1615 1970 videO,
1660 1895 2008 1984 sententia,
2057 1897 2132 1958 ut
2177 1898 2320 1978 post
2371 1887 2502 1964 ἦθος
2550 1891 2840 1957 deleatur
2889 1911 3006 1956 co-

589 1996 744 2084 pula
788 2002 852 2064 et
890 2019 1004 2083 pro
1052 1998 1192 2075 μὲν
1242 2000 1607 2084 corrigatur
1651 1997 1936 2074 μέντοι
1981 2027 2060 2053 =
2102 1999 2186 2064 δέ.
2237 1999 2395 2064 Erat
2439 1998 2673 2085 quidem
2706 1999 3001 2062 Choeroee

591 2107 649 2170 et
708 2107 836 2186 ipse
896 2104 1214 2187 improbus,
1263 2106 1371 2168 ced
1418 2104 1563 2168 belli
1608 2126 1820 2168 causae
1866 2127 2058 2168 omnes
2103 2105 2161 2168 ei
2191 2105 2524 2187 praebebat
2571 2103 2994 2170 lastinianus.

593 2209 837 2276 Eodem
880 2232 1069 2276 sensu
1117 2233 1233 2297 pro
1280 2209 1409 2289 μέν
1455 2210 1647 2277 scribi
1691 2212 1896 2296 possit
1946 2207 2120 2298 <γε>
2170 2211 2342 2289 μήν.

684 2427 836 2515 Cap.
888 2429 1044 2494 XIX
1094 2430 1313 2516 §55sp
1378 2433 1758 2496 Anastasius
1819 2430 2173 2517 Imperator
2229 2436 2463 2513 χρυσοῦ
2513 2430 2652 2502 τοὺς
2703 2432 2996 2502 θησαυ-

592 2537 769 2617 ροὺς
835 2533 1126 2611 ἅπαντας
1199 2539 1551 2619 κατακόρως
1602 2538 2081 2616 ἐμπλησάμενος
2134 2539 2235 2604 τὸν
2281 2538 2417 2616 βίον
2463 2537 2992 2617 ξυνεμετρήσατο.

595 2640 817 2724 οὕσπερ
865 2642 1157 2719 ἅπαντας
1207 2645 1632 2717 Ἰουστινιοινὸς
1672 2646 1748 2718 ὥς
1798 2644 2084 2725 τάχιστοι
2134 2645 2656 2710 διεσπάσαντο
2705 2646 2834 2711 κτὲ.

686 2748 811 2817 Vix
873 2751 1097 2817 dubito
1142 2754 1297 2837 quin
1344 2752 1696 2838 Procopius
1744 2754 2069 2835 scripserit
2113 2750 2495 2842 διεσπα<θ
2518 2748 2842 2838 sperato,
2893 2749 2996 2813 di-

597 2856 921 2940 lapidavit.
987 2857 1082 2923 De
1144 2858 1335 2923 verbo
1399 2857 1613 2924 medio
1681 2856 2033 2922 satisfaciet
2091 2858 2353 2922 Leoeieon
2413 2877 2633 2922 meum
2695 2858 2996 2921 Graecum

591 2965 1023 3049 suppletorium
1084 2986 1131 3030 s·
1175 2984 1237 3031 v.
1311 2963 1409 3032 Of.
1474 2964 1650 3030 Plut.
1719 2961 1851 3030 Cic.
1901 2961 1987 3028 27
2030 2961 2111 3030 al.
2177 2963 2427 3030 Formis
2489 2968 2707 3029 autem
2755 2963 2994 3028 mediis

591 3093 705 3158 pro
745 3074 974 3138 activis
1014 3072 1464 3160 progrediente
1502 3078 1790 3157 tempore
1833 3068 2106 3137 Graecos
2146 3074 2356 3160 magis
2395 3073 2732 3159 magisque
2757 3071 2994 3137 abusos

592 3200 725 3245 esse
772 3183 1035 3245 constat.

688 3389 841 3477 Gap.
893 3391 1054 3457 XIX
1100 3393 1269 3477 §11³ss
1330 3392 1477 3465 τοὺς·
1532 3392 1595 3458 δὲ
1658 3393 2017 3473 βαρβάρους
2081 3389 2374 3465 ἅπαντας
2436 3389 2647 3457 οὐδένα,
2711 3390 2987 3462 ἀνιεὶς

597 3500 871 3579 καιρὸν
912 3498 1227 3577 χρήμασιν
1270 3499 1537 3579 ἐδωρεῖτο
1576 3500 1906 3577 μεγάλοις.
1951 3498 2183 3563 Malim
2223 3498 2457 3577 οἱφιεΙς.
2508 3495 2603 3564 Of.
2645 3496 2984 3563 Demosth.

600 3604 632 3669 I
677 3604 800 3691 58,
864 3603 1057 3669 Isocr.
1106 3604 1192 3671 IV
1238 3602 1386 3690 §16
1434 3612 1553 3671 etc.
1616 3605 1818 3691 Saepe
1868 3611 2216 3690 utrumque
2263 3605 2536 3671 verbum
2583 3601 2990 3669 confundunt

595 3713 860 3778 librarii.
924 3711 1067 3778 Non
1132 3715 1342 3799 magis
1390 3711 1616 3777 Latine
1664 3713 1935 3777 dixeris:
1987 3710 2170 3777 nulla
2213 3713 2460 3777 remissa
2505 3706 2992 3798 opportunitate

594 3841 707 3906 pro
754 3818 1004 3883 dimi-sea
1051 3840 1101 3884 s.
1150 3819 1435 3900 neyleeta.

688 4030 841 4118 Cap.
891 4031 1052 4097 XXI
1098 4032 1221 4116 §9.
1286 4032 1637 4112 πανταχόθι
1697 4031 1904 4106 μέντοι
1971 4039 2081 4106 τῆς
2149 4031 2464 4109 Ῥωμαίων
2515 4032 2714 4112 ἀρχῆς
2764 4031 2791 4093 ὃ
2845 4033 2988 4095 Ἰου-

594 4140 891 4209 στινιοινὸς
942 4139 1124 4203 ἐποίει
1174 4136 1345 4205 τάδε.
1394 4139 1531 4210 τοὺς
1584 4137 2024 4219 πονηροτάτους
2068 4140 2183 4201 τῶν
2227 4140 2544 4216 ἀνθρώπων
2584 4136 2991 4215 ἀπολεξάμε-

597 4269 687 4316 νος
738 4243 1223 4325 διεφθάρθαι
1272 4245 1592 4311 ἀπεδίδοτο
1640 4246 1756 4315 τὰς
1799 4246 2004 4324 ἀρχὰς
2049 4246 2228 4321 σΦΙσι
2271 4246 2613 4325 χρήματων
2656 4244 2983 4322 μεγάλων.

684 4349 857 4417 Ante
907 4352 1263 4431 διεφθάρθαι
1310 4350 1553 4436 aliquid
1600 4352 1912 4417 excidisse
1961 4351 2300 4418 videbatur
2346 4351 2630 4417 Reiskio.
2686 4349 2985 4416 Multum

595 4460 850 4540 dubito,
915 4460 1231 4525 coniciens
1291 4478 1510 4525 veram
1570 4458 1910 4525 lectionem
1959 4480 2092 4525 esse
2139 4458 2550 4541 διέφθειρε
2600 4460 2769 4537 καὶ,
2820 4478 2983 4542 quae
