3246 5085
613 313 748 382 232
1519 395 1526 400 ‚
1660 335 1971 386 renerus.
2034 411 2051 426 ,

615 505 780 585 apud
825 508 1198 584 praetorem:
1260 501 1358 583 (3)
1409 541 1489 552 —
1543 523 1698 590 ergo
1764 504 1969 582 „furt-i
2020 524 2086 568 se
2134 500 2402 590 alligat”
2464 523 2652 569 reum
2696 524 2765 569 se
2810 501 3031 568 efficit

611 609 888 687 fraudis,
953 630 1103 675 nam
1165 615 1704 685 μεταλημπτικῶς
1769 610 2023 674 furtum
2086 631 2198 694 pro
2253 611 2429 674 omni
2478 608 2623 675 dolo
2670 617 2737 675 et
2782 609 3025 676 fraude

613 718 964 801 accipimus
1013 753 1096 765 --
1145 723 1203 780 et
1249 716 1508 782 iniuria.
1559 754 1645 766 —-
1699 715 2037 802 „Alligat”
2088 721 2305 781 autem
2356 717 2706 802 obstringit
2742 723 2809 780 et
2844 715 3029 781 inla-

613 828 804 907 queat
861 831 928 887 et
987 823 1336 888 obnoxium
1401 823 1552 888 facit
1598 823 1666 903 ¹).
1734 861 1817 872 —-
1890 823 2069 886 Omne
2131 823 2324 905 ἐρέται·
2386 825 2547 907 quod
2590 825 2833 908 fraude
2874 827 3017 908 fit,

596 930 850 1013 furtum
897 935 1004 994 est.
1048 966 1130 978 -
1173 927 1277 995 Sic
1315 927 1636 1015 Vergilius
1674 929 1974 994 insidias:
2020 929 2237 1007 „furta
2271 949 2423 1014 paro
2451 927 2645 994 belli’'
2672 929 3013 1012 (X1515),

611 1034 1039 1100 adulterium:
1095 1043 1201 1113 „et
1235 1035 1448 1101 dulcia
1487 1036 1698 1100 furta''
1742 1033 1852 1117 (G.
1892 1033 1976 1101 IV
2020 1034 2200 1116 346),
2242 1056 2427 1102 omne
2452 1035 2698 1100 malum
2722 1037 3009 1102 factum:

614 1163 819 1227 „quae
864 1145 1010 1226 quis
1056 1142 1226 1228 apud
1273 1162 1568 1227 superos,
1618 1143 1789 1208 furto
1836 1141 2113 1207 laetatus
2158 1145 2367 1220 inani,
2418 1141 2716 1208 distulit”
2758 1149 2909 1208 cett.

701 1247 861 1314 Ecce
923 1248 1238 1314 scholium
1303 1270 1506 1314 unum
1568 1254 1635 1313 et
1677 1251 2009 1336 integ-rum
2060 1248 2293 1316 Donati
2342 1249 2549 1314 tribus
2596 1247 3019 1314 emblematis

609 1360 987 1442 purgatum.
1172 1355 1268 1435 (ὅ)
1333 1355 1695 1433 „Furtum”
1760 1355 2011 1421 duobus
2058 1356 2285 1432 modis⁶
2316 1356 2589 1422 dicitur:
2640 1377 2803 1434 uno,
2850 1376 3012 1421 cum

610 1483 798 1527 omne
858 1459 1248 1527 maleficium
1309 1461 1697 1548 generaliter
1762 1461 2182 1549 significatur,
2230 1461 2466 1541 altero,
2515 1483 2667 1528 cum
2710 1483 2810 1528 res
2857 1463 3017 1528 sub-

610 1573 792 1653 repta
837 1567 1341 1646 demonstratur;
1385 1590 1554 1634 nunc
1601 1589 1757 1656 ergo
1807 1569 2053 1646 „furti”
2102 1567 2420 1634 maleficii.
2606 1567 2712 1634 Sic
2757 1567 3013 1648 Editor,

609 1675 1143 1760 comprehendens
1205 1695 1366 1760 quae
1429 1674 1507 1739 D.
1580 1675 1787 1741 fusius
1851 1677 2193 1760 scripserat
2254 1681 2318 1740 et
2375 1673 2611 1742 addens
2660 1674 3011 1761 vulgarem

611 1785 788 1848 vocis
833 1781 1364 1868 significationem
1386 1830 1402 1860 ‚
1452 1803 1645 1868 quam
1694 1784 1927 1848 referre
1973 1781 2138 1848 Don.
2188 1803 2441 1849 necesse
2488 1804 2612 1848 non
2660 1783 2909 1848 habuit.

701 1886 1106 1955 Emblemata
1141 1887 1255 1956 illa
1291 1894 1444 1953 sunt
1479 1887 2035 1976 magistellorum‚
2083 1890 2195 1974 qui
2243 1909 2315 1954 ea
2360 1891 2431 1955 in
2478 1891 2769 1975 margine
2816 1887 3011 1954 adno-

611 2002 902 2061 taverant
961 2015 1073 2080 per
1137 1995 1299 2074 „hoc
1360 1995 1522 2073 est'’‚
1591 1994 1763 2074 „et''‚
1829 1995 2157 2081 „igitur’';
2245 1996 2483 2060 horum
2537 1994 2703 2061 infra
2763 2014 3007 2082 magna

607 2103 793 2189 copia
835 2100 1112 2166 dabitur.

698 2207 856 2272 Ibid.
909 2206 996 2273 40
1067 2206 1262 2272 Thais
1310 2206 1512 2272 militi
1560 2205 1939 2293 respondere
1986 2207 2375 2295 dedignatur
2420 2208 2522 2273 his
2570 2209 2815 2275 verbis:

1063 2313 1308 2394 Quaere
1357 2317 1468 2399 qui
1515 2313 1894 2399 respondeat

699 2419 796 2501 (2)
857 2419 942 2484 Et
1003 2423 1391 2505 contempsit
1449 2423 1961 2506 interrogantem
2008 2426 2073 2486 et
2118 2420 2357 2485 indixit
2400 2422 2815 2499 inimicitiae,
2859 2442 3010 2506 pro-

610 2528 882 2594 fessione
942 2527 1306 2593 iracundiae
1370 2549 1518 2592 cum
1584 2527 1742 2593 dicit
1801 2528 2149 2614 indignum
2200 2526 2499 2594 militem.
2686 2527 2783 2609 (4)
2828 2527 3008 2595 Satis

607 2634 1096 2700 contumeliose:
1154 2634 1318 2699 illud
1364 2636 1534 2700 enim
1583 2637 2065 2721 quaeritur,
2124 2633 2291 2721 quod
2340 2633 2600 2700 difficile
2648 2638 3005 2721 reperitur;

607 2761 794 2828 ergo:
860 2763 986 2807 non
1029 2740 1217 2806 modo
1262 2741 1570 2827 indignus
1616 2763 1719 2821 ee,
1768 2745 2013 2827 inquit,
2064 2746 2169 2808 cui
2216 2764 2337 2827 ego
2385 2742 2838 2828 respondeam,
2888 2743 3006 2808 sed

609 2852 716 2915 vix
775 2851 1062 2915 invenies
1126 2850 1238 2933 qui
1285 2853 1348 2913 te
1397 2848 1671 2935 dignum
1720 2870 2015 2935 responso
2062 2849 2323 2915 iudicet.
2509 2848 2915 2915 Alterutrum
2964 2870 3007 2914 a

606 2956 856 3023 Donato
918 2953 1413 3021 abiudicandum
1480 2962 1596 3019 est.
1667 2954 1840 3020 Illud
1904 2958 2251 3033 nimirum,
2318 2960 2582 3042 propter
2642 2957 3002 3021 orationem

608 3066 822 3129 minus
890 3064 1296 3148 perspicuam
1365 3068 1430 3126 et
1497 3064 1873 3147 praesertim
1942 3065 2094 3147 quia
2154 3064 2537 3127 inimicitiae
2609 3061 2995 3127 iamdudum

603 3169 879 3234 indictae
925 3175 1076 3232 sunt
1123 3174 1188 3233 et
1235 3170 1301 3231 in
1351 3174 1647 3252 apertum
1694 3172 2017 3233 certamen
2066 3170 2459 3254 eripuerunt.

695 3274 856 3339 Ibid.
906 3274 990 3337 41
1065 3272 1246 3339 Thr.
1297 3273 1464 3353 Quid
1513 3295 1681 3339 nunc
1730 3272 2031 3359 agimus?

695 3381 792 3462 (1)
839 3379 995 3444 Vide
1041 3388 1116 3444 ut
1161 3402 1333 3446 nunc
1381 3383 1717 3447 evanuerit
1761 3382 1927 3446 actio
1974 3379 2225 3446 militis.
2381 3381 2753 3468 Sequuntur
2799 3382 2994 3447 haec:

602 3486 824 3552 Primo
864 3486 1028 3550 dixit
1071 3488 1332 3563 „omnia
1369 3488 1550 3571 prius
1589 3488 1865 3572 experiri
1903 3508 2097 3573 quam
2137 3490 2334 3552 armis
2372 3490 2725 3574 sapientem
2764 3486 2992 3552 decet'’

604 3601 727 3674 (vs.
782 3592 910 3673 19),
973 3599 1120 3678 post
1182 3592 1398 3670 „idem
1458 3594 1577 3659 hoc
1642 3599 1715 3659 tu
1776 3596 1905 3672 ais,
1972 3590 2247 3659 'Phais‘l''
2300 3600 2420 3675 (vs.
2465 3594 2599 3675 40),
2661 3600 2993 3680 postremo

606 3700 804 3786 „quid
850 3720 1020 3766 nunc
1059 3696 1423 3786 agimus?’'.
1589 3700 2120 3767 Additamentum
2160 3702 2494 3767 enuntiata
2530 3704 2855 3767 continere
2899 3705 2999 3767 vi-

602 3805 792 3871 detur
838 3827 1000 3891 quae
1046 3805 1278 3871 militis
1324 3809 1656 3893 ignaviam
1705 3807 1984 3875 indicare
2032 3808 2334 3887 debeant,
2384 3807 2494 3873 sed
2532 3829 2655 3872 non
2695 3808 2997 3875 cohaeret

602 3933 752 3977 cum
799 3912 1199 3998 praecedenti
1246 3920 1427 3998 parte
1474 3912 1724 3980 scholii.
1774 3917 1969 3980 Amat
2016 3927 2233 3981 autem
2281 3914 2378 3980 IP
2424 3914 2797 3980 huiusmodi
2836 3936 2996 3980 enu-

603 4021 1002 4085 merationes,
1055 4020 1282 4086 Eidem
1326 4022 1537 4086 tribuo
1577 4021 1673 4101 (5)
1716 4020 1927 4101 „Quin
1966 4021 2379 4087 redeamus’':
2423 4043 2545 4087 non
2573 4022 2994 4100 „abeamus”‚

599 4126 845 4209 inquit,
895 4124 1004 4190 sed
1052 4126 1493 4206 „redeamus'',
1543 4133 1618 4193 ut
1662 4130 1882 4193 irritos
1930 4133 2193 4193 conatus
2240 4129 2432 4194 verbo
2479 4127 2855 4195 ostenderet.

692 4229 852 4296 Ibid.
881 4229 989 4296 '42
1062 4230 1339 4300 Credin?

673 4462 724 4526 l)
762 4462 806 4511 N
811 4477 872 4511 on
911 4477 1022 4513 raro
1059 4464 1269 4513 Donatus
1299 4461 1561 4513 locutiones
1596 4460 1835 4513 trifariam
1868 4461 2232 4528 interpretatur.
