3246 5085
645 322 774 388 132
1692 264 1975 390 smnus.

637 502 818 584 filio).
867 504 954 567 At
998 502 1194 567 verba
1219 504 1358 587 fido
1405 504 1472 566 in
1517 504 1725 568 limine
1767 507 1911 569 iure
1957 525 1994 570 a
2037 523 2142 568 me
2188 501 2476 589 copulari
2520 502 2745 587 probat
2788 504 2849 567 si
2894 523 3037 566 non

636 629 731 675 18.
787 603 949 674 197:
1000 630 1392 695 quamquam
1437 611 1527 674 ibi
1575 610 1752 675 fida
1799 629 2127 695 parens,
2178 613 2245 673 at
2288 614 2457 675 certe
2507 628 2599 672 vs.
2642 605 2773 673 750
2796 628 2930 693 sq.:

907 714 1156 781 Rumor
1197 717 1264 779 in
1316 736 1541 781 arcana
1586 716 1973 781 iamdudum
2018 718 2363 801 perstrepit
2410 714 2590 793 aula,

909 822 1275 907 virginibus
1313 841 1465 907 qua
1513 822 1688 887 fida
1734 821 2052 898 domus,
2094 824 2346 888 venisse
2384 819 2738 907 Pelasgum
2774 841 2957 905 e.q.s.

635 926 778 993 Non
847 931 1058 1014 mag-is
1126 930 1390 1013 probare
1461 930 1622 993 mihi
1689 932 1901 1014 potuit
1964 928 2170 994 editor
2230 931 2659 1007 coniecturas,
2723 948 2881 1012 quas
2948 926 3037 991 ad

634 1055 764 1099 188.
815 1032 945 1099 903
993 1041 1058 1099 et
1105 1033 1236 1099 939
1291 1034 1647 1121 adscripsit.
1697 1033 1862 1101 Loco
1910 1037 2121 1121 priore
2168 1032 2475 1100 sollicitat
2511 1032 2853 1099 lectionem
2902 1033 3037 1097 tuis

634 1160 708 1205 eo
776 1139 950 1225 quod
1019 1145 1208 1226 rogat
1277 1162 1436 1206 num
1503 1142 1667 1207 forte
1728 1142 1877 1205 ioris
1940 1144 2026 1206 sit
2083 1140 2451 1227 legendum.
2515 1141 2603 1203 At
2658 1160 2842 1217 vero,
2908 1139 3033 1203 ubi

634 1244 918 1311 Achilles
964 1248 1059 1311 ita
1105 1245 1534 1333 Lycomedem
1584 1245 1962 1333 compellat:
2017 1246 2241 1332 ‘Iunge
2290 1267 2445 1332 ergo
2492 1266 2721 1311 manus
2768 1250 2833 1310 et
2880 1266 3033 1309 con-

631 1352 771 1436 cipe
832 1349 1053 1416 foedus
1115 1357 1304 1437 atque
1366 1354 1623 1438 ignosce
1688 1355 1819 1417 tuis
1839 1348 1875 1415 1’
1939 1373 2288 1437 pronomen
2336 1352 2493 1429 tuis,
2544 1350 2713 1437 quod
2758 1372 2908 1416 cum
2952 1353 3032 1415 111

630 1458 947 1522 enuntiati
987 1456 1110 1523 fine
1149 1463 1214 1522 et
1253 1461 1319 1522 in
1359 1479 1619 1523 caesura
1657 1460 1945 1543 positum
1983 1460 2069 1523 sit
2110 1460 2246 1524 vim
2287 1477 2592 1543 magnam
2631 1459 2697 1521 18
2746 1477 3032 1541 pronun-

629 1563 897 1627 tiatione
924 1584 1147 1628 versus
1187 1563 1468 1642 obtinet,
1505 1566 1599 1628 ita
1628 1562 2177 1649 interpretandum
2202 1563 2453 1628 iudico:
2496 1562 2783 1647 ‘Ignosce
2806 1562 3031 1640 nobis,

630 1670 743 1752 qui
803 1668 1052 1734 foedere
1097 1675 1401 1754 concepto
1449 1668 1604 1734 facti
1652 1672 1783 1734 iam
1831 1672 2076 1735 erimus
2124 1666 2282 1733 tuil'
2334 1668 2501 1747 Quid
2547 1674 2767 1733 autem
2816 1670 3033 1754 ignos-

629 1772 902 1839 cendum
940 1775 1064 1839 sibi
1103 1777 1221 1849 sit,
1264 1775 1476 1839 verbis
1518 1795 1679 1860 quae
1721 1783 2078 1861 sequuntur
2118 1773 2400 1840 Achilles
2433 1795 2747 1860 exponere
2788 1776 3027 1860 pergit.

726 1880 824 1945 Ad
885 1901 980 1946 18.
1034 1878 1165 1944 939
1227 1902 1344 1967 pro
1407 1881 1658 1944 miserae
1719 1884 1821 1945 vir
1884 1880 2109 1946 doctus
2172 1882 2505 1967 proposuit
2550 1902 2735 1945 serae.
2786 1877 3029 1971 Vereor

636 1995 850 2054 tamen
897 2007 976 2051 ne
1025 1986 1364 2071 ‘abripitur
1408 2006 1582 2051 serae
1629 1988 1979 2071 permissus
2028 1985 2333 2052 Achilles’
2384 2006 2421 2050 8
2461 1988 2773 2050 8811118818
2811 1984 3029 2050 Latini

637 2091 1097 2159 consuetudine
1135 2090 1423 2157 alienum
1461 2094 1579 2156 sit:
1623 2092 1752 2157 dici
1790 2098 1996 2177 potest
2034 2093 2371 2177 ‘abripitur
2394 2111 2533 2157 sero
2557 2088 2961 2171 (adverbium
2979 2088 3027 2171 !)

637 2200 986 2284 permissus
1048 2195 1377 2273 Achilles'‚
1447 2197 1560 2261 sed
1619 2196 2009 2263 adiectivum
2078 2199 2131 2261 si
2192 2200 2473 2282 ponitur,
2540 2197 3025 2261 substantivum

639 2301 826 2389 quale
873 2308 972 2368 est
1014 2302 1192 2366 uxori
1239 2302 1505 2388 adiungi
1552 2310 1841 2388 oportere
1889 2302 2110 2380 cred0,
2158 2308 2235 2367 ut
2283 2325 2380 2369 18.
2430 2300 2552 2366 42:

910 2430 947 2473 o
995 2407 1191 2486 dolor,
1244 2428 1281 2473 o
1327 2411 1450 2473 seri
1496 2416 1789 2474 materno
1834 2411 1903 2473 in
1949 2407 2133 2473 corde
2178 2404 2480 2473 timores!

639 2514 858 2582 Lectio
918 2517 1127 2602 igitur
1187 2514 1420 2581 tradita
1477 2522 1592 2581 aut
1637 2518 1893 2601 integra
1938 2514 2349 2601 relinquenda
2397 2513 2654 2580 videtur
2695 2517 2810 2580 aut
2854 2519 3025 2579 certe

639 2643 767 2688 non
811 2624 938 2686 isto
984 2621 1176 2686 modo
1223 2620 1647 2687 sollicitanda.

733 2725 826 2792 De
864 2726 1111 2792 duobus
1148 2726 1304 2792 18818
1344 2727 1515 2792 haud
1553 2747 1791 2812 parvus
1828 2729 2196 2791 etiamnunc
2220 2728 2384 2791 mihi
2406 2726 2641 2791 residet
2662 2724 3022 2812 scrupulus.

731 2832 971 2898 Utrum
1018 2854 1115 2897 18.
1163 2832 1295 2898 462
1341 2854 1455 2918 pro
1501 2834 1691 2911 avita,
1745 2853 1905 2918 quae
1953 2838 2051 2898 est
2096 2832 2412 2898 Puteanei
2464 2838 2763 2917 corrupta
2800 2830 3019 2908 lectio,

639 2936 1045 3003 scribendum
1093 2939 1180 3002 sit
1226 2938 1385 3016 avia,
1435 2937 1605 3023 quod
1652 2936 1782 3002 fere
1829 2943 2210 3016 recensetur,
2260 2957 2339 3002 an
2386 2939 2601 3014 ardua,
2651 2937 2822 3023 quod
2871 2935 3027 3002 Gar-

639 3040 753 3109 rod
799 3030 1218 3128 inapparatu
1268 3042 1571 3128 protulit,
1621 3042 1795 3108 haud
1840 3046 2064 3129 magni
2107 3045 2393 3109 interest.
2442 3041 2615 3108 Illud
2660 3042 2886 3108 suadet
2929 3063 3025 3108 co-

641 3147 802 3212 dicis
850 3150 1081 3234 optimi
1129 3149 1447 3233 scriptura
1493 3153 1560 3213 et
1604 3147 1687 3213 II.
1743 3148 1907 3213 121:

911 3274 1268 3337 numquam
1316 3252 1427 3318 1118
1472 3252 1759 3318 imbellis
1807 3253 2037 3319 Ossaea
2082 3274 2219 3340 per
2264 3255 2451 3320 avia
2498 3252 2785 3319 dammas

913 3362 1178 3438 sectari,

640 3466 761 3532 hoc
823 3473 888 3531 et
951 3466 1175 3542 verba,
1236 3485 1400 3550 quae
1458 3467 1762 3531 continuo
1824 3471 2199 3551 sequuntur,
2263 3465 2540 3531 reddunt
2584 3463 2913 3552 probabile
2960 3469 3023 3530 et

639 3595 739 3640 18.
793 3572 959 3640 700:

913 3681 1050 3764 ipse
1096 3677 1350 3743 ardua
1395 3676 1518 3742 fido
1563 3697 1715 3742 cum
1764 3675 2073 3741 Diomede
2120 3679 2303 3762 petit.

639 3783 764 3852 Sed
809 3788 1070 3872 gravior
1115 3786 1402 3869 quaestio
1449 3789 1580 3861 est,
1632 3803 1791 3848 num
1838 3804 1931 3847 18.
1976 3781 2106 3846 498
2153 3785 2295 3847 11118
2333 3782 2540 3847 editor
2579 3803 2693 3867 pro
2732 3782 3017 3846 recludes.

640 3890 809 3976 quod
873 3888 1116 3955 codices
1179 3889 1332 3953 daut
1386 3909 1641 3968 omnes,
1690 3887 1955 3951 recludis
2001 3886 2266 3952 dederit.
2313 3885 2709 3952 Protesilaus
2755 3888 2845 3952 ibi
2891 3883 3027 3952 Gal·

639 3997 938 4062 chantem
977 4003 1053 4061 ut
1091 3995 1360 4060 Achillis
1399 3994 1676 4060 latebras
1709 3996 1953 4079 aperiat
1988 3995 2274 4058 oratione
2308 3992 2601 4080 longiore
2633 3992 3005 4058 adhortatur

640 4103 706 4166 in
755 4122 880 4186 qua
926 4107 992 4166 et
1038 4100 1165 4166 alia
1212 4109 1278 4166 et
1323 4101 1477 4166 haec
1526 4107 1712 4166 sunt:

1511 4205 1761 4293 quando
1810 4225 1919 4270 ora
1965 4205 2080 4271 deo
2128 4225 2415 4292 possessa
2460 4206 2755 4271 movebis

911 4315 1148 4378 iustius
1195 4321 1307 4379 aut
1352 4317 1743 4399 quianam
1792 4313 2139 4378 Parcarum
2186 4312 2437 4378 occulta
2481 4307 2915 4378 recludes?

639 4415 740 4483 Ita
789 4419 856 4482 in
905 4419 1230 4484 Puteaneo
1276 4417 1541 4505 legitur,
1591 4419 1701 4485 sed
1748 4418 1917 4505 quod
1964 4420 2029 4482 in
2078 4417 2254 4484 codd.
2304 4417 2509 4497 EKQ
2556 4423 2685 4483 est:
2738 4437 3029 4503 quaenam
