3246 5085
1153 437 1160 444 ι
1284 357 1602 410 nonnus.
2516 337 2651 407 22¹7

256 526 517 594 XXXII
581 549 642 613 p.
702 526 832 592 221
869 527 939 607 ¹),
1004 527 1071 592 in
1133 527 1254 592 hac
1314 525 1641 591 comoedia
1709 527 1905 591 etiam
1960 525 2057 590 bis
2104 522 2190 589 IV
2241 520 2303 589 7.
2334 523 2418 588 10
2446 522 2543 606 (4)
2591 529 2659 589 et

261 635 320 698 V
369 635 434 700 5.
464 632 503 699 3
530 633 648 714 (5).
1493 629 1500 638 ’

354 740 530 806 Ibid.·
570 740 652 806 31
729 739 973 806 Attolle
1022 738 1297 825 pallium

352 847 516 913 Don.
575 847 672 928 (3)
733 847 832 912 Ex
895 847 1092 912 huius
1139 845 1298 933 (leg.
1347 845 1432 910 Et
1477 841 1647 925 his?)
1698 845 1910 911 verbis
1958 843 2319 912 Chremetis
2366 847 2658 910 animum

265 954 735 1020 demonstravit
773 956 1053 1019 nimium
1091 952 1441 1018 liberaliter
1469 950 1687 1036 pavidi
1715 949 2203 1017 adulescentuli.
2294 951 2395 1016 IP
2422 951 2519 1032 (4)
2544 950 2662 1016 Vel

267 1065 423 1148 quia
459 1059 733 1147 simplex
774 1067 874 1126 est
908 1058 1014 1126 vel
1053 1062 1202 1145 quia
1242 1059 1456 1123 ebrius
1483 1056 1685 1122 trahit
1710 1057 1984 1143 pallium
2012 1055 2335 1124 Chremes.
2452 1056 2661 1122 Immo

269 1171 362 1233 rei
426 1166 740 1253 gerendae
801 1167 1130 1251 imperitia
1189 1163 1478 1250 neglexit
1539 1162 1907 1229 adulescens
1969 1165 2173 1229 facere
2236 1163 2404 1251 quod
2466 1184 2663 1228 unus-

269 1276 541 1360 quisque
586 1271 664 1337 de
710 1269 896 1357 plebe
943 1276 1092 1336 ante
1137 1277 1464 1335 certamen
1511 1269 1716 1334 facere
1764 1267 1927 1335 solet
1954 1266 2025 1350 ²).

360 1485 447 1551 IV
499 1485 558 1566 7,
587 1486 624 1552 1
699 1485 989 1552 Hancine
1053 1507 1174 1573 ego
1233 1491 1311 1551 ut
1374 1483 1837 1551 contumeliam
1885 1489 2019 1550 tam
2067 1487 2389 1572 insignem
2437 1489 2505 1551 in
2554 1508 2701 1552 me-

271 1595 587 1680 accipiam
605 1639 623 1670 ,
671 1588 973 1660 Gnatho?

363 1698 462 1780 (3)
513 1698 1075 1777 „Contumeliam”
1123 1699 1380 1784 proprie
1427 1703 1492 1762 et
1537 1703 1614 1762 ut
1652 1697 1860 1762 miles.
1921 1697 2269 1764 Sallustius
2309 1721 2427 1778 „ne
2469 1721 2659 1786 quam

271 1805 735 1872 contumeliam
783 1825 1112 1872 remanere
1159 1806 1226 1868 in
1265 1806 1551 1868 exercitu
1591 1806 1920 1869 victore..
1953 1851 1967 1868 .
1993 1805 2201 1870 sinat''
2243 1805 2415 1893 (lug.
2461 1805 2665 1876 585).

271 1911 380 1978 Sic
431 1910 612 1990 Don„
662 1911 830 1997 quod
877 1910 979 1975 IP
1027 1909 1224 1977 stulte
1273 1909 1637 1976 aemulatus
1686 1916 1781 1975 est
1826 1913 1893 1976 in
1945 1911 2074 1991 (5):
2124 1911 2207 1976 Et
2256 1912 2665 2000 „insignem”

273 2025 354 2083 ut
399 2015 590 2083 miles
638 2017 838 2094 dixit,
886 2019 1038 2102 quia
1084 2019 1468 2102 insignia
1519 2037 1851 2083 armorum
1900 2015 2083 2083 sunt!

370 2123 534 2189 Ibid.
585 2123 626 2187 2
699 2124 873 2188 Mori
921 2143 1027 2188 me
1075 2125 1278 2188 satius
1327 2128 1426 2188 est

371 2229 533 2296 Don.
582 2232 680 2309 (1)
727 2228 1029 2295 Ridicula
1067 2231 1508 2316 praesumptIo
1548 2234 1881 2315 tamquam
1924 2229 2228 2295 adversus
2266 2233 2669 2297 meretricem

279 2340 592 2424 (iux-gia>
665 2357 1022 2422 numquam
1094 2335 1336 2402 Thraso
1407 2356 1661 2402 sumere
1728 2357 2003 2401 ausurus
2062 2342 2229 2402 esset
2288 2340 2417 2403 nisi
2460 2347 2670 2404 morte

276 2446 603 2530 proposita
617 2464 634 2522 3
703 2463 857 2530 ergo
921 2441 1105 2508 velut
1149 2445 1379 2508 mortis
1425 2447 1799 2528 contemptu
1847 2464 2008 2528 opus
2055 2450 2151 2508 est
2198 2444 2274 2509 ad
2322 2443 2451 2510 tale
2497 2466 2672 2531 proe-

275 2550 466 2616 lium.
629 2550 769 2616 Hoc
831 2552 1074 2615 mirum
1136 2554 1203 2615 in
1273 2550 1543 2616 modum
1605 2550 1706 2615 IP
1770 2553 1860 2615 sic
1921 2553 2233 2617 variavit:
2302 2551 2399 2632 (2)
2467 2556 2674 2630 „mori

273 2678 384 2723 me
429 2678 480 2723 s.
527 2656 652 2735 e.'’,
703 2662 1035 2742 tamquam
1080 2655 1272 2722 aliter
1317 2656 1506 2722 miles
1551 2656 1857 2722 adversus
1896 2657 2237 2723 mulierem
2276 2658 2507 2724 audere
2546 2680 2673 2724 non

275 2769 526 2849 posset,
575 2762 681 2829 vel
728 2766 880 2849 quia
926 2761 1091 2828 nihil
1131 2761 1238 2828 vel
1276 2766 1430 2848 quia
1470 2768 1739 2828 amator.
1858 2761 2113 2828 Tertius
2153 2763 2385 2849 aliquis
2426 2764 2669 2831 denuo:

277 2868 377 2949 (3)
429 2890 562 2947 „m.
604 2890 692 2934 m.
731 2890 782 2935 s.
825 2868 925 2934 e.'’
979 2871 1162 2955 quasi
1206 2867 1318 2935 ille
1367 2869 1490 2934 sibi
1539 2869 1709 2934 dicat
1754 2868 1859 2934 vel
1904 2868 2249 2936 molestum
2299 2892 2434 2936 esee
2481 2877 2678 2936 certa-

281 2996 432 3041 men
471 2974 580 3040 vel
622 2978 892 3041 amicam
943 2996 1074 3040 non
1121 2996 1257 3041 esee
1303 2974 1702 3041 laedendam.
1844 2974 2059 3041 Etiam
2107 2976 2489 3043 mirabilius.

373 3081 537 3148 Ibid.
588 3080 629 3145 4
699 3080 884 3146 Thr.
935 3079 1110 3146 Male
1173 3080 1470 3147 mulcabo
1517 3084 1749 3167 ipsam.
1820 3079 1957 3148 Gn.
2008 3081 2307 3148 Pulchre.
2370 3082 2550 3149 Thr.
2602 3084 2673 3147 In

283 3187 574 3253 medium
621 3188 746 3252 huc
794 3208 1028 3274 agmen
1074 3208 1221 3252 cum
1270 3188 1477 3266 vecti,
1529 3184 1787 3253 Donaxl

375 3292 540 3358 Don.
603 3292 699 3374 (4)
762 3290 1058 3358 Ridicule
1122 3295 1278 3358 satis
1337 3299 1698 3359 armaturas
1747 3291 1921 3359 leves
1969 3316 2091 3359 non
2138 3299 2327 3380 putat
2374 3295 2677 3361 adversus

282 3398 594 3465 Thaidem
660 3397 918 3464 idoneas
989 3405 1054 3464 et
1121 3399 1265 3465 ideo
1332 3420 1607 3485 „agmen
1672 3421 1822 3465 cum
1879 3401 2092 3465 vecti''
2152 3399 2302 3466 vult
2346 3404 2563 3467 venire
2608 3406 2675 3468 in

351 3664 408 3726 1)
457 3659 726 3712 Adhibetur
775 3659 982 3709 formula
1021 3675 1159 3725 saepe
1203 3659 1260 3708 de
1308 3658 1453 3708 verbo
1498 3658 1729 3710 dicere.
1782 3660 1931 3709 Andr.
1966 3660 2045 3709 111
2079 3661 2301 3724 2220)
2350 3660 2555 3712 ‚Dicua”
2588 3679 2676 3729 pro

281 3746 464 3804 credas,
495 3759 591 3794 nou
627 3742 754 3794 enim
792 3742 994 3791 dicimus
1028 3742 1120 3791 nisi
1149 3742 1277 3805 quod
1311 3741 1575 3791 credimusz
1613 3741 1674 3791 ab
1711 3757 1766 3790 eo
1802 3758 1849 3807 q.
1886 3758 1923 3791 s.
1954 3742 1988 3792 i.
2018 3758 2066 3806 q.
2101 3758 2175 3809 pr.
2208 3745 2277 3805 (2)
2315 3744 2487 3809 Figura
2522 3746 2678 3805 μετά-

282 3825 479 3891 amnine
527 3842 554 3875 a
606 3824 952 3891 posterioribus
996 3829 1056 3873 ad
1099 3823 1281 3889 priora.
1329 3824 1466 3874 Idem
1503 3823 1616 3873 alibi
1650 3824 1817 3887 (immo
1854 3823 2074 3885 Plautua)
2111 3826 2363 3874 -audacter
2396 3826 2593 3886 dicito’',
2628 3833 2677 3878 et

281 3910 398 3959 alibi
444 3908 666 3970 (Phorm.
702 3906 782 3955 111
818 3908 866 3956 2.
887 3909 942 3967 8)
996 3936 1038 3956 0.
1059 3942 1072 3955 .
1095 3943 1140 3957 ..
1175 3906 1350 3965 dices”,
1397 3906 1446 3955 id
1494 3910 1566 3955 est
1611 3906 1792 3965 credes,
1834 3906 1969 3965 scies,
2002 3906 2192 3956 senties.
2242 3909 2331 3956 Ad.
2370 3909 2408 3955 V
2446 3912 2493 3957 8.
2514 3910 2577 3962 37
2597 3914 2679 3973 (2)

287 3990 524 4043 01)ieere''
570 3994 732 4040 autem
766 3988 927 4055 posuit
960 4004 1051 4055 pro
1085 3988 1366 4055 intellegere
1400 3992 1448 4037 et
1482 3990 1620 4048 scire,
1655 3988 1714 4037 ab
1750 4005 1805 4037 eo
1840 4005 1885 4053 q.
1922 4004 1959 4038 s.
2000 3988 2030 4037 i.
2068 4004 2113 4053 q.
2147 4005 2211 4054 p.,
2249 3992 2303 4038 ut
2337 3990 2552 4051 (Phorm.
2588 3993 2681 4055 m.)

283 4078 334 4123 et
381 4072 490 4135 (Ad.
524 4071 578 4120 11
613 4072 763 4130 243,
801 4070 880 4120 ubi
917 4070 1040 4119 nihil
1076 4072 1352 4132 adnotatur)
1395 4085 1683 4120 „memorem
1722 4086 1796 4119 me
1832 4068 2006 4119 dicee”.
2044 4070 2201 4120 Aliter
2235 4071 2293 4119 ad
2328 4071 2521 4121 Phorm.
2557 4075 2680 4139 prol.

285 4156 353 4205 20
371 4156 454 4219 (2)
491 4152 796 4205 „eertum”
831 4150 949 4201 ἀντὶ
985 4155 1078 4201 τοῦ
1119 4150 1500 4218 .Ρι·ονοοωεί”,
1544 4151 1603 4201 ab
1638 4166 1693 4201 eo
1734 4168 1780 4216 q,
1818 4168 1865 4217 p.
1899 4153 1931 4203 i.
1969 4169 2015 4217 q.
2052 4168 2091 4202 s.
2122 4153 2267 4217 Verg.
2300 4153 2350 4218 (Ι
2386 4154 2507 4220 548)
2551 4158 2681 4206 -Nec

282 4244 334 4289 te
368 4240 572 4286 certasse
606 4236 818 4301 priorem
852 4233 1145 4299 paeniteat·’.
1183 4234 1279 4284 Hic
1314 4250 1502 4300 quoque
1536 4234 1795 4285 formulam
1834 4235 2020 4285 Editori
2058 4236 2345 4285 reddendam
2382 4252 2495 4297 esse,
2530 4244 2682 4287 oeten-

281 4319 354 4369 dit
399 4318 590 4368 diversa
636 4316 764 4366 vocis
805 4316 1092 4366 ‚certasset”
1126 4316 1464 4383 interpretatio
1499 4316 1550 4366 in
1587 4316 1769 4365 acholio
1802 4318 1924 4366 Don.
1953 4319 2037 4379 (l).
2096 4318 2265 4367 Illisue
2294 4318 2411 4367 loeis
2442 4321 2679 4371 Donatum

281 4400 540 4453 audimus?
577 4400 688 4450 Non
725 4415 836 4449 eane
873 4398 932 4448 ad
969 4400 1118 4448 Andr.
1155 4400 1180 4448 1
1217 4400 1260 4448 1.
1299 4400 1468 4460 220),
1501 4415 1587 4448 nec
1623 4400 1682 4447 ad
1720 4398 1842 4448 Eun.
1878 4398 1927 4449 h.
1946 4399 1981 4449 1.
2017 4402 2067 4449 et
2101 4416 2209 4450 mox
2242 4398 2311 4450 1v
2348 4400 2495 4453 7.10.

353 4484 412 4550 8)
460 4481 696 4535 Fabia:
751 4480 965 4531 ..Attolle
999 4478 1235 4547 pallium”
1269 4480 1399 4530 C’eet
1432 4482 1478 4531 le
1510 4485 1641 4545 geste
1675 4482 1733 4530 de
1766 4480 1992 4532 l’homme
2024 4482 2109 4547 qui
2142 4498 2192 4532 se
2228 4483 2413 4549 dispone
2448 4485 2477 4533 a
2510 4486 2631 4550 agir.
