3246 5085
1218 312 1529 361 noun-us.
2436 297 2569 363 433

287 475 377 540 Ib.
443 474 526 541 16
567 476 665 557 (1)
728 476 870 542 Hoc
929 478 1266 562 utriusque
1330 498 1630 562 personae
1690 480 2020 557 convenit,
2086 478 2195 545 sed
2257 479 2491 546 melius
2520 502 2575 563 *a

205 582 360 668 Syro
429 590 494 647 et
563 582 832 648 facetius
901 582 1158 649 dicitur.
1298 582 1395 665 (2)
1465 582 1606 667 [Et]
1675 583 1937 669 quidam
2000 590 2213 650 totum
2274 606 2578 671 personae

205 686 602 774 Ctesiphonis
649 692 984 776 assignant
1028 690 1107 755 ab
1158 711 1359 776 usque
1403 690 1787 755 interdius’'.

289 792 458 862 Cum
528 795 778 861 Donato
847 796 945 877 (1)
1007 817 1177 862 nunc
1238 796 1484 862 faciunt
1543 799 1957 883 interpretes;
2022 806 2315 863 errarunt
2375 800 2583 885 igitur

209 900 550 987 „quidam”
615 904 752 967 sive
812 902 1063 968 Probus
1125 905 1262 969 sive
1326 903 1528 989 Asper
1589 903 1752 980 fuit,
1798 906 1913 989 qui
1957 906 2025 967 in
2072 904 2191 969 hac
2236 903 2457 971 fabula
2503 906 2583 970 de

207 1029 615 1095 personarum
665 1009 974 1074 divisione
1021 1012 1272 1095 saepius
1318 1011 1526 1095 egisse
1574 1010 1895 1075 videntur.

295 1114 381 1179 IV
431 1114 493 1180 2.
523 1112 609 1180 37
682 1114 1093 1193 „Sacellum”
1141 1122 1217 1181 ut
1263 1113 1460 1180 Varro
1505 1117 1631 1192 ait,
1680 1136 1915 1181 sacra
1961 1115 2181 1183 cella
2225 1128 2343 1184 est.

293 1221 457 1287 Ibid.
508 1220 594 1285 44
663 1222 1053 1307 Priusquam
1099 1221 1179 1287 ad
1226 1228 1476 1306 portam
1526 1224 1778 1300 venias,
1828 1222 1997 1308 apud
2044 1225 2261 1309 ipsum
2306 1224 2519 1291 lacum

296 1328 394 1407 (2)
433 1325 842 1394 credibiliter
873 1326 1122 1392 addidit
1162 1326 1484 1405 ‚,lacum’',
1515 1349 1666 1393 nam
1698 1325 1901 1393 Varro
1926 1327 2109 1394 docet
2131 1334 2207 1410 (r.
2234 1352 2285 1396 r.
2322 1329 2349 1394 Ι
2385 1328 2490 1396 13.
2521 1329 2588 1411 3)

206 1455 455 1521 semper
521 1432 739 1499 lacum
806 1435 1010 1519 portis
1078 1432 1372 1499 additum
1433 1431 1679 1499 scilicet
1749 1435 1829 1499 ob
1894 1454 2083 1499 usum
2148 1438 2589 1502 iumentorum

208 1542 583 1607 exeuntium
627 1546 691 1606 et
737 1542 1202 1606 introeuntium
1227 1588 1242 1617 ,
1294 1546 1359 1603 et
1395 1546 1755 1624 praeterea,
1798 1546 1871 1604 ut
1909 1540 2249 1607 adversum
2288 1540 2589 1608 hostilem

205 1650 420 1733 ignem
470 1649 673 1732 portis
719 1646 797 1711 de
845 1650 1138 1732 proximo
1187 1645 1657 1711 subveniretur.

295 1752 541 1818 Hocine
585 1752 748 1817 Don.
799 1774 877 1817 ex
923 1756 1064 1838 ipso
1105 1750 1418 1829 Varrone,
1460 1774 1578 1829 an,
1620 1760 1697 1817 ut
1734 1752 1834 1818 W.
1875 1759 2095 1838 putat,
2136 1774 2250 1840 per
2272 1752 2592 1841 Asprum?

291 1858 380 1923 IV
429 1858 609 1923 4.1Ο
683 1858 869 1935 „Non
917 1858 1145 1924 malim
1194 1857 1500 1943 quidem‘’
1549 1856 1665 1923 alii
1712 1858 1942 1926 volunt
1987 1859 2335 1927 Micionem
2384 1864 2592 1928 dicere

215 1964 484 2043 „malim
531 1964 860 2051 quidem'',
908 1964 1020 2030 alii
1065 1964 1395 2031 Demeam.

298 2071 636 2138 Dubitatio
682 2093 806 2136 uon
851 2074 1082 2157 inepta.
1133 2070 1556 2139 Certaruntne
1605 2072 1813 2138 denuo
1858 2072 2108 2137 Probus
2151 2081 2217 2138 et
2259 2069 2505 2160 Asper?

301 2178 466 2245 Ibid.
515 2177 602 2243 34
671 2177 768 2243 'I'u
815 2180 985 2243 inter
1029 2199 1134 2244 eas
1179 2180 1405 2244 restim
1453 2178 1777 2247 ductitans
1824 2177 2088 2245 saltabis

301 2286 402 2366 (l)
463 2284 674 2350 Lusus
735 2292 831 2350 est
892 2290 1078 2350 natus
1124 2284 1202 2351 ab
1253 2306 1326 2351 eo
1371 2284 1558 2363 fune,
1609 2306 1735 2370 quo
1780 2284 2187 2351 introductus
2234 2304 2435 2371 equus
2481 2284 2597 2350 du-

211 2395 344 2457 rius
394 2395 461 2457 in
507 2390 770 2457 Troiam
821 2397 949 2471 est,
999 2412 1146 2456 cum
1195 2394 1450 2457 conexis
1495 2394 1794 2457 manibus
1843 2392 1994 2457 fune
2040 2392 2306 2457 chorum
2353 2390 2599 2456 ducunt

209 2499 533 2566 saltantes.
687 2498 786 2580 (2)
849 2497 988 2564 Hoc
1047 2519 1082 2563 a
1147 2498 1532 2584 quibusdam
1593 2497 1851 2578 dicitur,
1914 2505 1981 2564 at
2027 2520 2147 2586 ego
2195 2503 2352 2585 puto
2398 2519 2597 2563 manu

210 2613 526 2674 consertas
586 2626 934 2691 puerorum
996 2606 1218 2671 choras
1281 2604 1778 2691 puellarumque
1824 2589 2151 2671 cantantes
2198 2611 2435 2671 restem
2485 2605 2597 2670 du-

208 2735 344 2779 cere
408 2714 768 2778 existimari
812 2719 878 2777 et
921 2712 988 2777 id
1035 2715 1316 2778 maxime
1361 2713 1698 2776 convenire
1744 2711 1822 2776 ad
1870 2711 2317 2798 exagitandam
2361 2714 2599 2799 impor-

209 2823 558 2886 tunitatem
603 2821 772 2884 senis
821 2817 1030 2884 veluti
1073 2839 1304 2905 pueros
1347 2820 1689 2883 imitantis.

299 2923 512 2992 Sebol.
577 2925 676 3006 (1)
735 2925 968 2990 referre
1034 2929 1242 3013 potest
1292 2927 1738 2990 testimonium
1786 2922 2087 2989 Varronis
2134 2944 2248 3010 per
2293 2925 2597 3009 Asprum.

214 3031 376 3098 Don.
437 3034 504 3096 in
568 3029 664 3112 (2)
723 3029 868 3096 ideo
930 3030 1198 3096 discedit
1258 3031 1338 3097 ad
1381 3029 1492 3096 illa
1538 3030 1933 3097 derivatione
1981 3032 2133 3116 quia
2178 3051 2301 3095 non
2350 3031 2602 3096 homi·

215 3159 406 3204 num
451 3158 691 3225 equum
737 3136 1035 3224 ligneum
1082 3139 1518 3215 trabentium,
1567 3138 1679 3202 sed
1727 3158 2074 3224 puerorum
2120 3142 2185 3202 et
2229 3135 2598 3222 puellarum

212 3244 395 3311 lusus
439 3247 506 3308 in
553 3244 671 3309 hac
717 3245 1186 3328 comparatione
1233 3245 1474 3329 requiri
1523 3243 1836 3308 videat-ur.

303 3351 480 3433 Quae
543 3356 762 3415 autem
825 3357 1183 3436 sequuntur
1242 3353 1311 3414 in
1373 3349 1552 3430 (2),
1550 3348 1775 3426 ,simul
1834 3351 2032 3416 etiam
2096 3349 2289 3435 quia”
2347 3349 2602 3416 Editori

213 3456 626 3543 relinquenda
673 3477 808 3521 esse
855 3477 1096 3522 censeo.

303 3563 360 3628 V
413 3561 590 3628 3.19
663 3559 924 3627 Facete!
975 3562 1164 3628 Nunc
1211 3561 1476 3628 demum
1523 3565 1721 3628 istaec
1769 3565 1971 3628 oratio
2019 3568 2169 3628 nata
2215 3569 2313 3628 est

307 3669 444 3736 Alii
491 3673 707 3734 totum
751 3669 1072 3753 iungunt,
1119 3666 1233 3733 alii
1279 3677 1640 3755 separant,
1638 3667 1927 3746 ,’fifacete

305 3774 362 3839 V
410 3772 472 3840 7.
502 3774 543 3839 6
590 3773 687 3855 (2)
752 3773 1210 3859 Hymenaeum
1257 3775 1519 3859 quidam
1565 3773 1783 3839 Liberi
1829 3795 1901 3839 ac
1947 3772 2211 3838 Veneris
2258 3773 2465 3839 filium
2512 3774 2603 3838 di-

217 3887 372 3945 cunt
441 3901 612 3955 esse,
685 3881 800 3964 qui
869 3881 1120 3965 primus
1185 3887 1388 3946 certas
1449 3883 1710 3965 nuptias
1769 3881 2156 3957 instituerit3
2224 3877 2337 3944 alii
2384 3881 2601 3945 virum

217 3987 450 4053 fortem
511 3986 807 4051 Atticum
867 3984 1090 4051 dicunt
1149 3988 1378 4065 fuisse,
1430 3988 1542 4071 qui
1587 3991 1803 4071 raptas
1850 3985 2268 4070 praedonibus
2314 3989 2603 4072 virgines

219 4095 538 4178 oppressis
597 4092 958 4157 latronibus
1017 4095 1291 4158 intactas
1354 4094 1596 4178 patriae
1661 4093 2052 4170 restituerit,
2116 4089 2228 4156 alii
2273 4091 2441 4176 quod
2488 4092 2606 4178 hy-

219 4221 366 4265 men
407 4199 658 4264 dicatur
697 4198 1070 4265 membrana
1109 4198 1460 4285 quaedam,
1501 4218 1629 4283 qua
1668 4204 1765 4264 est
1803 4199 2057 4262 munita
2096 4198 2440 4284 virginitas
2467 4246 2481 4262 .
2504 4245 2519 4262 .
2542 4246 2557 4263 .

310 4305 448 4370 Hae
519 4304 809 4391 aliaeque
878 4295 1130 4372 fabulae
1200 4305 1279 4370 de
1349 4293 1731 4390 Hymenaeo
1798 4303 2110 4391 leguntur
2176 4305 2372 4368 etiam
2434 4305 2606 4389 apud

221 4411 397 4478 Serv.
449 4411 528 4476 ad
577 4412 734 4476 Aen.
779 4410 812 4476 I
860 4409 1014 4489 651,
1074 4411 1233 4477 Dan.
1285 4409 1372 4476 IV
1421 4409 1506 4476 99
1556 4417 1621 4476 et
1673 4407 1824 4488 127,
1874 4417 1940 4474 et
1986 4408 2065 4474 ad
2111 4408 2246 4474 Ecl.
2296 4408 2448 4474 VIII
2496 4409 2604 4476 30.

2252 4530 2315 4582 28
2588 4524 2595 4530 ’
