3246 5085
1291 326 1604 377 nonnus.
2503 310 2633 379 427

339 494 401 560 Π
449 494 513 559 2.
544 495 577 559 1
652 492 869 582 Homo
915 493 1163 559 homini
1210 493 1364 579 quid
1411 490 1734 578 praestat?
1781 492 1999 559 Stulte
2047 492 2429 581 intellegens
2479 495 2633 580 quid

239 598 549 666 interest?

332 706 430 789 (5)
496 706 627 771 Alii
688 706 1136 792 distinguunt:
1190 707 1389 792 „quid
1436 712 1717 792 praestat
1766 706 1971 773 stulto
2018 705 2473 794 intellegens’'‚
2522 708 2634 774 alii

240 811 487 892 „stulto
549 811 932 899 intellegens
979 812 1136 898 quid
1180 815 1446 878 interest
1464 810 1530 877 ‘2”
1582 815 1734 897 quia
1779 816 1868 877 sic
1915 819 2162 880 veteres
2207 811 2632 899 loquebantur

234 918 403 1001 (scil.
453 923 720 984 interest
768 941 915 985 cum
954 921 1355 985 nominativo
1396 923 1461 984 et
1501 918 1770 1001 dativo).
1862 919 2184 985 Posterior
2223 940 2420 1005 eaque
2457 923 2628 987 iusta

233 1026 566 1091 distinctio
629 1025 795 1091 redit
857 1026 1123 1091 fortasse
1177 1025 1251 1091 ad
1303 1027 1612 1090 Probum.
1664 1024 1988 1103 Donatus,
2039 1034 2113 1091 ut
2159 1025 2356 1103 solet,
2406 1028 2628 1112 proba·

232 1133 344 1197 bat
406 1135 684 1217 priorem
747 1131 1165 1211 divisionem,
1216 1132 1363 1197 hinc
1412 1132 1491 1196 ad
1541 1153 1636 1197 vs.
1685 1131 1728 1197 2
1781 1131 1990 1211 „Quid
2035 1130 2386 1198 interest?”
2437 1133 2626 1200 adno-

236 1241 437 1305 tavit:
488 1238 628 1304 Hoc
675 1238 1050 1305 admirantis
1098 1235 1288 1324 (est)
1342 1244 1407 1304 et
1451 1237 1595 1304 ideo
1645 1240 1736 1303 sic
1784 1226 2382 1325 pronuntiandum.'

328 1344 391 1410 11
438 1345 501 1411 2.
530 1344 617 1411 25
641 1344 740 1426 (2)
804 1342 1307 1430 „Cuppedinarii
1370 1344 1633 1410 omnes''
1685 1343 1882 1409 Varro
1929 1344 2358 1410 humanarum
2408 1366 2624 1411 rerum

238 1452 671 1531 „Numer-ius,
712 1452 1047 1537 Equitius,
1089 1447 1380 1537 Cuppes,
1429 1452 1678 1536 inquit,
1727 1458 1794 1516 et
1837 1449 2097 1516 Manius
2145 1450 2457 1517 Macellus
2505 1454 2629 1516 sin·

230 1558 451 1647 gulari
511 1557 845 1625 latrocinio
906 1556 1115 1624 multa
1176 1554 1329 1623 loca‘
1362 1557 1725 1623 habuerunt
1768 1557 2042 1623 infesta''
2093 1578 2146 1623 e.
2174 1578 2232 1642 q.
2260 1578 2308 1622 s.
2360 1557 2620 1644 (fragm.

322 1770 385 1852 Π
432 1769 493 1837 3.
521 1770 606 1836 21
640 1770 737 1853 (6)
799 1768 925 1836 Sed
977 1768 1211 1835 melius
1255 1768 1521 1856 legunt,
1571 1772 1682 1855 qui
1729 1769 1848 1835 hoc
1897 1775 2110 1836 totum
2157 1770 2237 1835 ad
2286 1791 2622 1856 personam

228 1876 555 1964 applicant
616 1876 951 1945 Chaereae.
1044 1875 1116 1941 Si
1176 1877 1296 1941 hoc
1356 1897 1609 1962 quoque
1659 1875 1738 1941 ad
1786 1876 2069 1942 Probum
2117 1878 2399 1963 Asprum
2447 1899 2624 1944 revo-

230 1986 508 2051 candum
569 1992 703 2063 est,
766 1990 1038 2070 egerunt
1084 1985 1281 2047 etiam
1330 1982 1407 2047 de
1455 2002 1868 2067 personarum
1917 1981 2251 2048 divisione.
2315 1981 2617 2050 Ceterum

228 2091 308 2156 de
349 2091 451 2157 his
486 2089 747 2156 scholiis
784 2088 932 2156 vide
967 2110 1159 2174 supra
1194 2090 1262 2153 in
1302 2092 1509 2174 capite
1550 2088 1627 2153 de
1665 2088 2270 2173 interpolationibus
2296 2089 2614 2155 Eunuchi.

324 2196 418 2262 111
463 2197 524 2262 2.
554 2196 593 2261 5
658 2196 839 2261 Thr.
890 2194 941 2261 Ο
988 2194 1183 2260 Thais
1230 2216 1373 2259 mea
1422 2242 1437 2259 .
1466 2244 1481 2261 .
1512 2243 1526 2259 .
1577 2195 1804 2280 ecquid
1855 2216 1968 2261 nos
2014 2216 2191 2261 amas
2239 2196 2315 2261 de
2360 2196 2616 2261 fidicina

663 2302 796 2367 Th.
845 2301 1220 2369 Plurimum
1265 2304 1499 2367 merito
1546 2308 1659 2367 tuo
2387 2300 2618 2386 [istac?

322 2410 613 2476 Donatus
659 2430 789 2475 uno
837 2416 1054 2475 tenore
1098 2410 1253 2474 haec
1302 2408 1670 2475 adnotavit:

322 2516 403 2598 (l)
452 2515 679 2582 Facete
725 2518 1034 2583 meretrix
1082 2536 1364 2582 amorem
1413 2536 1604 2582 suum
1651 2538 1778 2582 non
1825 2517 1904 2583 ad
1951 2520 2292 2584 avaritiam
2339 2515 2616 2596 rettulit,

224 2622 339 2690 sed
400 2623 480 2688 ad
541 2622 859 2702 officium,
924 2628 987 2687 et
1033 2644 1181 2688 cum
1230 2623 1349 2700 „de
1396 2621 1718 2702 fidicina’',
1765 2626 2010 2710 inquit,
2063 2632 2125 2690 te
2172 2645 2384 2690 amem
2430 2629 2615 2706 (corr.

224 2750 371 2795 amo
390 2726 443 2810 ?)
506 2735 647 2794 tum
702 2731 1038 2815 praecipue
1088 2730 1363 2806 „merito
1414 2728 1592 2794 tuo’'.
1642 2729 1738 2811 (2)
1788 2728 1923 2794 Alii
1968 2733 2059 2795 sie
2102 2730 2478 2816 respondere
2522 2732 2617 2794 in-

223 2834 583 2922 tellegunt,
633 2842 709 2900 ut
752 2837 893 2920 ipsa
938 2835 1015 2900 de
1062 2833 1315 2900 fidicina
1351 2838 1595 2921 gratias
1634 2843 1821 2921 agat:
1864 2856 2013 2901 nam
2053 2857 2204 2902 cum
2242 2834 2356 2901 ille
2382 2835 2614 2902 dixerit

230 2941 501 3027 „ecquid
562 2963 675 3006 nos
737 2961 915 3014 amas
932 2939 1001 3004 ?”
1066 2939 1183 3005 illa
1244 2939 1570 3024 respondit
1636 2939 2106 3026 „plurimum’',
2171 2941 2339 3027 quod
2386 2947 2607 3008 autem

228 3039 352 3125 „de
395 3046 689 3113 fidicina’'
737 3047 903 3112 dixit
947 3046 1094 3124 ille,
1142 3047 1297 3111 haec
1343 3046 1617 3112 subiecit
1667 3049 1942 3124 „merito
1993 3047 2173 3125 tuo'',
2221 3046 2287 3111 id
2327 3052 2427 3112 est
2461 3067 2612 3133 quo·

224 3157 404 3220 niam
466 3156 730 3220 mereris
790 3153 993 3218 dando
1041 3174 1203 3219 eam.
1277 3151 1373 3234 (3)
1420 3152 1544 3218 Sed
1593 3152 1827 3219 melius
1874 3159 2006 3231 est,
2058 3160 2133 3219 ut
2178 3159 2427 3239 praeter
2473 3173 2612 3217 mu-

221 3281 345 3326 nus
386 3259 619 3326 dixerit
660 3263 1003 3338 meritum3
1048 3279 1440 3345 quamquam
1478 3258 1676 3324 multi
1719 3262 2114 3325 meritum
2152 3280 2391 3324 munus
2429 3257 2613 3324 intel·

220 3366 454 3453 legunt
520 3368 770 3452 ipsum,
853 3370 929 3430 ut
997 3371 1095 3431 est
1168 3367 1450 3450 „quique
1522 3368 1626 3430 sui
1697 3387 2017 3432 memores
2089 3365 2339 3452 aliquos
2409 3365 2612 3431 fecere

223 3471 569 3537 merendo”
610 3473 793 3551 (Aen.
837 3471 921 3536 VI
963 3470 1145 3552 664),
1187 3469 1253 3535 id
1299 3478 1395 3535 est
1434 3477 1658 3558 gratos
1697 3472 1820 3537 sibi
1847 3472 2173 3538 reddidere
2197 3471 2609 3538 munerando.

317 3577 557 3656 „Alii'',
623 3576 927 3655 ,‚multi”‚
989 3580 1057 3642 in
1120 3577 1221 3642 his
1278 3576 1505 3662 procul
1554 3577 1747 3643 dubio
1801 3580 2001 3664 Asper
2051 3579 2210 3655 fuit,
2261 3581 2364 3642 cui
2411 3576 2613 3643 altera

220 3687 439 3769 opinio
487 3684 801 3749 reddenda
849 3685 973 3748 erit
1017 3704 1130 3748 nec
1178 3706 1301 3748 non
1349 3705 1509 3768 quae
1548 3684 1792 3770 legitur
1828 3687 1894 3749 in
1936 3685 2031 3767 (3)
2071 3687 2420 3770 posteriore
2459 3704 2610 3748 cum

219 3791 517 3876 exemplo
582 3788 971 3877 Vergiliano.
1034 3789 1176 3875 Ego
1238 3811 1387 3854 cum
1435 3789 1689 3856 Fabia
1736 3790 1969 3855 Donati
2013 3792 2606 3876 interpretationem

222 3898 526 3984 praefero.
590 3897 1170 3983 Eugraphius:
1236 3897 1471 3960 Astuta
1532 3899 1873 3975 meretrix,
1936 3917 2014 3962 ne
2062 3899 2348 3962 muneris
2393 3898 2606 3982 gratia

220 4004 458 4070 diceret
504 4025 571 4069 se
616 4024 831 4072 amare
869 4002 1185 4081 militem,
1226 4002 1587 4087 respondit:
1641 4024 1826 4080 „amo
1867 4009 1962 4081 te,
2004 4002 2114 4068 sed
2152 4004 2384 4068 merito
2425 4002 2604 4067 tuo''.

218 4109 336 4176 Ille
398 4113 707 4176 astutiam
768 4112 835 4174 in
898 4131 972 4176 eo
1035 4112 1311 4194 positam
1375 4111 1658 4190 censuit,
1722 4110 1972 4195 opinor,
2022 4109 2190 4194 quod
2238 4107 2603 4174 dissimulat

215 4218 582 4284 avaritiam.

308 4321 397 4388 lv
443 4322 505 4387 2.
536 4321 575 4386 9
644 4320 783 4388 Soli
827 4324 963 4387 sine
1006 4320 1123 4387 illa

304 4429 403 4513 (4)
464 4427 633 4496 Sunt
696 4439 915 4496 autem
976 4430 1089 4514 qui
1134 4426 1306 4494 idem
1354 4433 1586 4514 putent
1633 4448 1767 4494 esse
1818 4427 2022 4506 „soli”
2073 4431 2251 4508 „sine
2293 4427 2474 4508 illa’',
2524 4436 2600 4496 ut
