3246 5085
723 1133 867 1226 DE
919 1135 1476 1227 ΟΟΜΜΕΝΤΙ
1516 1137 2141 1366 ΕΊῼΙὲὲῖἑιῗΙΙὲΙΙ-ῐὶ
2186 1089 2971 1230 COMPOSITIONE

1723 1511 1974 1553 sempsrr

1445 1677 1531 1742 H.
1597 1677 1671 1744 Τ.
1733 1677 2243 1745 KARSTEN.

1338 1845 1813 1924 (Continuantur
1875 1869 1947 1910 ex
1996 1870 2145 1929 paq.
2208 1845 2343 1928 44).

1672 2146 1990 2189 ..ἤ-...-

731 2401 896 2468 Ibid.
945 2401 1052 2468 29.
1111 2400 1230 2468 Ille
1272 2403 1388 2468 ubi
1434 2405 1632 2470 miser
1678 2402 2011 2470 famelicus
2061 2403 2237 2470 videt
2284 2407 2378 2470 mi
2422 2425 2561 2470 esse
2612 2408 2869 2469 tantum
2918 2403 3042 2470 ho-

641 2530 865 2575 norem

729 2614 828 2695 (1)
866 2614 992 2679 Hic
1031 2613 1342 2693 ostendit,
1383 2635 1545 2701 quae
1583 2637 1683 2682 res
1723 2619 2005 2703 coegerit
2044 2616 2122 2682 ad
2151 2616 2547 2695 discendum,
2594 2615 2693 2695 (2)
2730 2622 2797 2682 et
2820 2616 3037 2683 simul

641 2719 790 2785 vide
851 2719 1201 2785 seeundum
1262 2718 1452 2807 vulgi
1513 2723 1877 2806 opinionem
1938 2719 2117 2807 loqui
2176 2724 2567 2808 parasitum:
2620 2724 3033 2800 „miserum”

640 2830 704 2890 et
753 2826 1230 2905 ‚,famelioum'',
1278 2827 1606 2892 hominem
1650 2828 1933 2892 honestis
1976 2828 2263 2892 moribus
2308 2826 2690 2911 praeditum.

729 2932 1094 3018 Utrumque
1151 2932 1484 2998 damnavit
1542 2932 1800 3010 Sabb„
1863 2936 2113 2998 merito.
2186 2932 2537 2999 Adnotavit
2596 2934 2750 2999 haee
2796 2931 3038 3001 Editor

638 3040 875 3124 partim
913 3038 994 3103 ad
1033 3036 1403 3123 exemplum
1447 3036 1682 3103 Donati
1723 3038 1854 3120 (3):
1896 3037 2053 3103 Vide
2090 3044 2167 3103 ut
2204 3040 2587 3104 sententiose
2626 3038 3035 3105 demonstret

637 3143 840 3209 malos
886 3164 966 3209 ex
1012 3145 1192 3210 bonis
1239 3145 1621 3229 contagione
1660 3143 1831 3221 fieri,
1879 3142 2193 3230 exemplis
2231 3146 2299 3208 in
2338 3164 2613 3230 pravum
2652 3144 3035 3230 praevalen-

638 3252 843 3316 tibus:
893 3250 1154 3327 „videt”
1195 3251 1358 3315 mihi
1399 3251 1520 3316 hoc
1559 3250 1858 3335 prodesse
1898 3255 1963 3316 et
2002 3250 2239 3317 discere
2281 3256 2495 3336 optat,
2535 3251 2706 3336 quod
2744 3252 3035 3338 negabat

637 3375 705 3420 se
750 3375 952 3441 posse.
1135 3354 1345 3420 Schol.
1394 3354 1489 3435 (5)
1533 3354 1766 3420 Sabb.
1815 3357 2055 3421 iniuria
2096 3355 2349 3421 Donato
2394 3356 2734 3422 subtraxit.

726 3459 887 3526 Ibid.
939 3457 1026 3524 30
1084 3459 1184 3525 Ibi
1230 3460 1426 3526 homo
1473 3462 1685 3547 eoepit
1731 3481 1834 3526 me
1881 3461 2240 3527 obseeorare

725 3564 888 3632 Don.
936 3565 1033 3647 (3)
1080 3564 1248 3631 Mire
1295 3565 1540 3631 addidit
1587 3566 1869 3643 „homo”
1904 3566 1973 3648 ¹).
2108 3565 2209 3631 IP
2243 3566 2363 3632 hoc
2400 3569 2701 3653 opponit:
2744 3566 2840 3649 (4)
2880 3568 3027 3634 Aut

633 3672 925 3739 additum
987 3692 1383 3758 supervacuo
1449 3672 1725 3749 „homo”
1787 3678 1865 3737 ut
1929 3672 2162 3750 „donat
2222 3672 2451 3737 habere
2513 3675 2653 3737 viro
2714 3672 2903 3737 decus
2956 3678 3028 3739 et

632 3785 925 3845 tutamen
969 3781 1038 3843 in
1081 3777 1318 3844 armis’'
1367 3777 1587 3864 (Verg.
1639 3778 1693 3841 V
1741 3777 1923 3858 262).
2106 3778 2485 3843 Observatio
2529 3783 2597 3843 et
2640 3777 3023 3865 exemplum

632 3905 830 3971 aeque
877 3884 1178 3970 insipida.
2714 3882 2814 3948 ⁸8.
2864 3906 2919 3949 o.

721 3990 881 4056 Ibid.
941 3988 1026 4055 37
1098 3990 1225 4056 Sed
1285 3991 1752 4056 Parmenonem
1811 3996 1958 4055 ante
2019 3992 2261 4055 ostium
2322 3990 2427 4054 hio
2489 3996 2695 4054 astare
2758 3991 3024 4056 tristem

629 4096 852 4173 video,
899 4094 1122 4160 rivalis
1168 4116 1456 4174 servom3
1507 4096 1690 4162 salva
1735 4117 1835 4161 res
1882 4101 2000 4162 est.

695 4371 750 4435 1)
796 4372 1002 4421 Attende
1045 4370 1313 4434 frequentes
1359 4368 1631 4419 huiusmodi
1677 4368 1980 4419 brevissima·
2022 4366 2131 4418 Aeli
2165 4368 2510 4428 adnotationes,
2550 4367 2784 4419 lectorum
2818 4367 3022 4434 ingenio

625 4454 837 4518 cogitare
871 4452 1186 4517 relinquenti·
1218 4467 1305 4500 our
1339 4450 1428 4500 hoo
1461 4451 1673 4501 adnotet.
