3246 5085
649 304 784 370 208
1689 321 2003 372 nolumus.

740 489 899 555 Ibid.
950 487 1035 556 97
1098 486 1338 554 Verum
1385 509 1465 554 ne
1511 493 1659 574 post
1704 488 1989 554 conferas
2034 487 2289 575 culpam
2336 492 2405 555 in
2454 512 2561 556 me

739 596 901 664 Don.
966 594 1062 676 (3)
1125 593 1318 661 Deest
1367 594 1627 672 ‚,vide’'.
1813 594 2049 663 Contra
2096 579 2244 661 eum
2289 593 2389 660 IP
2437 595 2531 678 (4)
2578 599 2635 662 si
2683 597 2845 674 „ne”
2894 620 3043 685 pro-

645 703 927 768 hibentis
988 707 1115 780 est,
1180 700 1346 766 nihil
1393 701 1606 780 deest,
1658 703 1715 767 si
1761 703 2274 787 percunctantis,
2322 703 2521 783 item;
2570 705 2671 768 sin
2722 703 2885 782 „ne”
2938 726 3045 771 ne

650 810 909 887 forte,
957 808 1135 874 deest
1183 810 1400 873 timeo·
2642 884 2653 896 ,
2697 807 2763 874 S.
2811 831 2867 876 c.
2900 809 2949 891 ¹)

736 1023 830 1089 III
881 1022 939 1089 1.
970 1023 1010 1088 6
1074 1022 1161 1088 Ut
1207 1027 1396 1109 grata
1442 1022 1605 1087 mihi
1654 1025 1806 1086 sunt
1851 1042 2013 1107 quae
2058 1021 2221 1088 facio
2268 1024 2483 1087 omnia

737 1132 833 1211 (l)
895 1128 1132 1195 Gratas
1177 1129 1362 1194 nobis
1409 1133 1522 1193 aut
1567 1149 1667 1193 res
1715 1133 1828 1193 aut
1877 1148 2178 1214 personae
2223 1133 2395 1193 sunt.
2536 1126 2897 1213 Insipidum
2946 1136 3051 1195 est

649 1236 817 1323 quod
863 1235 1157 1302 additur:
1209 1234 1319 1300 sed
1363 1256 1533 1300 nunc
1581 1254 1682 1299 res
1723 1233 1899 1298 dicit.

737 1341 899 1408 Ibid.
952 1341 1029 1407 11
1059 1339 1154 1424 (2)
1203 1339 1507 1418 „Habes”
1556 1338 1909 1426 intelligis,
1960 1339 2131 1424 quod
2176 1342 2350 1405 enim
2402 1346 2693 1406 tenemus
2741 1362 3047 1428 corpore,

646 1450 955 1515 habemus
1003 1467 1287 1542 quoque;
1336 1449 1494 1512 item
1545 1449 1761 1512 animo
1812 1446 1979 1533 quod
2028 1446 2376 1524 habemus,
2426 1445 2885 1534 intelligimus.

645 1556 740 1637 (3)
807 1554 1108 1634 „Habes”
1170 1575 1284 1640 pro
1347 1552 1700 1638 intelligis;
1766 1555 1855 1618 sic
1918 1552 2156 1618 dicitur
2222 1552 2519 1638 „accipe”
2568 1559 2633 1618 et
2682 1553 2873 1632 „da”.

644 1663 740 1743 (4)
789 1660 1091 1740 „Habes”
1140 1659 1207 1724 id
1255 1665 1351 1726 est
1405 1659 1599 1737 dicis,
1665 1665 1741 1724 ut
1786 1657 2133 1725 Sallustius
2183 1656 2632 1738 „Tartessum‚
2684 1660 3045 1748 Hispaniae

645 1772 1015 1847 civitatem,
1066 1787 1258 1853 quam
1307 1773 1476 1831 nunc
1520 1765 1706 1852 'I'yrii
1743 1771 1997 1831 mutato
2034 1769 2292 1831 nomine
2330 1763 2692 1832 Gaddirum
2731 1768 3042 1833 habent.”

735 1875 831 1956 (3)
891 1881 988 1940 est
1049 1873 1314 1952 Donati3
1382 1873 1502 1937 hoc
1560 1872 1658 1937 IP
1720 1871 2063 1958 ampliavit
2115 1871 2511 1939 claudicante
2540 1877 3041 1959 ,comparatione

645 1986 714 2048 in
759 1981 874 2064 (2).
926 1979 1093 2048 Cum
1140 1979 1236 2062 (4)
1284 1999 1579 2065 compara
1628 1978 1912 2044 Nonium
1955 1977 2258 2044 318.11:
2297 1979 2605 2045 habere
2649 1980 2885 2058 dicere,
2922 1981 3045 2046 ubi

646 2093 883 2156 citatur
930 2089 1036 2155 hic
1082 2087 1262 2153 locus
1310 2084 1592 2152 Terentii
1640 2086 1795 2166 (vid.
1853 2085 1951 2151 W.
2000 2088 2065 2151 in
2114 2092 2288 2173 app.)
2336 2107 2535 2171 aeque
2580 2084 2740 2152 falso
2785 2107 2855 2152 ac
2901 2086 3045 2152 Sal-

646 2197 828 2262 lustii
888 2192 1282 2279 exemplum.
1352 2192 1691 2259 Habemus
1742 2195 1952 2278 igitur
1997 2199 2246 2278 praeter
2292 2192 2455 2257 Don.
2505 2197 2569 2258 et
2617 2192 2719 2257 IP
2764 2194 3039 2258 tertium

646 2306 1036 2390 magistrum
1083 2322 1231 2366 cum
1281 2299 1576 2385 exemplo
1626 2297 2025 2365 scholastico·

648 2471 660 2481 ,
736 2409 895 2474 Ibid.
951 2407 1032 2473 13
1102 2404 1369 2474 Credere
1419 2427 1677 2471 omnem
1726 2407 2080 2470 exercitum
2127 2403 2410 2470 consilia.
2444 2454 2457 2469 .
2488 2453 2503 2468 .
2532 2453 2548 2470 .
2610 2404 2780 2470 Tum
2828 2403 3042 2471 sicubi

645 2537 794 2583 eum
842 2518 1104 2581 satietas
1152 2515 1493 2580 hominum
1541 2518 1657 2579 aut
1704 2514 1923 2600 negoti
1970 2513 2026 2577 si
2076 2511 2327 2598 quando
2375 2511 2595 2578 odium
2644 2518 2897 2599 ceperat

737 2623 834 2703 (1)
883 2620 1248 2700 „Consilia”
1298 2618 1578 2695 αὔξησις.
1697 2619 1923 2685 Editor
1962 2618 2211 2684 addidit
2248 2620 2484 2685 otiose:
2526 2618 2676 2704 plus
2716 2625 2813 2685 est
2852 2640 3037 2695 „con-

647 2728 834 2795 silia”
899 2748 1094 2815 quam
1157 2732 1332 2792 totus
1393 2728 1711 2792 exercitus
1774 2726 1877 2805 (cf.
1934 2725 2186 2808 12(1)).
2350 2726 2447 2806 (4)
2508 2724 2689 2811 Reip.
2740 2728 3037 2811 princeps

647 2837 804 2902 duas
872 2856 972 2901 res
1035 2836 1314 2920 patitur:
1382 2833 1675 2899 homines
1723 2839 1787 2898 et
1834 2835 2125 2919 negotia,
2178 2852 2477 2918 personas
2520 2840 2587 2897 et
2632 2854 2753 2899 res.
2894 2832 3039 2898 Hoc

646 2964 896 3029 quoque
956 2942 1130 3008 idem
1193 2938 1633 3026 philosophice
1694 2941 2062 3005 exornavit:
2127 2938 2223 3021 (5)
2286 2939 2555 3025 Proprie
2615 2946 2679 3004 et
2742 2939 3041 3005 decenter

651 3050 1031 3127 „hominum
1093 3046 1396 3113 satietas”
1466 3048 1731 3133 „negoti
1792 3044 2094 3124 odium'';
2137 3066 2262 3110 non
2311 3047 2486 3109 enim
2534 3066 2647 3130 par
2696 3052 2832 3111 erat
2874 3050 3035 3131 reip.

647 3158 996 3240 principem
1047 3155 1388 3219 hominum
1435 3152 1579 3219 odio
1615 3152 1924 3218 laborare.
2063 3151 2159 3217 De
2198 3148 2679 3218 odio=taedio
2720 3153 2796 3218 cf.
2839 3151 3037 3217 Fabia

647 3261 724 3327 ad
769 3260 835 3326 h.
862 3258 906 3325 1.
955 3268 1020 3327 et
1063 3260 1231 3325 infra
1281 3259 1332 3324 V
1382 3258 1442 3325 5.
1472 3257 1512 3324 3
1561 3259 1678 3340 (5).

735 3367 898 3432 Ibid.
956 3365 1036 3431 18
1103 3366 1386 3451 „Regem
1437 3364 1803 3451 elegantem
1849 3362 2109 3430 narras'’
2158 3366 2271 3449 qui
2318 3364 2648 3451 eligere
2694 3366 2875 3431 sciat.

646 3474 750 3540 Sic
811 3472 996 3550 Don„
1061 3473 1140 3539 cf.
1205 3472 1298 3537 III
1350 3471 1452 3537 14.
1486 3470 1568 3537 18
1636 3477 2001 3557 „spectator
2062 3470 2359 3557 elegans”
2422 3476 2519 3537 est
2565 3474 2923 3537 cunctantis
2968 3478 3033 3539 et

647 3580 958 3647 fastidiosi
1017 3579 1262 3659 iudicii,
1315 3580 1516 3660 (cui)
1569 3600 1695 3643 non
1744 3577 1898 3663 quid
1948 3576 2156 3663 placet
2204 3577 2410 3643 facile.
2573 3577 2674 3643 IP
2722 3580 2878 3643 satis
2924 3578 3031 3643 ab·

645 3688 833 3755 surde
879 3686 1246 3753 subiunxit:
1297 3694 1411 3751 aut
1458 3688 1570 3771 qui
1615 3688 1753 3771 ipse
1802 3688 1888 3751 sit
1934 3684 2291 3772 eligendus,

653 3856 665 3867 ,
735 3794 892 3860 Ibid.
943 3792 1032 3859 22
1103 3792 1208 3858 Illi
1255 3792 1538 3857 invidere
1588 3795 1855 3869 misere,
1906 3812 2135 3858 verum
2185 3813 2351 3857 unus
2402 3796 2612 3859 tamen
2652 3794 2941 3879 impense

735 3901 894 3967 Don.
959 3899 1322 3987 longiorem
1381 3898 1857 3965 adnotationem
1925 3896 2021 3979 (8)
2094 3900 2181 3963 sic
2251 3896 2499 3964 finivit:
2574 3946 2589 3963 .
2618 3946 2633 3963 .
2665 3946 2680 3962 .
2751 3904 2817 3965 et
2881 3920 3031 3965 cum

648 4006 964 4085 „misere”
1028 4013 1092 4072 et
1155 4007 1526 4092 „impense”
1587 4004 1762 4071 idem
1826 4004 2189 4091 significent
2252 4003 2415 4085 (scil.
2466 4005 2587 4071 hoc
2632 4004 2822 4086 loco),
2878 4026 3027 4071 mox

645 4122 858 4179 tamen
905 4115 1041 4179 sine
1089 4112 1225 4178 ullo
1270 4120 1468 4178 auctu
1513 4112 1761 4178 addidit
1808 4133 2080 4189 „verum
2126 4132 2295 4177 unus
2343 4117 2557 4177 tamen
2605 4112 2959 4196 impense”.

645 4220 896 4305 Nempe
953 4219 1072 4285 hoc
1133 4218 1276 4285 vult
1338 4217 1523 4299 Don.,
1589 4216 1907 4297 militem,
1956 4218 2081 4283 nisi
2128 4216 2427 4302 stupidus
2470 4222 2671 4295 esset,
2718 4219 2787 4281 in
2832 4215 3032 4283 altera

710 4469 764 4531 1)
801 4466 907 4515 Huc
943 4480 1087 4529 usque
1121 4462 1372 4513 Sabbadini
1407 4463 1588 4513 scholia
1614 4464 1782 4515 edidit.
