3246 5085
599 301 731 370 326
922 305 932 314 ”
1614 315 1978 371 Paooorms.

588 511 737 555 sane
798 493 935 556 sine
994 511 1203 556 causa.
1270 489 1473 556 'I'anta
1536 491 1710 555 enim
1773 489 2182 556 vehementia
2245 489 2632 553 accusatoris
2681 489 2846 568 (sive
2895 507 3015 554 ca-

586 596 1024 680 lumniatoris)
1089 600 1680 684 partes-suscepit,
1733 603 1804 661 ut
1849 595 2195 661 Iustiniani
2241 601 2308 660 et
2354 593 2728 660 Theodorae
2778 597 3010 661 vitam

590 724 927 789 moresque
998 704 1380 791 depingens,
1465 711 1791 783 monstra,
1865 702 2082 790 qualia
2151 704 2219 766 in
2288 723 2508 767 rerum
2577 707 2808 767 natura
2877 703 3010 767 vix

590 813 912 889 existunt,
964 833 1088 877 non
1130 812 1423 876 homines
1464 809 2065 892 (οὶνθρωποδαίμονας
2108 812 2243 895 ipse
2281 808 2638 873 identidem
2679 806 3008 893 appellat)

592 915 943 982 describere
983 916 1299 993 videatur,
1340 919 1560 1003 itaque
1600 916 1885 981 dubitari
1923 937 2048 980 non
2088 919 2320 1001 possit,
2363 917 2518 1000 quin
2555 917 2653 979 ira
2685 921 2750 979 et
2773 913 3005 979 studio

590 1023 891 1108 abreptus
952 1045 1051 1088 res
1117 1022 1405 1089 multum
1467 1025 1979 1110 exaggeraverit.
2045 1021 2140 1087 De
2187 1021 2517 1087 Theodora
2563 1043 2626 1086 v.
2675 1042 2728 1086 c.
2779 1042 3002 1086 unum

590 1127 908 1195 suffecerit
968 1129 1364 1216 exemplum,
1429 1130 1601 1216 quod
1666 1129 2024 1195 adscribam
2085 1149 2164 1194 ex
2227 1149 2362 1214 cap.
2412 1127 2509 1192 IX
2555 1126 2741 1212 §162
2791 1126 3004 1204 ἥσσων

590 1235 716 1317 γάρ
786 1260 882 1308 τις
950 1233 1140 1311 οὕτως
1214 1237 1420 1312 ἡδονῆς
1492 1236 1750 1311 ἁπάσης
1823 1235 2061 1311 οὐδαμῆ
2081 1233 2159 1318 (Y)
2228 1235 2506 1314 γέγονεν,
2573 1233 2706 1299 ἐπεὶ
2771 1233 2877 1299 καὶ
2929 1234 3002 1305 ἒς

590 1342 1026 1422 ξυναςνώγιμον
1087 1344 1324 1411 δεῖπνον
1387 1343 1813 1416 πολλάκις
1876 1343 2135 1408 ἐλθοῦσα
2198 1340 2304 1419 ξὺν
2368 1341 2641 1412 νεανίαις
2705 1339 2902 1405 δέκα
2955 1340 3002 1415 ἦ

590 1449 890 1515 τούτων
950 1451 1347 1531 πλείοσιν,
1414 1450 1649 1534 ἰσχύι
1701 1475 1784 1515 τε
1833 1451 2214 1528 σώματος
2265 1447 2744 1530 ἀκμάζουσι
2792 1447 3002 1512 λίαν

592 1556 725 1620 καὶ
773 1558 857 1622 τὸ
902 1558 1355 1637 λαγνεύειν
1404 1556 2002 1634 πεποιημένοις
2052 1555 2328 1635 ἔργον,
2372 1554 2831 1638 ξυνεκοιτοίζετο
2871 1557 3000 1634 μὲν

590 1670 719 1735 τοῖς
780 1662 1148 1736 συνδείπνοις
1212 1661 1475 1730 ἅπασι
1538 1667 1679 1738 τὴν
1739 1664 1993 1730 νύκτα
2053 1657 2264 1742 ὅλην,
2315 1653 2565 1726 ἐπειδὰν
2613 1661 2674 1728 δὲ
2724 1662 2868 1743 πρὸς
2919 1663 3001 1728 τό

593 1767 763 1849 ἔργον
825 1775 1005 1835 τοῦτο
1064 1769 1299 1843 πάντες
1363 1771 1706 1848 οξπείποιεν,
1771 1770 1873 1848 ἥδε
1939 1769 2111 1848 παρὰ
2176 1769 2317 1840 τοὺς
2370 1768 2606 1833 ἐκείνων
2652 1769 3002 1842 οἰκέτας

596 1877 776 1940 ἰοῦσα
839 1875 1288 1955 τριάκοντα
1334 1876 1616 1958 ὄντας,
1667 1876 1743 1944 ἂν
1790 1875 1942 1942 οὕτω
1990 1875 2207 1955 τύχοι,
2256 1873 2653 1957 ξυνεδυοίζετο
2703 1876 2814 1954 μὲν
2866 1879 3003 1942 αὖ·

594 1985 742 2047 τῶν
792 1981 1142 2064 ἑκάστῳ,
1191 1983 1415 2063 κόρον
1461 1983 1537 2049 δὲ
1588 1984 1743 2049 οὐδ’
1785 1980 1880 2056 ὦς
1917 1981 2232 2057 ταύτης
2274 1980 2360 2057 332
2400 1988 2544 2055 τῆς
2581 1984 2993 2060 μισητίας

596 2087 1105 2166 ἐλάμβανεν.
1180 2090 1353 2171 Quot
1422 2090 1650 2169 verba,
1724 2095 1820 2155 tot
1887 2085 2459 2176 exaggerationes!
2527 2109 2690 2175 quae
2751 2109 2992 2174 quaeso

595 2201 826 2261 natura
895 2194 1232 2262 muliebris
1304 2195 1459 2263 talia
1528 2197 1737 2274 semel,
1809 2195 2046 2261 nedum
2109 2195 2470 2274 identidm,
2523 2193 2997 2261 sustinuisset?

595 2299 895 2367 Puellula
951 2308 1314 2389 comparata
1362 2325 1511 2368 cum
1556 2305 1684 2368 ista
1729 2304 1970 2369 famosa
2017 2301 2224 2389 qualis
2269 2322 2308 2368 a
2354 2301 2645 2369 Iuvenali
2693 2302 2999 2369 describi-

598 2414 706 2473 tur
751 2412 1055 2473 meretrix
1102 2407 1486 2476 Messalina!

688 2513 1000 2596 Quamvis
1060 2518 1270 2605 igitur
1331 2514 1516 2585 valde
1564 2521 1755 2583 aucta
1803 2518 1934 2584 sint
1982 2521 2047 2583 et
2095 2521 2482 2605 exaggerata
2513 2514 2558 2600 ¹)
2605 2539 2727 2584 non
2775 2514 2997 2583 solum

594 2624 663 2689 in
714 2622 1171 2709 ImperatoreS,
1214 2624 1323 2690 sed
1364 2628 1561 2691 etiam
1599 2627 1668 2690 in
1709 2626 2100 2690 Antoninam
2143 2630 2206 2689 et
2247 2622 2636 2689 Belisarium
2675 2623 3000 2709 aliosque,

594 2750 779 2817 saepe
836 2733 907 2797 in
961 2729 1293 2798 Bellorum
1342 2732 1613 2797 historia
1659 2753 1697 2797 a
1743 2732 2056 2817 Procopio
2105 2729 2436 2810 laudatos,
2487 2734 2792 2810 crimina,
2842 2751 2999 2816 quo-

594 2838 811 2901 minus
860 2844 1075 2903 tamen
1122 2842 1337 2903 omnia
1382 2837 1795 2924 impudenter
1841 2837 1988 2904 ficta
2039 2858 2176 2904 esse
2225 2837 2592 2914 credamus,
2643 2838 2769 2904 duo
2815 2858 3000 2923 prae-

593 2945 817 3008 sertim
877 2945 1237 3030 prohibent,
1300 2967 1449 3010 cum
1514 2952 1773 3031 tempus
1837 2966 1963 3031 quo
2011 2945 2291 3009 Historia
2336 2966 2560 3009 arcana
2607 2946 2845 3030 scripta
2889 2949 2997 3009 est

592 3055 675 3131 (c.
728 3048 859 3115 550
906 3074 969 3137 p.
1022 3050 1123 3132 C.)
1186 3054 1382 3118 aetati
1442 3052 1874 3118 Iustinianeae
1930 3055 2334 3138 proximum,
2387 3052 2754 3118 viventibus
2800 3054 2994 3138 regni

592 3156 731 3221 eius
769 3156 1141 3241 aequalibus
1174 3164 1365 3243 atque
1404 3160 1710 3236 consciis,
1752 3166 1892 3223 tum
1935 3157 2105 3245 quod
2145 3159 2407 3247 egregie
2445 3179 2594 3223 cum
2618 3158 2994 3243 principum

591 3262 1004 3346 improbitate
1066 3266 1342 3330 concinit
1404 3266 1639 3330 misera
1701 3264 1968 3350 Imperii
2028 3264 2162 3329 illis
2223 3266 2622 3350 temporibus
2680 3263 2992 3330 conditio.

593 3367 803 3448 Quare
878 3371 1230 3435 necessario
1309 3370 1505 3436 huius
1583 3373 1792 3455 operis
1869 3371 2082 3457 aliqua
2160 3369 2454 3437 habenda
2507 3377 2605 3436 est
2665 3372 2994 3436 historicis

592 3477 789 3553 ratio,
838 3494 989 3538 cum.
1034 3478 1411 3561 praesertim
1458 3476 1585 3543 alia
1633 3475 1846 3543 multa
1894 3480 2218 3545 contineat
2263 3479 2429 3543 scitu
2477 3477 2877 3565 dignissima.

683 3581 867 3647 Hanc
935 3587 1156 3648 autem
1225 3583 1769 3669 Procopianorum
1840 3587 2226 3670 scriptorum
2296 3589 2548 3670 partem
2617 3586 2991 3670 nuperrime

591 3690 865 3755 IAconus
913 3688 1349 3785 Hamis-post
1395 3690 1523 3756 duo
1564 3689 1904 3757 volumina
1943 3692 2129 3755 Bella
2170 3692 2593 3771 continentia,
2635 3690 2713 3756 de
2753 3690 2992 3777 quibus

592 3796 859 3861 antehac
919 3794 1333 3875 rettulimus,
1400 3799 1642 3863 eximia
1688 3799 2074 3884 sagacitate,
2125 3796 2502 3883 diligentia,
2552 3796 2711 3876 fide,
2759 3818 2837 3862 ex
2885 3818 2992 3861 co-

594 3902 841 3969 dicibus
888 3910 1000 3969 aut
1050 3906 1337 3990 primum
1385 3909 1498 3969 aut
1546 3903 1751 3969 denuo
1799 3906 2120 3984 excussiS,
2169 3902 2372 3969 edidit
2418 3896 2808 3989 perpolitam
2849 3923 2994 3988 pro-

660 4150 714 4215 1)
770 4149 910 4199 Nihil
956 4150 1004 4198 in
1050 4149 1139 4199 hoc
1186 4164 1358 4213 genere
1402 4148 1664 4199 iocularius
1709 4147 1769 4197 iis
1815 4162 1937 4212 quae
1971 4146 2200 4211 leguntur
2233 4146 2400 4197 XVIII
2437 4148 2537 4209 §42
2577 4146 2760 4196 θᾶσσον
2793 4147 2894 4210 γὰρ
2931 4144 2993 4196 ἄν

592 4250 690 4289 τις,
741 4227 897 4293 οἶμαι,
949 4230 1041 4287 τὴν
1090 4234 1242 4280 πᾶσιν
1287 4229 1496 4291 ψάμμον
1544 4228 1912 4295 ἔξαριθμῆσειεν
1959 4229 1989 4287 l?
2034 4228 2181 4287 ὅσους
2235 4229 2260 4277 ὁ
2306 4229 2549 4301 βασιλεὺς
2585 4222 2733 4287 οὗτος
2767 4226 2993 4293 ἇνῇρηκε.

592 4313 684 4371 τὴν
731 4312 786 4362 δὲ
832 4311 1003 4375 χώραν
1053 4308 1139 4362 ἐπὶ
1188 4314 1429 4362 πλεῖστον
1468 4310 1886 4375 διαριθμούμενος,
1922 4312 2067 4373 ἤνπερ
2103 4309 2280 4373 ’ἔρημον
2316 4316 2414 4359 τῶν
2452 4309 2762 4360 ἐνοικούντων
2796 4310 2997 4377 ξυμπέ-

592 4412 785 4445 πτοοκεν
830 4389 969 4455 εῖναι,
1013 4392 1336 4456 μυριάδας
1382 4392 1720 4456 μυριάδων
1759 4394 1996 4459 μυρίας
2040 4394 2172 4461 φημὶ
2205 4392 2538 4447 ἀπολωλέναι.
2589 4394 2722 4444 Scire
2753 4395 2993 4463 pervelim

588 4482 706 4547 quot
740 4476 954 4529 homines
986 4476 1107 4528 salvi
1141 4476 1403 4531 evaserint!
