3246 5085
1236 362 1609 415 auorum.
2476 346 2604 415 125

236 538 325 601 οὐκ
376 535 471 617 [ὃν
540 534 714 613 παρὰ
776 534 865 599 σοὶ
928 532 1060 612 περὶ
1123 534 1395 611 Ὀμήρου
1459 526 1525 597 εὖ
1581 531 1841 615 λέγειν],
1890 528 1918 595 ὃ
1967 532 2138 605 νυνδὶ]
2185 529 2424 610 ἔλεγον,
2475 530 2608 595 θεία

242 642 290 706 δὲ
330 640 629 717 δύναμις,
678 638 715 715 ἦ
760 664 831 704 σε
879 646 1047 704 κινεῖ.

316 746 525 811 Verba
556 746 855 823 inutilia,
896 766 1057 831 quae
1094 744 1445 811 cancellavi
1463 792 1481 824 ,
1522 766 1682 809 num
1723 744 1801 809 ab
1839 745 1979 830 ipso
2021 742 2287 809 Platone
2326 744 2610 829 profecta

244 855 351 917 sint
392 854 819 919 vehementer
864 851 1109 918 dubito.
2094 860 2102 873 '

320 1102 767 1181 Maxumus,
831 1124 893 1187 p.
937 1099 1161 1168 2380.
1226 1105 1260 1176 ἦ
1322 1101 1448 1179 γὰρ
1501 1100 1660 1173 αὐτῆ
1710 1100 1995 1163 πολιτεία
2045 1100 2149 1164 καὶ
2200 1098 2343 1164 τότε
2391 1094 2460 1173 ἦν
2508 1098 2611 1164 καὶ

247 1215 333 1273 νῦν
385 1209 924 1291 [ἀριστοκρατία],
988 1209 1049 1273 ἐν
1098 1204 1133 1288 ᾗ
1182 1212 1283 1271 νῦν
1328 1231 1399 1271 τε
1448 1204 1900 1282 πολιτευόμεθα
1951 1206 2053 1269 καὶ
2104 1205 2206 1270 τὸν
2262 1206 2358 1271 ἀεὶ
2407 1204 2618 1287 χρόνον

248 1312 305 1388 ἒξ
346 1316 571 1379 ἐκείνου
622 1316 697 1386 ὥς
744 1316 830 1377 τὰ
878 1313 1113 1378 πολλοὶ.
1166 1320 1356 1377 καλεῖ
1395 1312 1459 1378 δὶ
1506 1312 1534 1377 δ
1584 1311 1699 1389 μὲν
1748 1314 1944 1386 αὐτὴν
1991 1313 2428 1390 δημοκρατίαν,
2477 1308 2504 1375 ὃ
2554 1310 2616 1375 δὲ

248 1418 421 1498 ἀλλο,
488 1416 533 1499 ᾧ
594 1418 669 1485 ἂν
726 1421 957 1499 χαίρῃ,
1007 1417 1138 1483 ἔστι
1188 1418 1250 1483 δὲ
1298 1427 1375 1499 τῇ·
1426 1418 1686 1501 ἀληθεία
1737 1423 1880 1492 μετ’
1928 1415 2305 1493 εὐδοξίας
2353 1416 2619 1490 πλήθους

252 1526 696 1604 ἀριστοκρατία.

326 1632 480 1711 Quis
522 1653 649 1697 non
693 1633 1077 1697 assentiatur
1113 1628 1491 1695 Richardsio
1530 1632 1929 1717 expungenti
1969 1625 2453 1709 ἀριστοκρατίαῗ
2494 1626 2621 1693 Sed

254 1760 367 1802 non
422 1741 637 1803 minus
686 1742 1059 1821 suspectum
1098 1737 1263 1801 mihi
1302 1742 1400 1801 est
1438 1734 1715 1811 εὐδοξίας
1736 1783 1753 1814 ,
1794 1756 1918 1821 quo
1958 1735 2360 1800 substantivo
2385 1736 2622 1820 quippe

258 1844 528 1910 derivato
574 1864 609 1909 a
656 1845 852 1909 verbo
899 1842 1324 1910 Hellenistico
1371 1841 1635 1908 εὖδοκεῖν
1681 1840 1871 1907 Plato
1918 1844 2019 1908 uti
2063 1839 2346 1907 nondum
2387 1844 2621 1926 potuit.

256 1949 343 2025 Is,
408 1953 463 2015 si
533 1950 688 2035 quid
750 1948 936 2015 video
1006 1951 1345 2034 scripserat
1414 1948 1627 2024 μετὰ
1699 1948 2054 2022 πλήθους
2125 1948 2619 2026 ἀριστοκρατίας.

258 2054 632 2140 Praepositio
695 2055 864 2129 μετά
930 2054 1067 2132 bic,
1131 2060 1207 2117 ut
1268 2056 1509 2138 passim
1530 2102 1547 2131 ,
1607 2052 1932 2139 significat
1963 2074 2099 2135 per.
2163 2050 2623 2117 Aristocratiam

256 2182 353 2240 per
392 2160 711 2243 populum,
784 2162 828 2223 i.
871 2181 927 2225 e.
990 2158 1245 2225 volente
1308 2158 1582 2245 populo,
1658 2159 2023 2224 Atticorum
2085 2160 2375 2246 regimen
2437 2162 2623 2223 vocat

262 2274 469 2345 orator,
512 2266 683 2351 quod
730 2266 1004 2350 probant
1047 2266 1242 2330 verba
1290 2268 1657 2350 sequentia:
1707 2265 1983 2339 βασιλῆς
2025 2264 2140 2341 μὲν
2175 2264 2302 2344 γὰρ
2343 2262 2438 2327 ἀεὶ
2483 2266 2626 2339 ἡμῖν

264 2373 429 2435 εἰσιν·
489 2366 648 2435 οὗτοι
714 2372 776 2435 δὲ
824 2369 969 2435 τότε
1018 2370 1131 2447 μὲν
1180 2374 1249 2435 ἐκ
1299 2372 1546 2449 γένους,
1595 2370 1738 2435 τότε
1787 2370 1848 2435 δὲ
1896 2370 2156 2449 αἱρετοί·
2207 2369 2508 2449 ἐγκρατὲς
2558 2368 2622 2432 δὲ

264 2486 365 2552 τῆς
421 2478 647 2549 πόλεως
696 2477 779 2540 τὰ
830 2476 1042 2541 πολλὰ
1093 2477 1158 2540 τὸ
1209 2478 1472 2555 πλῆθος,
1521 2476 1674 2548 τάς
1721 2476 1797 2541 δὲ
1845 2477 2110 2560 ἀρχὰς
2159 2475 2431 2542 δίδωσι
2481 2475 2621 2540 καὶ

266 2583 534 2661 κράτος
582 2590 751 2655 τοῖς
800 2584 929 2648 ἀεὶ
979 2581 1317 2659 δόξασιν
1364 2583 1735 2660 ἀρίστοις
1783 2585 1913 2648 κτὲ.

346 2687 605 2754 Exulato
648 2690 859 2775 igitur
904 2690 1572 2774 interpretamentum.

352 2937 414 3001 P.
459 2935 673 3005 2390.
741 2933 816 3002 ὧν
876 2937 941 3002 δὲ
1005 2937 1144 3003 οὔτε
1196 2939 1445 3012 ποιητής
1496 2963 1588 3002 πω
1639 2936 1824 3013 δόξαν
1873 2935 2058 3015 ἀξίαν
2106 2940 2206 3004 ἐπ’
2252 2937 2443 3018 ἀξιοῖς
2507 2953 2622 3004 λα-

269 3041 381 3117 βὼν
421 3043 545 3122 ἔχει
597 3043 687 3108 ἔτι
734 3042 803 3108 τέ
850 3044 1014 3108 ἐστιν
1064 3045 1124 3108 ἐν
1172 3042 1526 3127 ἀμνηστία,
1578 3046 1811 3110 τούτων
1861 3045 1993 3125 πέρι
2042 3069 2143 3122 μοι
2189 3045 2360 3110 δοκεῖ
2395 3051 2619 3125 χρῆναι

272 3148 681 3224 ἐπιμνησθῆναι
741 3147 1110 3214 ἐπαινοῦντα
1170 3173 1240 3216 τε
1304 3150 1408 3214 καὶ
1472 3153 1899 3230 προμνώμενον
1945 3149 2160 3224 ἄλλοις
2209 3153 2295 3224 εἷς
2343 3149 2500 3232 ᾧδάς
2551 3174 2622 3215 τε

274 3253 365 3315 καὶ
406 3257 505 3327 τὴν
551 3253 753 3329 ἀλλην
802 3255 1042 3329 ποίησιν
1084 3255 1253 3321 αὐτοὶ
1296 3258 1483 3321 θεῖναι
1526 3255 1874 3334 πρεπόντως
1923 3263 2072 3320 τῶν
2119 3256 2619 3334 πραξάντων.

351 3359 550 3427 Nonne
595 3361 782 3426 Plato
830 3360 1075 3427 dedisse
1122 3362 1469 3428 censendus
1506 3369 1634 3428 est:
1683 3361 2030 3441 πρεπόντως
2075 3371 2191 3438 (τε
2235 3361 2336 3427 καὶ
2381 3361 2620 3440 ἀξίως)

276 3469 375 3528 τῶν
414 3463 810 3546 πραξάντωνῨ

353 3712 417 3780 Ρ.
459 3716 583 3782 245
601 3718 677 3782 D.
745 3713 953 3794 ὅμως
1019 3717 1071 3782 δ’
1117 3713 1215 3783 οὖν
1280 3717 1660 3797 ἐμονώθημεν
1721 3720 1915 3787 πάλιν
1977 3720 2078 3786 διὰ
2145 3721 2214 3786 τὸ
2261 3723 2349 3798 μὴ
2397 3722 2619 3788 ἐθέλειν

282 3818 499 3901 αἰσχρὸν
538 3824 641 3886 καὶ
682 3822 917 3889 ἀνόσιον
957 3822 1131 3904 ἔργον
1174 3826 1557 3903 ἐργάσασθαι
1597 3823 1914 3902 Ἕλληνας
1952 3826 2297 3906 βαρβάροις
2325 3828 2620 3901 ἐκδόντες.

336 3925 415 3989 ‘In
454 3929 963 3996 antecedentibus
1013 3931 1131 3995 sub
1176 3930 1367 3996 litera
1404 3931 1457 3995 B
1480 3952 1616 4017 sqq.
1665 3938 2006 3998 narrantur
2043 3933 2460 3999 Athenienses
2501 3933 2621 3999 soli

284 4029 521 4098 noluisse
564 4037 704 4121 regi
749 4036 1093 4100 Persarum
1138 4036 1384 4102 tradere
1424 4034 1700 4103 Graecos
1731 4038 2033 4117 Asianos,
2073 4041 2309 4125 quippe
2348 4041 2460 4124 qui
2501 4039 2624 4106 soli

286 4137 639 4211 αὖτοέλληνες
688 4147 930 4218 essent,
979 4163 1093 4206 nec
1138 4139 1626 4222 μειξοβάρβαροι
1674 4150 1751 4208 ut
1795 4143 2029 4230 reliqui
2072 4147 2276 4231 ipsius
2319 4143 2620 4211 Graeciae

286 4239 510 4307 incolae.
552 4245 723 4311 Haec
767 4249 975 4333 igitur
1020 4266 1209 4312 causa
1255 4248 1381 4313 fuit
1424 4269 1537 4313 cur
1582 4250 2002 4315 Athenienses
2040 4271 2077 4314 a
2122 4250 2388 4335 reliquis
2427 4247 2621 4316 Grae-

288 4343 371 4406 cis
408 4345 829 4429 desererentur,
879 4373 1083 4437 neque
1129 4353 1393 4439 expedio
1428 4355 1497 4417 in
1536 4354 1654 4419 hac
1693 4355 2092 4421 conclusione
2132 4353 2168 4420 ὅ
2179 4380 2226 4428 μ
2247 4381 2288 4418 ω
2309 4381 2368 4433 ς,
2404 4362 2616 4431 tamen,

292 4451 437 4530 qnod
474 4457 612 4538 quin
658 4460 727 4521 in
773 4454 1001 4537 ὅλως,
1038 4481 1314 4540 prorsus,
1362 4459 1750 4526 mutandum
1796 4464 1882 4526 sit
1927 4482 2052 4526 non
2099 4461 2346 4525 dubito.
