3246 5085
1318 337 1622 385 nonnus.
2622 315 2663 380 9

381 501 476 567 De
513 504 720 567 causis
762 503 1136 587 perturbati
1175 502 1412 568 ordinis
1451 502 1574 567 viri
1613 502 1785 568 docti
1823 505 2185 568 coniectura
2223 520 2420 585 aeque
2458 502 2677 564 minus

269 607 618 686 satisfacit,
669 629 1020 693 earumque
1061 610 1348 694 cognitio
1387 610 1713 692 imprimis
1752 614 1848 673 est
1886 607 2183 672 difficilis.
2232 607 2518 672 Debetur
2552 605 2668 671 illa

273 715 674 799 perturbatio
736 716 815 779 ab
877 713 1076 780 altera
1121 720 1300 798 parte
1347 712 1910 799 interpolatoribus
1930 763 1945 791 ,
1994 714 2073 778 ab
2121 712 2321 778 altera
2368 711 2665 796 compila-

275 823 407 884 t-ori
444 827 508 885 et
545 819 1056 904 exemplaribus,
1096 840 1258 904 quae
1295 823 1363 884 in
1401 818 1903 906 conglutinando
1944 825 2305 885 commento
2329 820 2388 883 ei
2410 824 2659 902 praesto

273 925 557 991 fuerunt.
608 925 846 990 Utrum
887 926 963 991 de
1002 923 1458 1010 Gompilatoris
1499 947 1691 1010 opera
1722 931 1787 991 et
1823 925 2141 1010 exemplis
2179 923 2422 1008 aliquid
2462 926 2663 988 statui

271 1033 513 1115 possit,
578 1031 747 1115 quod
805 1052 930 1095 non
978 1034 1172 1095 nimis
1219 1034 1540 1095 incertum
1585 1035 1702 1114 sit,
1754 1039 1974 1116 postea
2021 1030 2406 1096 videbimus.
2470 1029 2669 1094 Inter-

266 1135 640 1221 polatorum
686 1157 990 1221 personae
1037 1143 1104 1202 et
1149 1136 1396 1202 labores
1443 1139 1606 1202 varii
1655 1158 1731 1201 ex
1777 1141 1919 1222 ipso
1967 1143 2330 1201 commento
2371 1137 2669 1221 cognosci

271 1247 561 1326 possunt.
626 1241 765 1306 Iam
825 1243 994 1327 quod
1061 1241 1220 1307 olim
1281 1241 1358 1306 de
1404 1243 1506 1307 his
1552 1244 1740 1308 rebus
1786 1241 2091 1327 religiosa
2137 1241 2529 1306 scholiorum
2574 1244 2667 1304 in-

273 1347 535 1432 dagatio
597 1352 974 1433 praesertim
1037 1349 1112 1413 ad
1178 1347 1488 1412 Andriam
1551 1369 1657 1412 me
1705 1348 1923 1413 docuit
1954 1345 2021 1427 ¹),
2070 1347 2136 1411 id
2185 1348 2478 1430 deinceps
2525 1344 2668 1410 reli-

268 1474 548 1538 quorum
597 1456 890 1519 omnium
933 1454 1224 1518 studium
1263 1443 1500 1518 iterum
1539 1457 1905 1538 iterumque
1942 1456 2293 1540 repetitum
2339 1451 2668 1517 confirma-

270 1561 390 1634 vit,
433 1579 662 1643 nempe
702 1562 768 1623 in
808 1558 1252 1644 interpolando
1293 1567 1657 1626 commento
1698 1562 1937 1623 unius
1976 1560 2313 1623 hominis
2352 1579 2665 1642 operam

273 1664 543 1729 fuisse
595 1663 844 1750 longe
899 1669 1459 1752 praecipuam.
1524 1665 1708 1746 Quod
1772 1672 1991 1730 autem
2057 1670 2200 1728 tum
2260 1667 2446 1728 iuxta
2490 1664 2662 1728 hunc

272 1774 660 1856 magistrum
699 1774 897 1836 etiam
936 1770 1096 1837 alios
1129 1771 1382 1836 assidua
1414 1793 1602 1856 opera
1625 1774 1691 1835 in
1717 1781 2079 1835 commento
2105 1776 2441 1854 occupatos
2464 1770 2660 1834 fuisse

267 1879 576 1963 putabam
603 1877 674 1960 ²),
722 1899 891 1943 nunc
936 1898 1120 1942 curas
1166 1881 1526 1964 gravioreS,
1577 1897 1733 1962 quas
1778 1876 1909 1942 illis
1947 1877 2466 1962 adsignaveram,
2508 1876 2659 1940 huic

270 1986 385 2048 uni
451 1986 652 2048 etiam
711 1983 1152 2068 interpolatori
1215 1983 1562 2048 reddendas
1629 2004 1765 2048 esse
1825 1981 2149 2065 intellexi,
2223 1984 2407 2046 iuxta
2466 2002 2658 2065 quem

265 2088 634 2154 laborarunt
695 2089 956 2173 quidem
1019 2092 1317 2176 magistri
1380 2088 1778 2174 complures,
1843 2087 1949 2152 sed
2015 2095 2079 2153 et
2136 2087 2263 2152 alia
2310 2089 2550 2151 ratione
2598 2092 2663 2150 et

281 2215 474 2279 opera
518 2196 934 2271 interseciva,
984 2196 1326 2271 subitaria,
1377 2196 1665 2260 fortuita.

369 2299 541 2364 Huic
597 2302 807 2386 igitur
869 2301 1154 2379 homini,
1219 2321 1411 2385 quem
1460 2300 1620 2365 olim
1668 2321 1744 2364 ex
1790 2321 1917 2365 una
1963 2298 2181 2383 aliqua
2226 2300 2471 2384 ingenii
2519 2319 2659 2382 pro-

278 2409 547 2491 ptietate
613 2405 1086 2492 Philosophum
1157 2405 1559 2491 appellabam
1589 2404 1660 2486 ³),
1731 2405 1837 2470 sed
1908 2426 2077 2470 nunc
2138 2407 2382 2469 ratione
2442 2406 2661 2468 minus

273 2514 520 2599 insigni
569 2514 906 2598 magisque
951 2510 1238 2598 generali
1283 2511 1574 2577 indicabo
1620 2509 1855 2576 litteris
1902 2509 1933 2574 I
1978 2508 2085 2576 vel
2128 2508 2215 2573 IP
2262 2508 2657 2595 (Interpo-

343 2790 396 2853 1)
433 2789 504 2839 cf.
542 2788 718 2837 Album
751 2786 928 2851 gratul.
963 2787 1020 2835 ad
1055 2786 1430 2835 Herwerdenum
1460 2785 1588 2835 Trai.
1618 2786 1677 2833 ad
1706 2784 1857 2833 Rhen.
1893 2786 2023 2834 1⁰02
2049 2801 2093 2849 p.
2119 2784 2232 2834 129.
2264 2786 2446 2833 Mnem.
2467 2784 2653 2833 XXXII

275 2870 406 2920 1⁹02
440 2887 486 2935 p.
525 2870 623 2919 210
643 2885 712 2933 sq.
2551 2916 2554 2919 .

342 2952 390 3013 2)
435 2952 528 3001 an
575 2950 700 3011 volo,
736 2964 854 3014 quos
888 2950 939 2998 in
977 2950 1160 2998 Mnem.
1193 2948 1378 2999 XXXII
1413 2964 1460 3013 p.
1499 2950 1593 2999 281
1614 2964 1717 3013 sqq.
1754 2958 2023 3013 persecutus
2056 2965 2179 3006 sum.
2212 2950 2495 3014 praesertim
2530 2964 2655 3013 mag.

275 3034 336 3093 B,
370 3035 424 3093 Ο,
464 3036 524 3081 D.

340 3116 395 3179 3)
447 3116 560 3164 Non
613 3118 685 3163 est
735 3111 858 3178 quod
911 3116 1092 3163 mutem
1136 3113 1229 3161 nisi
1275 3112 1324 3160 in
1369 3112 1586 3177 pauculis
1631 3113 1839 3162 hominis
1870 3113 2252 3179 descriptionem,
2288 3129 2431 3177 qnam
2466 3113 2572 3162 dedi
2607 3113 2659 3163 in

275 3198 457 3246 Mnem.
505 3196 574 3246 11.
621 3213 663 3261 p.
700 3196 828 3255 2103
883 3195 1118 3244 »Laborat
1152 3194 1406 3244 immodica
1441 3195 1807 3260 philosophandi
1842 3196 2079 3261 cupidine,
2119 3197 2240 3244 unde
2278 3196 2452 3244 factum
2490 3203 2573 3254 est,
2610 3200 2665 3245 ut

269 3280 369 3328 eius
417 3278 764 3337 adnotationes,
810 3277 1052 3327 communi
1085 3293 1223 3327 sensu
1257 3292 1396 3341 saepe
1429 3278 1704 3337 destitutae,
1736 3279 1975 3328 adfectent
2009 3278 2165 3327 nescio
2201 3292 2342 3341 quam
2378 3278 2659 3328 interiorem

273 3376 434 3411 rerum
483 3374 539 3410 ac
589 3362 840 3410 verborum
891 3359 1276 3423 intelligentiam,
1329 3376 1451 3424 qnae
1498 3378 1526 3409 a
1569 3376 1686 3409 sano
1733 3364 1780 3410 et
1812 3360 2021 3425 simplici
2056 3360 2233 3409 Donati
2268 3360 2445 3409 iudicio
2481 3360 2659 3409 mirum

271 3448 504 3507 quantum
539 3448 610 3491 est
646 3446 844 3491 remota.
881 3442 1127 3490 Abstinuit
1161 3440 1247 3489 illa
1278 3440 1337 3490 ab
1369 3441 1430 3489 iis
1464 3442 1748 3505 interpretis
1780 3442 1961 3499 officiis,
1997 3457 2119 3505 quae
2148 3442 2399 3505 requirunt
2429 3441 2661 3491 sinceram

268 3526 559 3575 doctrinam:
613 3524 692 3573 vix
743 3524 900 3589 [raro]
951 3523 1113 3587 tetigit
1168 3528 1322 3572 artem
1372 3524 1750 3586 grammaticam,
1796 3524 2030 3581 criticam,
2072 3523 2375 3583 rhetoricam,
2410 3525 2660 3583 scenicam,

268 3608 337 3657 nil
387 3608 526 3657 habet
572 3608 630 3656 de
674 3605 902 3670 exemplis
947 3606 1156 3664 Graecis,
1205 3607 1285 3655 sed
1319 3606 1509 3671 scripsit
1543 3608 1750 3657 maxime
1784 3608 1841 3655 de
1876 3607 2221 3657 sententiarum
2258 3606 2657 3671 interpretatione

266 3696 312 3739 et
347 3692 405 3738 de
439 3690 693 3739 verborum
727 3688 1043 3753 etymologia,
1073 3688 1435 3750 significatione,
1469 3688 1754 3738 differentia.
1791 3690 1849 3737 In
1886 3688 2103 3739 manibus
2130 3688 2301 3737 habuit
2327 3692 2651 3737 commentum

270 3772 462 3829 Donati,
511 3786 653 3835 quem
705 3772 845 3820 modo
896 3768 1103 3835 supplet,
1154 3770 1294 3818 modo
1338 3773 1462 3819 tecte
1499 3774 1584 3818 aut
1632 3774 1796 3835 aperte
1829 3770 2083 3819 cavillatur
2117 3774 2165 3818 ot
2199 3770 2415 3833 corrigit,
2451 3769 2654 3818 libenter

266 3855 348 3911 ita,
399 3857 452 3902 ut
498 3858 666 3909 contra
711 3852 851 3902 illum
886 3867 982 3901 non
1017 3866 1161 3901 unam
1194 3852 1466 3915 opinionem
1500 3852 1715 3915 proferat
1750 3853 1829 3900 sed
1864 3851 2026 3917 plnres
2058 3856 2201 3915 atque
2233 3852 2475 3917 optionem
2512 3852 2657 3901 faciat

268 3934 434 3983 lectori
490 3939 541 3982 ut
591 3934 754 3997 eligat,
804 3933 1032 3982 adhibitis
1075 3932 1326 3998 particulis
1370 3938 1458 3981 aut
1477 3960 1537 3969 --
1559 3938 1667 3992 aut,
1700 3935 1774 3983 vel
1798 3960 1851 3969 —
1874 3937 1961 3992 vel,
1993 3939 2337 3993 utrum—an,
2364 3934 2660 3998 ‹tn—quia,

263 4020 420 4079 potest
439 4022 676 4079 —potest
712 4016 874 4073 etiam,
921 4015 1176 4065 similibus.
1224 4016 1515 4065 Eximendus
1551 4024 1711 4065 tamen
1745 4020 1817 4065 est
1850 4032 1905 4065 ex
1941 4016 2138 4066 illorum
2172 4032 2385 4075 numero,
2424 4016 2507 4081 qui
2541 4017 2658 4067 levi-

263 4098 348 4147 bus
381 4098 695 4163 brevibusque
729 4098 1133 4148 adnotatiunculis
1168 4098 1370 4147 minoris
1405 4098 1549 4163 pretii
1584 4102 1911 4147 commentum
1943 4103 2217 4149 onerarunt.
2255 4098 2411 4149 Immo
2446 4116 2535 4165 pro
2572 4116 2657 4149 suo

265 4180 460 4243 ingenio
508 4180 668 4229 dedita
719 4194 864 4244 opera
909 4180 958 4227 in
1004 4183 1138 4227 textu
1185 4178 1461 4245 explicando
1509 4178 1763 4238 laboravit,
1799 4196 1907 4229 usus
1940 4180 2176 4230 scribendi
2211 4182 2399 4230 ratione
2433 4181 2657 4247 perplexa

266 4262 476 4329 quidem,
521 4262 599 4309 sed
646 4276 766 4324 quae
812 4261 1018 4310 adfectat
1051 4260 1336 4324 elegantiam
1372 4265 1420 4310 et
1456 4260 1749 4320 ubertatem;
1786 4262 1900 4310 tecit
1934 4262 2022 4311 hoc
2058 4278 2277 4327 perverso
2312 4263 2503 4327 quidem
2536 4263 2657 4312 iudi-

266 4342 352 4401 cio,
387 4343 468 4391 sed
500 4341 664 4391 sedulo
698 4347 746 4391 et
779 4342 848 4390 ita
882 4347 936 4392 nt
968 4342 1058 4392 sibi
1094 4342 1276 4407 aliquid
1309 4346 1554 4408 praestare
1590 4344 1847 4403 videretur,
1881 4344 2008 4408 quod
2044 4344 2238 4407 cognitu
2276 4348 2397 4394 esset
2434 4345 2655 4408 dignissi-

271 4441 401 4475 mum
437 4428 484 4475 et
519 4424 672 4474 lucem
704 4425 896 4474 afferret
933 4424 1217 4475 Terentium
1252 4424 1534 4488 legentibus.
