3246 5085
579 275 714 382 266
1619 331 1912 381 nonus.

576 499 747 565 Nam
791 497 1143 586 legendum
1193 519 1328 565 esse
1375 498 1668 572 ἀνέδην
1712 518 1901 564 nemo
1947 519 2073 564 non
2100 497 2297 566 ·videt
2328 498 2395 582 ¹),
2440 501 2509 566 id
2556 500 2723 587 quod
2758 501 2987 568 adver-

571 606 697 672 biis
745 604 968 685 ἀθρόως
1015 610 1082 671 et
1127 605 1403 686 σφοδρῶς
1453 626 1578 670 non
1635 603 1807 670 male
1850 604 2139 670 redditur
2152 625 2170 684 3
2218 609 2539 672 succrevit
2585 613 2807 674 autem
2854 615 2985 674 ter-

575 714 744 777 tium
806 712 1381 791 οέπηρυθριασμένως
1455 718 1794 798 postquam
1855 711 2076 778 littera
2120 736 2149 776 ε
2194 715 2265 776 in
2306 737 2373 778 αι
2420 719 2720 800 corrupta
2765 718 2985 802 impu—

574 819 826 885 dentiae
870 816 1118 904 aliquid
1165 816 1418 904 glossae
1462 816 1708 882 intulit.

673 1036 824 1116 113,
852 1035 956 1103 14.
1007 1073 1092 1087 -
1141 1035 1606 1118 ἀνακαλπάζει.
1672 1036 1827 1109 τινὲς
1876 1037 1988 1113 μὲν
2036 1038 2112 1109 ὡς
2162 1039 2228 1102 ού
2278 1037 2521 1116 δόκιμον
2568 1035 2981 1117 ἐφυλάξαντο

577 1145 689 1220 τὴν
734 1143 962 1224 φωνήν,
1013 1141 1326 1223 Αἰσχύλος
1377 1142 1441 1209 δὲ
1491 1142 1805 1223 ἐχρήσατο
1853 1151 2089 1216 Μυσοῖς
2142 1143 2213 1216 ὦς
2265 1142 2526 1222 δόκιμον.
2577 1143 2753 1221 λέγει
2802 1143 2977 1221 γάρ·

939 1245 1094 1314 εἶδον
1139 1245 1584 1328 καλπιέζοντας
1632 1249 1692 1313 ἒν
1738 1250 2020 1331 αἰχμαῖς
2040 1270 2056 1288 ·

581 1356 799 1435 ὁμοίως
848 1361 1212 1436 Σοφοκλῆς,
1261 1355 1718 1434 Ἀριστοφάνης
1766 1354 1869 1419 καὶ
1924 1355 2190 1420 Πλοέτων
2240 1355 2345 1421 καὶ
2394 1353 2605 1436 ἕτεροι.

667 1462 950 1549 Egregie
990 1462 1103 1527 hac
1128 1461 1340 1548 glossa
1362 1461 1782 1528 confirmatur
1805 1461 2160 1527 Hermanni
2186 1461 2548 1528 emendatio
2572 1461 2684 1528 Ar.
2708 1460 2977 1526 Thesm.

583 1566 781 1648 1174,
828 1569 943 1634 ubi
988 1570 1216 1634 unicus
1263 1568 1459 1634 codex
1507 1567 1847 1634 Ravennas
1898 1569 2118 1633 habet:

941 1680 1168 1755 πρῶτον
1214 1675 1331 1752 μὲν
1377 1669 1475 1739 οὖν
1526 1673 1724 1738 δίελθε
1776 1677 1880 1738 καὶ
1927 1669 2467 1738 οξνακόλπασο
2486 1697 2536 1753 ν,

581 1781 1144 1846 οὶνακόλτισον
1203 1783 1458 1866 scripsit
1519 1780 1815 1858 Bisetus‚
1878 1779 2291 1846 Hermannus
2350 1799 2585 1847 verum
2646 1781 2981 1846 restituit:

581 1886 1181 1951 α’νακοὶλπασον
1229 1889 1366 1953 sive
1411 1887 1595 1954 sacta.
1644 1886 1835 1953 Hunc
1879 1888 2087 1973 igitur
2131 1907 2391 1953 versum
2440 1891 2761 1972 spectasse
2800 1884 2987 1951 vide-

583 1999 691 2058 tur
737 1996 850 2078 qui
895 1994 1342 2079 Aristophanis
1385 1995 1454 2058 in
1501 1993 1721 2059 Photii
1768 1991 1987 2079 glossa
2031 1994 2184 2059 fecit
2231 1995 2651 2060 mentionem.

679 2209 830 2288 114,
861 2209 943 2276 15
983 2243 1062 2270 =
1100 2211 1338 2277 Anecd.
1367 2209 1520 2289 391,
1546 2209 1587 2276 9
1629 2243 1711 2269 =
1748 2211 1929 2278 Suid.
1952 2241 2034 2267 =
2059 2212 2342 2299 Hesyeh.
2386 2248 2474 2262 —
2512 2211 2979 2292 ἀνακωχεύειν·

584 2319 654 2383 τὸ
701 2319 762 2382 ἐν
809 2321 1080 2395 πελάγει
1129 2325 1435 2401 χειμῶνος
1481 2317 1649 2391 ὄντος
1696 2321 2167 2395 στήσαντας
2214 2321 2299 2385 τὰ
2346 2319 2543 2385 ὀθόνια
2591 2320 2901 2385 σαλεύειν.

674 2423 801 2490 Pro
862 2421 1334 2498 στήσαντας
1397 2427 1466 2489 in
1527 2425 1789 2504 (Photio
1835 2432 1927 2506 et)
1985 2428 2058 2490 in
2104 2425 2341 2492 Lexico
2386 2425 2775 2513 Segueriano
2822 2427 2983 2490 scri-

585 2530 869 2597 bendum
915 2552 1052 2598 esse
1098 2530 1293 2617 (quod
1341 2530 1578 2597 habent
1623 2530 1808 2597 Suid.
1858 2536 1922 2598 et
1958 2531 2277 2620 Hesych.)
2314 2537 2865 2611 στείλαντας,
2900 2534 2979 2597 in

584 2638 862 2703 transitu
910 2638 1278 2703 observavit
1325 2634 1525 2705 Cobet
1571 2638 1737 2705 Nov.
1785 2638 1961 2705 Lect.
2010 2661 2071 2724 p.
2126 2638 2275 2706 170.

685 2854 834 2936 120,
865 2854 902 2923 7
938 2893 1020 2921 =
1057 2856 1341 2945 Hesych.
1393 2895 1477 2907 —
1526 2859 2028 2936 ἀναρίθμιον.
2076 2858 2307 2940 ἐχθρόν.
2357 2856 2783 2923 Scribendum
2838 2876 2983 2924 esse

583 2963 627 3025 οἱ
647 2985 676 3025 ν
693 2962 738 3027 οἱ
751 2988 782 3042 ρ
802 2966 830 3028 θ
848 2988 897 3041 μ
913 2986 936 3027 ·ι
954 2987 983 3028 ο
999 2988 1027 3025 ν
1075 2962 1233 3029 olim
1281 2965 1538 3030 monuit
1582 2962 1959 3069 Salmasius.

690 3181 840 3262 123,
871 3182 977 3249 16.
1027 3220 1112 3234 -
1159 3184 1203 3248 ἀ
1220 3209 1250 3247 ν
1267 3206 1308 3248 α
1325 3206 1362 3247 τ
1380 3184 1454 3248 eo
1474 3207 1509 3248 υ
1526 3207 1576 3261 μ
1593 3182 1622 3248 έ
1642 3207 1672 3246 ν
1688 3205 1717 3247 ο
1737 3206 1789 3254 ς.
1838 3162 2389 3259 ἇναπεπεισμένος.
2434 3174 2488 3248 οἳ
2528 3181 2593 3249 δὲ
2630 3184 2981 3249 ἀνακεκαυ-

685 3287 835 3369 124,
865 3290 926 3355 5.
978 3326 1063 3340 -
1112 3292 1156 3355 ἆ
1174 3316 1203 3355 ν
1222 3315 1262 3353 α
1280 3314 1321 3355 τ
1337 3315 1364 3355 ε
1384 3293 1412 3355 θ
1433 3316 1466 3355 υ
1482 3315 1532 3367 μ.
1552 3313 1570 3353 ι
1589 3316 1631 3355 α
1650 3288 1794 3365 μέν
1808 3312 1836 3354 ο
1856 3313 1907 3361 ς.
1957 3288 2511 3367 ανατεπεισμένος.
2736 3290 2976 3373 [μένος.

680 3395 965 3482 Hesych.
1016 3432 1101 3445 —
1149 3398 1193 3462 α’
1216 3423 1244 3460 ν
1262 3421 1305 3462 α
1327 3422 1364 3461 τ
1383 3422 1410 3461 ε
1428 3397 1457 3461 0
1477 3421 1577 3475 υμ.
1595 3424 1612 3461 ι
1633 3422 1676 3462 α
1694 3420 1731 3460 σ
1749 3395 1936 3473 μένο
1954 3422 2007 3469 ς.
2054 3394 2575 3475 ἂνακεκαυμένος.

681 3500 917 3568 Tribus
979 3504 1082 3569 his
1145 3504 1301 3570 locis
1318 3552 1335 3581 ,
1398 3506 1511 3589 qui
1574 3504 1769 3569 unius
1826 3505 2029 3569 instar
2088 3510 2241 3569 sunt
2256 3552 2273 3581 ‚
2331 3502 2647 3569 scribatur
2689 3503 2732 3567 α
2754 3527 2785 3566 ν
2803 3526 2846 3566 α
2862 3526 2902 3567 τ
2918 3528 2979 3567 ε·-

589 3607 670 3672 θυ
686 3634 736 3683 μ,
755 3632 804 3684 μ
825 3609 897 3673 ἐν
916 3633 944 3675 ο
965 3634 994 3682 ς
1012 3658 1029 3687 ,
1095 3630 1132 3675 a
1190 3611 1386 3676 verbo
1450 3610 1775 3689 οἱνατύφω.
1839 3610 2269 3695 Participium
2328 3611 2743 3696 grammatici
2802 3616 2979 3676 recte

588 3718 991 3802 interpretati
1039 3721 1192 3781 sunt
1225 3724 1554 3799 permotum
1601 3718 1740 3781 sive
1784 3716 2103 3795 incensum,
2154 3720 2555 3802 quapropter·
2578 3714 2849 3781 Kusteri
2894 3714 2981 3782 aa

591 3822 998 3911 Hesychium
1037 3825 1400 3889 coniectura
1436 3824 1983 3904 α’νατεπρησμὲνος
2024 3844 2139 3910 pro
2178 3821 2705 3899 ἀνατετεισμένος
2733 3822 2983 3889 doctior

587 3930 844 3994 videtur
887 3950 1081 4015 quam
1132 3928 1372 3995 utilior.

685 4133 834 4212 127,
862 4134 944 4199 21
988 4162 1068 4188 =
1105 4133 1342 4199 Anecd.
1385 4132 1586 4199 Bokk.
1630 4132 1784 4213 394,
1814 4132 2049 4199 3l.--
2088 4134 2115 4198 ὅ
2161 4134 2227 4198 ἐκ
2266 4139 2515 4215 χαλκοῦ
2543 4132 2981 4220 καὶξύλ[ιν]ου

585 4242 689 4306 καὶ
737 4242 1048 4325 χρυσ[ι]οῡ
1097 4242 1201 4305 καὶ
1248 4250 1362 4315 τῆς
1410 4239 1613 4314 ἄλλης
1662 4238 1803 4316 ὕλης
1855 4240 2137 4323 (Naber).

517 4476 528 4488 ⁰
655 4474 708 4537 l)
749 4471 920 4524 ‚Pueri
961 4468 1050 4521 hoc
1081 4470 1272 4521 οιιιίιιιιιυ
1307 4468 1456 4520 Cobet
1488 4470 1611 4521 Nov.
1648 4470 1778 4521 lacet.
1814 4486 1861 4537 p.
1902 4468 2012 4531 1⁷0,
2049 4470 2140 4520 hoc
2172 4468 2275 4520 loco
2308 4468 2534 4520 indicato.
