3246 5085
1340 320 1654 367 nonnus«
2565 300 2690 365 421

400 486 559 551 Ibid.
611 485 697 552 58
770 486 888 551 Dio
934 486 1115 551 sodes

398 592 495 674 (1)
544 593 748 670 „Dio”
798 594 1260 677 imperativum
1308 598 1439 671 est,
1490 592 1636 658 ideo
1685 593 2072 676 temperavit
2116 594 2419 656 iniuriam
2461 590 2698 656 blandi·

306 704 529 764 mento
581 698 885 779 ,‚sodes'';
935 705 1031 763 est
1078 706 1296 763 autem
1346 701 1412 763 si
1463 698 1750 775 audes,
1798 704 1873 761 ut
1925 696 2253 775 „scilicet”
2296 699 2516 763 scias
2563 696 2699 786 <li-

303 802 506 890 cet>,
555 826 706 870 nam
756 804 987 870 delirat
1035 807 1148 890 qui
1196 810 1341 876 σῶος
1394 802 1501 886 ζῇς
1547 806 2008 889 interpretatur
2056 802 2343 881 „sodes''.

396 910 467 976 Si
514 907 757 976 Graeca
802 914 871 974 in
918 918 1281 976 commento
1330 910 1408 975 ad
1455 909 1742 995 Asprum
1791 908 2143 974 revocanda
2189 914 2375 985 sunt,
2409 930 2540 974 non
2578 911 2696 973 im-

302 1019 538 1082 merito
584 1020 651 1081 in
698 1017 817 1082 hoc
864 1021 1085 1105 etymo
1133 1017 1432 1083 delirasse
1480 1016 1736 1111 dicitur.

396 1183 425 1248 I
472 1184 597 1248 4.1
667 1184 943 1263 Audivi,
996 1184 1329 1271 Archylis,
1378 1187 1509 1249 iam
1560 1183 1842 1249 dudum:
1889 1184 2182 1249 Lesbiam
2235 1182 2464 1249 adduci
2511 1182 2696 1248 iubes

396 1288 493 1370 (3)
538 1288 775 1354 Utrum
822 1290 1086 1367 „audivi
1124 1289 1547 1355 iamdudum'’
1598 1310 1680 1354 sn
1721 1287 2139 1366 „iamdudum
2181 1290 2405 1354 iubes'’
2453 1276 2696 1353 inc‘erta

302 1397 629 1462 distinctio
668 1404 784 1491 esxt.
924 1396 1023 1481 (4)
1070 1396 1153 1460 Et
1195 1403 1347 1459 sunt
1386 1399 1497 1481 qui
1542 1396 2008 1473 „iamdudum”
2053 1417 2289 1481 quam
2331 1398 2698 1480 primum·

298 1501 725 1588 intellegunt,
772 1508 847 1566 ut
898 1502 1315 1580 „iamdudum
1368 1505 1607 1566 sumite
1658 1502 1932 1588 poenss''
1982 1506 2164 1583 (Aen.
2215 1500 2277 1566 11
2329 1500 2484 1581 103)
2517 1499 2584 1579 ¹).

394 1607 605 1673 Schol.
667 1610 761 1689 (4)
825 1612 935 1671 vix
983 1607 1185 1672 alium
1233 1628 1423 1693 quam
1477 1612 1754 1693 Asprum
1807 1606 2077 1694 Vergilii
2123 1610 2540 1692 interpretem
2591 1606 2693 1671 de-

300 1716 554 1799 signare
613 1722 856 1798 potest,
922 1719 1065 1778 tum
1122 1712 1232 1778 ille
1294 1713 1593 1777 distinxit
1655 1720 1802 1777 ante
1870 1712 2358 1791 „iamdudum''‚
2409 1712 2690 1777 Probum

300 1829 597 1897 secutus,
647 1820 850 1899 unde,
900 1824 954 1884 si
1006 1820 1410 1885 Wessnerum
1463 1820 1764 1885 audimus
1812 1826 1901 1903 (p.
1945 1818 2026 1884 21
2059 1829 2202 1904 sq.)‚
2253 1820 2694 1884 distinctiones

303 1925 677 1992 redundant.

390 2032 552 2097 Ibid.
599 2032 637 2097 7
703 2032 825 2098 Sed
869 2034 1021 2118 quid
1062 2053 1211 2098 nam
1246 2031 1666 2117 Pamphilum
1707 2034 2149 2096 exanimatum
2187 2030 2415 2096 video?
2460 2030 2693 2096 Vereor

308 2138 462 2223 quid
509 2141 631 2204 siet

392 2244 488 2323 (2)
538 2244 790 2324 „Quid”
844 2246 922 2309 ob
970 2244 1158 2329 quid,
1201 2250 1463 2330 propter
1502 2243 1656 2328 quid
1697 2246 1782 2307 sit
1822 2245 2248 2308 exanimatus.
2295 2280 2378 2291 —
2419 2241 2518 2325 (3)
2557 2244 2691 2307 Aut

304 2347 495 2415 aliter
558 2350 754 2435 „quid
818 2351 945 2415 sit''
1010 2350 1075 2415 id
1140 2357 1235 2415 est
1297 2350 1450 2435 quid
1512 2352 1598 2414 sit
1644 2351 1911 2435 negotii.
1964 2386 2048 2398 -
2098 2348 2196 2429 (4)
2245 2347 2368 2414 Sed
2420 2350 2688 2434 quidam

304 2462 536 2542 putant
586 2456 826 2542 „quid”
876 2478 989 2542 pro
1039 2477 1328 2542 quare,
1378 2462 1453 2521 ut
1504 2455 1701 2542 „quid
1753 2454 2052 2520 veniant''
2102 2457 2287 2534 (Aen.
2337 2454 2366 2519 I
2417 2454 2595 2537 518).

301 2563 397 2646 (5)
447 2567 578 2628 Aut
628 2563 805 2629 deest
854 2561 1220 2650 „propter-’2
1271 2571 1346 2628 ut
1394 2567 1479 2628 sit
1531 2560 1889 2649 (propter)
1943 2563 2118 2648 quid.

391 2669 591 2734 Deme
658 2673 944 2755 ineptam
1003 2669 1565 2754 interpolationem
1631 2669 1949 2747 Editoris,
2019 2673 2129 2754 qui
2191 2672 2300 2754 agi
2363 2676 2550 2754 putat
2612 2669 2687 2735 de

298 2775 498 2841 altero
562 2774 802 2861 „quid”
870 2775 965 2854 (3)
1029 2781 1093 2840 et
1140 2775 1654 2840 additamentum
1701 2773 1817 2854 (5),
1868 2773 2030 2859 quod
2079 2776 2144 2837 in
2194 2772 2474 2838 Editoris
2521 2775 2723 2839 mar?

297 2883 449 2967 gine
497 2885 833 2966 scripserat
880 2883 1191 2966 magister
1236 2880 1514 2944 referens
1560 2879 1721 2943 Don.
1772 2876 1968 2944 schol.
2009 2877 2125 2959 (2),
2169 2879 2462 2964 quodque
2502 2876 2688 2945 Com-

298 2987 533 3074 pilator
591 2989 661 3052 in
723 2993 1095 3052 contextum
1143 2989 1403 3070 recepit.
1474 2982 1685 3050 Schol.
1736 2987 1834 3064 (4)
1884 2983 2091 3048 denuo
2140 2983 2218 3048 ad
2266 2985 2547 3068 Asprum
2596 3007 2687 3050 re-

297 3095 453 3159 ferri
502 3101 733 3178 potest.

390 3260 422 3325 I
469 3260 529 3325 5.
560 3260 643 3326 65
718 3259 999 3327 Verbum
1048 3281 1251 3324 unum
1300 3278 1453 3324 cave
1500 3258 1577 3336 de
1622 3260 1868 3342 nuptiis

390 3366 485 3448 (3)
535 3366 862 3432 Adnotant
908 3365 1171 3450 quidam
1222 3364 1461 3442 „cave”
1513 3364 1617 3428 hie
1665 3362 2137 3448 corripiendum
2186 3382 2342 3427 esse.

392 3470 559 3539 Cum
621 3473 933 3536 nimirum
996 3473 1190 3536 etiam
1241 3469 1405 3535 Don.
1454 3472 1544 3534 sio
1589 3467 1952 3555 puteverit,
2004 3469 2124 3534 hoo
2169 3471 2466 3553 magistri
2513 3470 2688 3535 scho-

302 3580 467 3645 lium
516 3599 651 3644 esse
698 3576 1005 3664 suspicor.
1368 3653 1373 3658 ⁸

392 3684 551 3750 Ibid.
601 3683 688 3748 28
714 3681 809 3764 (3)
858 3680 1201 3767 „Plerique
1250 3703 1471 3747 omnes
1517 3679 1810 3746 faciunt''
1860 3680 2215 3760 ἀρχαισμὸς
2260 3687 2392 3758 est,
2424 3717 2506 3728 —-
2534 3702 2685 3746 nam

299 3798 469 3855 errat
516 3793 627 3875 qui
672 3788 961 3875 plerique
1009 3789 1308 3866 παρέλκον
1356 3786 1685 3874 intellegit
1733 3787 1846 3867 (eie
1890 3785 2048 3850 Bon.
2099 3787 2164 3850 in
2213 3786 2370 3865 (l)),
2421 3794 2535 3852 aut
2575 3791 2688 3872 qui

300 3895 767 3982 subdistinguit
829 3893 1203 3980 „plerique”
1269 3901 1333 3958 et
1394 3897 1484 3958 sic
1548 3893 1741 3957 infert
1789 3891 2132 3970 „omnes”;
2183 3892 2302 3956 hoe
2349 3897 2520 3957 enim
2569 3915 2685 3979 pro

298 4023 427 4067 una
487 4009 665 4087 perte
726 4003 1025 4066 orationis
1088 4000 1391 4065 dixerunt
1444 4005 1690 4063 veteres
1737 3997 1958 4062 eodem
2007 3997 2234 4075 modo,
2285 4019 2410 4082 quo
2459 3996 2686 4064 Graeci

300 4108 750 4188 „ardunum”
800 4113 865 4172 et
912 4107 1126 4172 Latini
1178 4103 1365 4190 „plus
1413 4103 1636 4169 satis”.
1683 4140 1765 4151 -
1807 4103 2092 4168 Naevius
2130 4105 2197 4166 in
2240 4102 2402 4168 bello
2443 4105 2686 4170 Punico

300 4214 630 4300 „plerique
679 4235 899 4279 omnes
947 4214 1339 4299 subiguntur
1388 4211 1507 4276 sub
1558 4231 1766 4275 unum
1808 4209 2191 4274 iudicium’'.

371 4446 417 4508 1)
466 4442 723 4493 Servius
757 4459 782 4490 e
824 4443 941 4492 Don.
976 4457 1149 4492 comm.
1188 4441 1327 4506 Verg.
1366 4441 1426 4489 ad
1461 4440 1511 4489 h.
1546 4439 1580 4488 l.
1625 4436 1975 4489 „Iamdudum”
2011 4438 2152 4488 modo
2191 4454 2366 4503 quam
2403 4438 2682 4505 primum.
