3246 5085
1319 344 1598 396 sni-rus.
2504 328 2631 395 13¹7

254 511 433 577 chori
489 504 808 598 particeps
864 510 976 576 fiat
1035 515 1225 597 atque
1285 510 1496 577 locum
1562 514 1625 578 ei
1682 512 1923 578 cedunt
1986 515 2261 593 (ruimen
2322 512 2468 576 hem
2517 533 2631 579 een

251 616 526 704 plaatsje
585 620 704 697 in),
774 617 854 682 cf.
917 615 999 681 II.
1055 616 1176 682 29:
1239 617 1527 683 occultus
1593 618 1714 683 sub
1783 617 1967 684 corde
2026 619 2383 683 renascitur
2443 619 2628 685 ardor

248 723 490 809 datque
527 722 745 789 locum
792 725 1020 789 virtus.

335 940 536 1006 Totus
583 940 978 1006 Achivorum
1024 942 1342 1005 exercitus
1388 940 1695 1007 Aulidem
1745 943 1877 1007 iam
1923 945 2252 1020 convenit,

517 1045 625 1111 sed
672 1066 1064 1132 quamquam
1110 1051 1176 1111 et
1221 1049 1466 1131 gemini
1513 1050 1753 1132 pariter
1801 1068 1917 1113 sua
1962 1047 2132 1113 bella
2178 1052 2503 1133 capessant

338 1149 472 1216 468
518 1151 780 1217 Atridae
825 1151 1190 1235 famamque
1239 1152 1486 1217 avida
1533 1156 1777 1219 virtute
1821 1159 2155 1238 paternam

517 1255 798 1344 Tydides
843 1255 1310 1342 Sthenelusque
1359 1263 1690 1343 premant,
1743 1305 2125 1325 .........

517 1366 725 1428 omnis
767 1366 836 1426 in
882 1363 1202 1428 absentem
1251 1362 1406 1428 belli
1454 1385 1680 1428 manus
1728 1364 1907 1428 ardet
1953 1361 2294 1429 Achillem.

241 1454 520 1556 Tydides
556 1468 1020 1554 Sthenelusque
1061 1472 1304 1534 virtute
1342 1489 1459 1534 sua
1498 1474 1803 1555 premunt
1841 1472 1883 1533 i.
1913 1489 1967 1533 e.
1995 1472 2297 1545 vincunt,
2324 1475 2625 1553 superant

239 1576 343 1655 (cf.
396 1596 492 1641 νε.
533 1574 686 1657 608)
733 1575 974 1639 famam
1020 1582 1388 1660 paternam,
1439 1578 1682 1641 virtute
1730 1596 1889 1661 quae
1936 1582 2198 1660 paterna
2245 1576 2377 1639 iam
2416 1579 2624 1640 maior

239 1688 369 1758 est3
419 1702 545 1765 qua
589 1680 664 1745 de
711 1701 899 1746 causa
943 1683 1098 1765 quin
1145 1681 1277 1747 levi
1323 1684 1681 1746 mutatione
1731 1702 1843 1766 pro
1890 1680 2071 1743 avida
2118 1682 2211 1757 (in
2257 1678 2435 1744 codd.
2488 1677 2620 1759 KQ

241 1786 468 1865 avidi):
534 1791 778 1850 aucta
841 1786 1188 1872 legendum
1251 1790 1337 1852 sit
1399 1790 1510 1851 vix
1572 1787 1819 1852 dubito,
1884 1785 1979 1852 Of.
2043 1806 2143 1851 νε.
2196 1784 2327 1851 ’732
2384 1785 2496 1849 ubi
2546 1785 2622 1850 de

245 1893 467 1958 eodem
508 1890 854 1957 Diomede:
1571 1928 1580 1935 -

513 1997 616 2062 hic
663 1998 818 2074 tibi,
868 2017 1061 2082 quem
1109 2001 1287 2063 tanta
1333 1997 1670 2064 meliorem
1715 1999 1916 2083 stirpe
1962 1998 2204 2063 creavit

513 2106 968 2189 magnanimus
1009 2102 1288 2189 Tydeus.

336 2305 572 2373 Omnes
619 2305 940 2371 Achillem
987 2312 1256 2392 poscunt
1303 2328 1507 2371 unum
1527 2356 1543 2385 ,
1591 2327 1743 2371 nam

1253 2414 1448 2498 patrii
1494 2415 1749 2498 propior
1794 2414 1900 2477 cui
1944 2410 2114 2476 linea
2152 2410 2344 2488 caeli,

333 2516 465 2584 480
512 2538 785 2605 quemve
834 2518 1039 2585 alium
1083 2517 1349 2606 Stygios
1399 2518 1626 2584 tulerit
1671 2524 1995 2585 secreta
2039 2539 2151 2605 per
2197 2518 2405 2584 amnis

511 2625 732 2691 Nereis
777 2630 846 2690 et
887 2624 1190 2711 pulchros
1233 2625 1397 2691 ferro
1441 2629 1901 2711 praestruxerit
1948 2623 2175 2690 artus?

239 2732 365 2797 Pro
422 2739 647 2795 ceo-reta
696 2730 1144 2816 corrigendum
1207 2739 1336 2795 est:
1402 2751 1710 2796 secura.
1772 2729 1915 2797 Non
1960 2729 2129 2794 illud
2177 2728 2496 2794 Achillem
2543 2733 2620 2793 ut

237 2857 564 2902 armorum
609 2839 855 2901 socium
901 2836 1307 2901 commendat
1355 2843 1544 2922 atque
1591 2857 1741 2921 prae
1788 2839 2011 2902 ceteris
2058 2835 2353 2900 omnibus
2402 2835 2625 2899 distin-

237 2945 418 3029 guit,
482 2941 653 3027 quod
715 2941 926 3007 clam
989 2949 1197 3007 mater
1257 2963 1407 3007 eum
1469 2944 1537 3005 in
1599 2941 1828 3029 Stygis
1887 2941 2090 3006 undas
2137 2942 2464 3016 merserit,
2514 2938 2622 3004 sed

238 3049 406 3133 quod
455 3053 632 3125 tuto,
680 3047 852 3132 quod
889 3067 1108 3112 secura
1145 3047 1213 3112 id
1251 3048 1451 3113 facere
1489 3050 1738 3131 potuit,
1782 3068 1933 3112 nam
1969 3069 2178 3110 secura
2202 3044 2398 3110 =nil
2428 3043 2621 3122 mali,

239 3151 334 3218 nil
371 3151 640 3238 periculi
679 3155 946 3231 timens,
995 3153 1073 3217 cf.
1117 3173 1209 3216 vs.
1255 3151 1415 3216 589:
1458 3151 1675 3216 oscula
1712 3172 2053 3217 securae
2091 3150 2282 3216 dabat
2312 3149 2623 3215 insidiosa

241 3261 458 3324 sorori.
521 3257 648 3324 Res
707 3257 864 3324 alibi
925 3261 994 3323 in
1057 3257 1416 3324 Achilleide
1475 3263 2013 3323 commemoratur
2058 3278 2151 3323 vs.
2210 3255 2371 3321 134:
2436 3275 2621 3340 saepe

236 3367 377 3448 ipsa
437 3363 638 3442 (nefas
658 3360 702 3442 1)
763 3364 883 3428 sub
947 3366 1162 3428 inania
1225 3369 1454 3428 natum
1519 3361 1784 3428 Tartara
1829 3369 1893 3428 et
1940 3363 2020 3428 ad
2064 3362 2331 3448 Stygios
2376 3364 2615 3425 iterum

238 3471 370 3535 fero
431 3489 722 3555 mergere
781 3469 976 3533 fontis
998 3517 1014 3546 ,
1077 3476 1141 3534 et
1202 3490 1296 3534 νε.
1346 3467 1514 3534 269:
1581 3471 1639 3534 si
1682 3471 2097 3556 progenitum
2142 3468 2384 3554 Stygos
2428 3487 2615 3532 amne

239 3596 458 3641 severo
506 3577 755 3640 armavi
799 3579 1164 3660 (totumque
1213 3577 1463 3639 utinam
1481 3571 1544 3655 1).

327 3791 504 3858 Dum
545 3812 766 3858 omnes
807 3789 1129 3858 Achillem
1168 3799 1484 3879 quaerunt
1522 3795 1785 3871 frustra,
1829 3790 2241 3859 Calchantem
2280 3788 2623 3876 compellat

242 3896 636 3965 Protesilaus
659 3945 674 3976 ,

1316 4025 1594 4090 namque
1644 4005 1793 4070 huic
1837 4005 2071 4070 bellare
2118 4003 2347 4090 cupido

326 4110 458 4176 495
507 4113 847 4197 praecipua
893 4115 958 4174 et
1001 4111 1246 4195 primae
1291 4113 1424 4175 iam
1472 4118 1629 4174 tunc
1678 4109 1867 4175 data
1912 4111 2197 4196 gloria
2242 4111 2485 4174 mortis.

232 4221 332 4284 An
399 4216 610 4304 gloria
678 4218 922 4301 primae
995 4219 1222 4280 mortis
1294 4216 1649 4281 Protesilao
1720 4217 1867 4282 data
1936 4223 2071 4282 erat
2140 4223 2483 4300 antequam
2552 4216 2621 4277 in

232 4325 520 4390 hostium
583 4330 821 4388 terram
885 4319 1334 4387 advenissent?
1396 4321 1533 4400 Quo
1597 4329 1885 4406 tempore
1945 4327 2079 4408 ipse
2139 4344 2211 4388 eo
2258 4320 2426 4406 quod
2471 4316 2614 4385 Gal-

230 4431 529 4498 chantem
567 4431 872 4494 acerrime
908 4429 1256 4513 increpuit,
1299 4449 1366 4494 se
1405 4429 1672 4493 minime
1712 4433 2043 4494 mortuum
2082 4448 2215 4495 esse
2255 4426 2363 4495 sed
2386 4427 2609 4493 vivere
