3246 5085
900 1029 1041 1122 DE
1096 1029 1605 1126 Pmlffloo
1665 1033 2098 1128 FABULA
2154 1035 2754 1178 sommum

1707 1273 1956 1317 scmvsrr

1520 1455 2137 1524 K.KU1PER

1673 1707 1992 1805 -ᾉ-μ-

1800 2023 1850 2088 1.

710 2240 783 2307 In
852 2242 1158 2308 Photiani
1224 2241 1444 2309 Lexici
1504 2242 1903 2330 fragmento,
1971 2242 2140 2329 quod
2203 2264 2282 2308 ex
2345 2240 2556 2308 codice
2617 2240 3031 2307 Berolinensi

620 2345 782 2429 (cod.
832 2346 1040 2413 Berol.
1089 2345 1313 2414 Graec.
1362 2354 1483 2414 oct.
1532 2348 1648 2430 22)
1693 2350 1881 2414 initio
1930 2349 2126 2414 huius
2172 2351 2319 2415 anni
2367 2347 2568 2414 edidit
2607 2347 2682 2414 R.
2723 2347 3033 2414 Reitzen-

620 2456 818 2534 stein,
866 2476 931 2540 p.
966 2453 1189 2520 91.18
1228 2455 1384 2520 haec
1420 2454 1638 2544 glossa
1677 2455 1955 2542 legitur:
2007 2455 2480 2535 ’Audi-opor
2533 2455 3028 2535 Εὐριπίδης·

623 2562 929 2641 ,,”Λφιδνε
980 2562 1180 2635 Γαίας
1230 2564 1317 2628 υἱὲ
1365 2570 1477 2636 τῆς
1524 2562 1896 2643 ἑμήτορος”,
1945 2558 2061 2627 οἷον
2108 2572 2221 2637 τῆς
2269 2563 2668 2644 αὐτόχθονος,
2711 2564 3032 2648 interpre-

617 2672 777 2735 tatio
838 2668 1119 2756 profecto
1181 2690 1307 2735 non
1371 2676 1665 2736 accurate
1730 2674 2017 2749 servata,
2079 2689 2231 2736 nam
2279 2690 2403 2734 non
2462 2666 2790 2734 Tellurem
2839 2668 3032 2733 αὐτό-

616 2776 808 2857 χθονα
852 2774 1101 2841 dixerat
1138 2778 1602 2863 grammaticus
1643 2778 1748 2841 cui
1786 2776 1948 2841 hanc
1987 2776 2464 2841 adnotationem
2496 2773 2682 2841 debet
2702 2775 3025 2852 photius,

616 2880 727 2947 sed
788 2881 1200 2967 Aphidnum,
1262 2886 1328 2947 et
1385 2882 1536 2948 haec
1582 2884 1722 2969 ipsa
1768 2885 1829 2947 ei
1875 2903 2065 2948 causa
2109 2882 2235 2947 fuit
2283 2886 2357 2946 ut
2402 2881 2794 2947 adiectivum
2843 2879 3025 2946 haud

614 2990 919 3075 ignotum
984 2989 1235 3067 ἀμήτωρ
1299 2990 1826 3074 interpretatione
1885 2990 2264 3068 instrueret3
2330 2990 2563 3074 corrigi
2625 2990 2845 3073 itaque
2897 2986 3025 3053 for-

616 3098 781 3159 tasse
827 3092 980 3159 licet
1044 3094 1225 3172 »ἀντὶ
1276 3098 1384 3159 τοῦ
1434 3094 1846 3175 αὐτόχθονος”
1900 3094 2048 3173 „vel
2100 3090 2214 3160 οἷον
2262 3092 2662 3175 αὖτόχθονε”.
2727 3094 2854 3160 Sed
2899 3094 3024 3159 hoc

614 3198 758 3265 leve
805 3204 922 3265 est.
987 3198 1157 3264 Nam
1206 3199 1518 3286 quidquid
1566 3202 1823 3287 scripsit
1868 3200 2088 3267 Photii
2131 3198 2468 3280 librarius,
2516 3201 2700 3266 nobis
2745 3205 3022 3287 gratum

613 3304 797 3382 fecit,
845 3307 1150 3391 quoniam
1198 3306 1562 3393 fragmento
1609 3327 1724 3372 nos
1772 3306 2006 3373 ditavit
2052 3305 2420 3393 Euripiden.

704 3408 928 3476 Itane?
1006 3410 1398 3499 Euripideo?
1475 3413 1620 3478 Non
1681 3416 1774 3478 ita
1836 3419 2050 3479 censet
2115 3412 2686 3491 Wilamowitzius‚
2761 3414 2875 3498 qui
2947 3414 3018 3478 in

611 3517 957 3583 Academia
1020 3518 1224 3604 Regia
1287 3518 1688 3586 Berolinensi
1759 3542 1904 3585 cum
1979 3520 2343 3607 fragmenta
2412 3541 2450 3586 a
2515 3518 3018 3585 Reitzensteinio

610 3621 783 3690 edita
823 3620 1053 3688 multis
1101 3630 1166 3688 et
1212 3626 1648 3711 sagacissimis
1687 3618 2242 3691 obser'vationibus
2281 3624 2635 3691 illustraret
2655 3625 3016 3712 (Sitzungs-

606 3729 891 3796 berichte
954 3730 1066 3796 der
1128 3729 1210 3797 K.
1268 3731 1523 3797 Preuss.
1573 3731 1930 3797 Akademie
1977 3732 2087 3798 der
2135 3732 2672 3799 wissenschaften
2725 3730 2901 3799 1907
2954 3732 3012 3811 I)

606 3836 763 3902 haec
810 3838 1067 3923 scripsit
1115 3837 1193 3905 de
1238 3837 1487 3925 glossa,
1536 3859 1732 3925 quam
1781 3860 1972 3926 supra
2017 3838 2278 3905 rettuli:

702 3942 933 4009 Leider
991 3942 1155 4009 fehlt
1202 3944 1315 4010 der
1358 3945 1564 4010 Name
1612 3945 1721 4011 des
1768 3944 2070 4025 Dramas;
2122 3947 2272 4011 aber
2319 3946 2436 4010 wir
2481 3944 2832 4011 iibersehen
2881 3944 3007 4011 den

604 4048 915 4114 Nachlass
986 4048 1188 4116 dieses
1249 4051 1545 4117 Dichters
1592 4050 2004 4117 hinreichend
2027 4100 2043 4129 ,
2093 4072 2207 4117 um
2254 4050 2358 4118 die
2403 4050 2613 4139 Frage
2659 4051 3011 4117 anfwerfen

604 4174 683 4217 zu
749 4154 997 4234 diirfen,
1066 4178 1164 4221 wo
1227 4156 1469 4223 konute
1529 4157 1640 4222 der
1701 4155 2075 4244 Eponymos
2137 4158 2248 4223 der
2305 4157 2476 4224 alten
2541 4156 2721 4244 Burg
2766 4158 3005 4223 Person

606 4260 777 4336 sein,
843 4282 971 4326 von
1035 4262 1181 4327 dem
1222 4266 1365 4328 ’wir
1409 4264 1551 4329 hier
1593 4264 1696 4329 die
1745 4262 2136 4351 Genealogie
2181 4270 2313 4331 erst
2361 4264 2682 4330 erfahren:
2733 4265 2836 4329 ein
2884 4264 3009 4329 Ur-

604 4368 768 4431 riese
814 4368 903 4431 ist
948 4388 1017 4433 er
1063 4370 1185 4434 wie
1232 4368 1537 4448 Titakos,
1585 4370 1698 4435 der
1743 4370 1924 4436 nicht
1971 4374 2121 4436 weit
2167 4392 2288 4437 von
2335 4370 2474 4436 ihm
2515 4392 2593 4435 zu
2633 4370 2853 4435 Hause
2896 4372 3003 4436 ist.

602 4471 745 4540 Nur
802 4474 867 4537 in
934 4473 1045 4538 der
1098 4471 1481 4543 Geschichte
1527 4497 1682 4542 vom
1731 4476 1911 4541 Raub
1961 4475 2238 4542 Helenae
2287 4475 2419 4541 und
2466 4475 2611 4541 dem
2659 4474 2837 4562 Zuge
2889 4474 3001 4540 der
