3246 5085
1308 346 1615 395 nonnus.
2528 331 2657 397 411

364 514 702 581 Tractatur
762 513 999 600 duplex
1062 516 1367 599 quaestio.
1418 512 1598 579 Sitne
1648 512 1821 579 ellu
1842 535 1910 579 m
1962 512 2238 599 simplex
2285 536 2364 579 an
2413 536 2665 602 compo-

269 624 506 699 situm,
556 623 723 686 sitne
768 640 1118 706 pronomen
1167 641 1247 685 an
1294 618 1719 686 adverbium?

358 727 725 793 Secundum
784 726 1114 793 Donatum
1175 729 1241 791 in
1299 728 1456 792 Arte
1517 746 1798 814 gramm.
1863 733 1962 807 est
2024 748 2372 812 pronomen
2415 727 2666 793 casibus

267 834 563 900 deficiens
593 834 661 913 ¹).
724 835 1067 899 Praeterea
1127 838 1343 899 autem
1408 834 1848 921 distinguebat
1891 833 2154 899 ellum
2208 839 2536 900 vetustum
2583 860 2664 887 =

270 940 537 1007 ollum
599 940 853 1006 illum
916 948 1073 1025 (qua
1136 940 1213 1005 de
1278 962 1345 1005 re
1408 943 1477 1005 in
1527 938 1640 1006 Gr.
1690 940 1831 1005 Lat.
1881 940 2050 1005 nihil
2099 941 2398 1021 traditur)
2446 948 2510 1005 et
2558 938 2662 1005 el-

262 1048 749 1113 lum=ecce
798 1045 931 1126 (vel
984 1054 1101 1127 en)
1149 1046 1422 1111 illum.
1471 1047 1705 1111 Nostro
1752 1056 1971 1111 autem
2022 1047 2161 1113 loco
2210 1050 2346 1134 ipse
2395 1045 2660 1112 ellum

260 1156 673 1238 interpretari
698 1152 957 1218 videtur
994 1154 1279 1218 archaice
1315 1179 1393 1203 =
1430 1151 1716 1231 illum,
1759 1160 1825 1218 et
1849 1154 2041 1219 refert
2063 1156 2660 1239 interpretationem

272 1258 757 1347 „quorundam”
791 1259 1033 1337 (Probi,
1075 1261 1263 1344 Aspri
1282 1256 1332 1337 ἲ)
1375 1261 1485 1343 qui
1533 1280 1721 1323 ecce
1767 1236 2018 1325 illum
2055 1259 2434 1346 intelligunt
2459 1263 2666 1337 „tam-

270 1387 466 1451 quam
527 1387 641 1452 pro
702 1369 841 1451 ipso
906 1364 1222 1446 (Critone)
1285 1363 1553 1429 domum
1604 1362 1894 1451 Glycerii
1943 1364 2275 1431 ostendet”
2325 1366 2437 1430 ubi
2485 1362 2663 1429 Crito

268 1478 577 1538 moratur.
622 1471 709 1536 Et
756 1472 910 1537 haec
958 1471 1219 1556 quidem
1269 1473 1715 1556 interpretatio
1756 1473 1940 1535 unice
1978 1474 2150 1535 iusta
2187 1476 2284 1535 est
2322 1471 2428 1549 (cf.
2469 1470 2666 1555 Spen-

268 1577 378 1666 gel
425 1578 504 1644 ad
548 1579 611 1645 h.
638 1577 683 1643 1.
734 1584 798 1643 et
844 1577 965 1643 Ad.
1014 1577 1169 1643 260.
1222 1576 1402 1656 389).
1456 1576 1608 1642 Post
1656 1577 1811 1642 haec
1861 1586 2078 1641 autem
2128 1577 2325 1642 verba
2373 1576 2664 1642 Donatus

266 1689 333 1751 in
387 1684 505 1767 (3),
573 1721 657 1734 -
720 1688 777 1749 si
837 1682 1165 1769 paulisper
1224 1686 1591 1750 omittimus
1657 1705 1764 1749 vv.
1831 1686 2060 1767 „quasi
2121 1705 2200 1749 en
2267 1682 2525 1760 illum'',
2576 1719 2660 1731 -

268 1792 428 1856 bene
491 1794 581 1856 sio
641 1792 889 1877 pergit:
950 1796 1095 1868 „est
1158 1792 1363 1867 enim,
1431 1796 1505 1853 ut
1564 1788 1676 1854 alii
1723 1788 1953 1855 volunt
1998 1810 2382 1875 pronomen,
2431 1794 2506 1854 ut
2551 1787 2664 1853 alii

270 1897 647 1963 adverbium
720 1896 1293 1973 demonstrantis’';
1367 1897 1531 1961 hanc
1602 1894 2022 1962 differentiam
2093 1899 2158 1961 in
2232 1896 2352 1961 hoc
2421 1893 2660 1961 scholio

270 2002 527 2069 silentio
575 2005 781 2089 premi
827 2024 953 2067 non
1001 2003 1335 2088 oportebat
1362 2000 1433 2083 ²),
1480 2008 1672 2088 atque
1723 2023 1796 2068 ea
1841 2004 1961 2069 boc
2008 2006 2146 2088 ipso
2194 2002 2332 2069 loco
2372 2004 2660 2088 apposite

268 2109 913 2185 commemorabatur,
965 2111 1117 2193 quia
1163 2112 1229 2173 in
1276 2109 1800 2194 praecedentibus
1848 2116 2119 2195 utraque
2167 2110 2330 2174 ratio
2370 2109 2661 2174 adhibita

271 2222 439 2282 erat:
487 2214 744 2280 ellum
782 2240 863 2265 =
903 2214 1095 2280 illum
1122 2242 1199 2267 =
1225 2236 1615 2301 pronomen,
1663 2221 1728 2281 et
1773 2214 2036 2282 ellum
2078 2242 2158 2268 =
2195 2217 2264 2281 in
2311 2215 2498 2281 domo
2545 2214 2660 2280 illa

268 2350 349 2374 =
392 2320 772 2388 adverbium
822 2318 1337 2387 demonstrantis.
1385 2322 1561 2402 Quae
1607 2327 1821 2388 tamen
1871 2330 2233 2409 sequuntur
2281 2344 2468 2400 „nam
2519 2342 2661 2406 pro-

272 2450 503 2493 nomen
712 2426 1007 2507 ellus”,
1056 2430 1331 2513 repetita
1374 2449 1450 2492 ex
1500 2428 1730 2493 scholii
1769 2428 1864 2511 (2)
1903 2432 2119 2507 initio,
2169 2430 2451 2494 insiticia
2487 2433 2659 2492 sunt.

272 2534 511 2615 Verba,
562 2557 722 2621 quae
769 2535 959 2602 modo
1008 2536 1419 2612 omittebam,
1474 2538 1703 2621 „quasi
1750 2559 1828 2603 en
1874 2535 2112 2603 illum”
2163 2536 2314 2602 ferri
2363 2541 2660 2622 possunt,

268 2645 323 2708 si
368 2645 733 2729 iunguntur
779 2664 927 2708 cum
973 2644 1401 2729 praegressis:
1456 2692 1469 2708 .
1504 2690 1517 2706 .
1549 2693 1563 2707 .
1616 2644 1948 2720 „ostendat
1995 2643 2216 2710 Davus
2267 2643 2478 2709 dicens
2530 2640 2660 2719 „el-

267 2747 474 2826 lum”,
538 2751 715 2834 qnasi
776 2770 869 2814 en
917 2747 1199 2827 illum,
1250 2770 1377 2834 quo
1425 2769 1596 2815 nunc
1649 2752 1856 2814 utitur
1903 2749 2190 2816 Donatus
2237 2750 2418 2833 quasi
2465 2769 2656 2834 syno-

268 2875 469 2940 nymo
516 2859 623 2919 τοῦ
673 2875 855 2920 ecoe
901 2853 1157 2920 illum
1204 2853 1395 2940 paulo
1444 2861 1591 2919 ante
1639 2854 1926 2920 adhibiti.
2399 2879 2404 2882 ·

365 2958 651 3045 Denique
702 2963 769 3025 in
818 2959 914 3041 (4)
958 2960 1185 3026 Editor
1231 2960 1654 3026 differentiam
1700 2980 1737 3024 a
1783 2959 2033 3026 Donato
2082 2959 2353 3026 relatam
2397 2963 2653 3046 proprio

270 3067 481 3132 Marte
528 3067 778 3132 dirimit
822 3089 1087 3134 monens
1134 3069 1301 3133 mira
1345 3067 1667 3132 latinitate
1702 3087 1837 3132 esse
1879 3067 2301 3144 „adverbium
2345 3070 2655 3153 composi-

268 3179 415 3239 tum
477 3194 553 3238 ex
618 3174 1061 3260 pronomine’',
1110 3173 1415 3260 additque
1458 3181 1527 3237 ut
1572 3173 1857 3252 diximus,
1907 3176 2060 3258 quia
2105 3175 2316 3239 utitur
2347 3177 2450 3238 ‚eis
2495 3194 2656 3258 quae

267 3284 337 3344 in
386 3278 736 3345 commenti
782 3279 1045 3346 scholiis
1090 3280 1187 3360 (2)
1214 3279 1310 3360 (3)
1359 3282 1714 3346 invenerat.

363 3385 417 3450 E
476 3384 741 3471 reliquis
802 3385 1059 3452 scholiis
1119 3389 1405 3471 primum
1467 3389 1826 3473 genuinum
1890 3393 1986 3452 est
2047 3392 2296 3472 praeter
2343 3386 2662 3453 emblema

344 3665 397 3726 1)
450 3664 508 3712 G.
543 3663 600 3712 L.
645 3663 715 3711 Iv
766 3663 989 3711 880.8o=
1042 3663 1193 3711 ‚Sunt
1236 3659 1520 3726 pronomina
1565 3676 1687 3724 qnae
1734 3677 1829 3710 non
1864 3677 1948 3727 per
1983 3676 2148 3711 omnes
2184 3677 2318 3712 casus
2348 3660 2663 3722 declinantur,

272 3748 326 3796 nt
372 3761 597 3795 eccum
640 3759 895 3804 socam,
938 3743 1150 3793 ellum
1198 3743 1438 3802 ellam,
1480 3743 1685 3792 cuins
1728 3743 1885 3793 cuia
1928 3743 2208 3804 cuinm”,
2243 3747 2355 3794 cett.
2391 3743 2463 3794 cf.
2492 3744 2660 3810 Pomp.

272 3829 313 3877 v
341 3829 663 3976 {Ragonio
696 3909 815 3959 trita
844 3907 893 3957 in
930 3906 1120 3968 scholis,
1152 3907 1211 3956 cf.
1250 3907 1397 3956 Prisc.
1432 3907 1484 3956 11
1523 3909 1636 3956 593.
1655 3908 1746 3958 252
1789 3907 2082 3972 ‚Quaeritur
2113 3923 2272 3956 eccum
2301 3879 2485 3968 eccam,
2507 3907 2656 3959 ellum

270 3993 429 4050 ellam,
464 4008 593 4042 eccos
629 4007 775 4050 eccas,
810 4005 993 4040 meeum
1028 3993 1185 4038 tecum
1219 4005 1395 4050 secum,
1424 3989 1666 4038 nobiscum
1697 3988 1935 4039 vobiscum
1964 3989 2250 4054 pronomina
2279 3989 2376 4038 sint
2394 3989 2656 4056 composita

270 4091 329 4125 an
377 4074 633 4126 adverbia?
678 4074 752 4123 Ad
798 4073 925 4136 quod
958 4071 1209 4120 dicendum
1244 4073 1370 4136 quod
1406 4069 1628 4120 adverbia
1661 4086 1886 4136 personas
1919 4070 2062 4120 simul
2097 4078 2146 4120 et
2183 4086 2405 4121 numeros
2439 4077 2488 4120 et
2521 4087 2655 4121 casus

267 4159 318 4208 in
366 4158 531 4208 eodem
580 4155 751 4206 habere
794 4171 890 4204 non
936 4160 1133 4220 possunt
1286 4158 1398 4203 aunt
1440 4154 1594 4217 igitar
1628 4154 1730 4203 sine
1766 4152 1910 4204 dubio
1946 4154 2280 4219 pronomina’'.
2330 4152 2454 4203 Ibid.
2492 4154 2600 4203 596.
2623 4155 2654 4204 8

274 4242 671 4306 ‚Componnntur
714 4238 860 4288 etiam
893 4253 1001 4286 curn
1039 4236 1276 4286 adverbiis
1308 4235 1613 4302 pronomina:
1659 4251 1819 4286 eccum
1860 4271 1873 4286 .
1894 4271 1939 4286 ..
1975 4236 2126 4286 ellum
2161 4274 2173 4286 .
2199 4271 2212 4286 .
2233 4235 2393 4300 equid
2427 4238 2497 4285 est
2531 4235 2657 4286 enirn

269 4338 431 4373 eoenm
468 4322 559 4372 nisi
594 4337 698 4371 ecce
731 4337 838 4370 eum
852 4318 905 4369 θ’·

336 4405 545 4456 Attende
592 4403 834 4452 Editorem
870 4401 919 4451 in
953 4405 1023 4464 (3)
1056 4401 1248 4451 insolite
1283 4401 1431 4464 loqui,
1468 4415 1561 4449 non
1596 4400 1655 4449 de
1691 4398 2085 4466 ‚pronominibus
2123 4399 2446 4466 compositis”‚
2482 4399 2561 4448 sed
2598 4399 2655 4448 de

269 4487 523 4539 ‚adverbio
557 4483 853 4553 composito”
887 4489 935 4535 et
966 4483 1159 4550 quidem
1200 4483 1317 4533 -ex”
1350 4482 1657 4550 pronomine.
