3246 5085
1360 333 1675 386 nom-rus.
2369 399 2382 413 ἱ
2585 317 2713 384 281

328 501 558 568 Recte:
606 523 731 569 non
777 503 953 568 enim
1000 503 1374 582 fortuna,
1423 505 1657 590 inquit,
1709 524 1944 571 avarus
1994 507 2091 569 est
2138 501 2250 569 sed
2295 505 2620 569 natura.

326 607 647 695 Lepidum
680 608 846 674 illud
886 609 1209 697 „inquit’',
1248 612 1431 696 quasi
1470 608 1637 678 Geta
1676 613 1768 677 sio
1806 607 2323 697 philosophetur!
2455 610 2712 677 Tertius

326 721 825 783 commentator·
850 717 1101 784 addidit
1148 717 1245 800 (3)
1295 717 1728 805 „Ingenium”
1781 720 2080 786 omnium
2127 739 2207 784 an
2255 715 2540 784 domini?
2585 717 2714 784 Sed

328 822 575 888 domini
620 827 855 911 magis.

414 929 577 996 Ibid.
627 930 716 996 24
783 930 1061 996 Memini
1106 930 1384 1018 relinqui
1430 953 1535 998 me
1582 938 1649 1014 (a
1695 933 1981 1015 senibus)
2029 930 2148 998 deo
2196 933 2360 998 irato
2406 951 2550 997 meo

414 1035 577 1103 Don.
641 1037 739 1119 (1)
801 1037 907 1104 Βία
970 1036 1299 1125 Vergilius
1349 1060 1506 1118 „neo
1554 1039 1621 1104 di
1669 1045 1885 1106 texere
1931 1037 2306 1125 Cupencum
2353 1040 2564 1104 Aenea
2608 1059 2714 1104 ve-

322 1145 539 1210 niente
602 1143 748 1210 sui”
813 1143 967 1224 (XII
1015 1143 1197 1226 538).
1258 1143 1403 1211 Hoc
1466 1146 1691 1231 Asper,
1760 1145 1870 1212 sed
1933 1146 2099 1211 mihi
2164 1145 2425 1212 videtur
2471 1143 2550 1210 ad
2598 1145 2719 1210 hoo

320 1247 639 1317 addidisse
677 1250 957 1330 .„meo’',
1017 1272 1096 1317 ne
1157 1257 1325 1318 esset
1386 1251 1776 1332 ἀμφίβολον,
1829 1254 1934 1318 oui
1982 1252 2221 1318 diceret
2270 1254 2479 1330 „irato
2524 1249 2712 1318 deo’'.

320 1357 605 1424 Naevius
671 1359 743 1422 in
814 1356 1149 1444 Stalagmo
1213 1365 1303 1437 „†
1363 1360 1504 1425 nisa
1565 1359 1685 1425 deo
1747 1380 1893 1425 meo
1955 1360 2232 1445 propitio
2291 1377 2476 1424 meus
2521 1358 2716 1423 homo

320 1463 487 1532 est”.
624 1464 723 1546 (2)
785 1463 1009 1544 „Deo”
1073 1464 1408 1531 domino
1472 1465 1666 1545 dicit,
1731 1487 1812 1531 an
1874 1486 2025 1532 vere
2092 1461 2341 1544 „d00”?
2477 1462 2576 1545 (3)
2621 1462 2711 1530 Et

318 1571 477 1638 bene
526 1570 757 1649 „meo”
802 1592 883 1637 ne
928 1576 1094 1637 esset
1139 1572 1527 1652 ἀμφίβολον.

410 1675 601 1742 quta
646 1675 1009 1743 Donateum
1056 1663 1155 1757 (1)
1201 1679 1504 1744 audimus
1550 1678 1756 1745 alium
1803 1680 2194 1766 magistrum
2230 1675 2338 1744 vel
2373 1676 2705 1743 Editorem

316 1783 388 1848 in
434 1782 552 1864 (2),
600 1789 667 1848 et
710 1788 1085 1869 excerptum
1132 1782 1367 1851 Donati
1413 1788 1480 1849 in
1528 1784 1650 1867 (3).

411 1889 645 1956 Donati
689 1895 789 1954 est
833 1889 1039 1956 denuo
1084 1889 1284 1957 schol.
1332 1891 1431 1972 (4)
1480 1891 1619 1976 [Et]
1670 1895 1761 1958 sio
1801 1892 1969 1958 dixit
2011 1892 2324 1970 „memini
2360 1888 2710 1975 relinqui'',

316 2000 396 2062 ut
452 1998 521 2061 in
580 1995 821 2062 Andria
886 1999 1197 2074 „memini
1242 1997 1503 2065 videre’'
1554 1998 1644 2078 (II
1692 1997 1753 2064 5.
1785 1997 1898 2080 18)
1943 2005 2010 2066 et
2059 1999 2372 2077 „memini
2418 2018 2523 2061 me
2569 1995 2709 2062 fieri

314 2101 601 2189 pavum'’
646 2101 917 2168 Ennius.
1054 2102 1233 2169 Idem
1282 2104 1656 2191 exemplum
1706 2105 1866 2173 Don.
1916 2102 2174 2172 rettulit
2218 2102 2298 2170 ad
2346 2102 2544 2169 Andr.
2587 2100 2708 2180 l.1.‚

312 2215 379 2276 et
447 2209 529 2274 ad
596 2207 717 2274 Ad.
765 2208 797 2274 I
841 2209 906 2275 2.
933 2207 1021 2275 26
1069 2208 1195 2275 alia
1241 2210 1318 2276 de
1372 2232 1595 2279 eausa:
1647 2215 1746 2293 (2)
1795 2211 2094 2292 „Fieret”
2142 2209 2450 2298 producta
2495 2211 2704 2295 prima

314 2313 587 2404 syllaba,
634 2313 885 2381 Ennius
933 2338 1065 2396 „m.
1113 2338 1203 2382 m.
1253 2317 1296 2384 f.
1345 2317 1454 2403 p.”
1487 2317 1555 2400 ¹).

408 2420 645 2489 Contra
701 2424 981 2508 Asprum
1002 2471 1020 2502 ,
1084 2425 1197 2508 qui
1258 2424 1487 2504 „meo”
1551 2447 1807 2492 merum
1869 2427 2302 2512 possessivum
2349 2441 2702 2510 pronomen

308 2552 444 2597 esse
516 2529 930 2597 existimabat
995 2533 1072 2596 ut
1138 2533 1207 2596 in
1266 2531 1563 2618 exemplo
1627 2531 2034 2620 Vergiliano,
2099 2530 2391 2597 Donatus
2453 2528 2696 2616 profert
2747 2550 2750 2555 ·

306 2636 682 2723 exemplum
741 2636 1010 2715 Naevii,
1070 2638 1185 2702 ubi
1232 2639 1464 2715 „meo”
1513 2640 1645 2705 fere
1691 2642 1777 2705 sit
1824 2639 2075 2720 „mihi”
2123 2645 2190 2705 et
2237 2637 2407 2703 κατὰ
2456 2636 2694 2701 συνέσιν

304 2746 507 2811 etiam
574 2741 845 2829 pendeat
912 2763 952 2809 a
1024 2744 1411 2830 „propitio'’‚
1482 2752 1559 2810 ut
1621 2745 1792 2833 apud
1855 2745 2230 2813 Terentium
2289 2745 2367 2810 ab
2419 2740 2696 2821 ,‚irato'’.

307 2850 731 2915 Manifestum
776 2854 908 2929 est,
956 2848 1330 2936 exemplum
1376 2849 1782 2917 Naevianum
1829 2852 1908 2917 ab
1951 2855 2093 2938 ipso
2138 2850 2410 2929 Donate,
2451 2870 2576 2914 non
2617 2846 2696 2913 ab

308 2957 514 3041 Aspro
529 3002 547 3033 ,
620 2954 699 3021 ad
767 2956 939 3020 huno
1006 2954 1221 3021 locum
1286 2954 1558 3022 allatum
1620 2978 1758 3023 esse
1792 2957 1867 3039 ²).
1939 2955 2188 3023 Similis
2249 2955 2695 3039 interpretatio

306 3061 558 3149 legitur
600 3063 671 3127 in
716 3062 959 3127 scholio
1006 3061 1167 3128 Dan.
1216 3062 1295 3127 ad
1346 3064 1499 3129 Aen.
1550 3062 1613 3129 Π
1663 3062 1794 3128 396
1847 3062 2083 3143 „Haud
2129 3063 2394 3128 numine
2432 3056 2693 3125 nostro’'

375 3321 431 3387 1)
464 3320 709 3372 Donatum
744 3324 894 3371 semet
928 3320 1084 3387 ipsum
1118 3321 1306 3389 saepius
1338 3321 1615 3388 repetivieee
1647 3321 1706 3372 ad
1741 3321 1953 3389 singulae
1982 3320 2166 3372 fabulae
2195 3320 2292 3371 ium
2319 3335 2463 3385 eupre
2493 3318 2699 3379 ostendi,

300 3419 412 3455 oum
450 3404 508 3454 de
543 3402 907 3470 repetitionibus
940 3420 1145 3469 egerem.
1231 3405 1482 3469 Regulum,
1516 3421 1662 3471 quam
1699 3406 2062 3455 Weeenerue
2096 3402 2257 3470 posuit
2283 3405 2332 3453 et
2360 3404 2419 3453 ad
2450 3402 2536 3452 hoe
2565 3402 2693 3451 loooe

300 3485 539 3552 applicuit
579 3488 731 3549 (Aen.
768 3488 883 3553 Aep.
918 3502 963 3553 p.
1001 3486 1115 3549 36)=
1167 3488 1509 3551 ‚Auszugehen
1544 3488 1609 3538 iet
1639 3504 1732 3537 von
1767 3486 1874 3537 dem
1910 3487 2197 3547 Gruudeatz,
2228 3487 2350 3547 duee,
2382 3501 2453 3536 wo
2487 3483 2690 3535 dieeelbe

300 3568 579 3633 Erkliruug
622 3568 835 3619 zweimal
878 3568 1101 3634 vorliegt,
1145 3569 1400 3635 gleiohviel
1445 3569 1505 3619 ob
1552 3569 1632 3619 die
1665 3570 1810 3621 Form
1847 3570 1932 3620 der
1964 3570 2184 3620 Scholien
2219 3568 2437 3619 wortlioh
2471 3566 2690 3617 fibereiu·

298 3651 489 3701 stimmt
532 3651 646 3700 oder
692 3650 843 3710 nieht,
877 3650 1007 3702 dieue
1042 3651 1316 3715 Erkliirung
1350 3666 1435 3701 aue
1469 3651 1577 3702 dem
1610 3652 1825 3702 :weimal
1859 3652 2181 3717 exzerpierten
2219 3650 2688 3701 Douetkommeutar

298 3732 547 3792 etennff.
596 3738 703 3801 poet
737 3750 793 3783 ee
826 3750 947 3799 queo
981 3734 1033 3784 in
1066 3734 1361 3801 praefatione
1394 3734 1746 3800 disquisitionis
1779 3735 1973 3802 exposui
2008 3735 2225 3785 refellere
2241 3734 2554 3801 supersedeo.

368 3816 503 3867 Idem
553 3816 771 3883 loquitur
812 3817 871 3867 de
921 3820 1323 3867 ‚commentatore
1368 3816 1520 3881 Ego”,
1572 3818 1650 3868 eui
1695 3822 1888 3868 tantum
1935 3834 2033 3867 nou
2061 3817 2229 3887 ‘omnia
2263 3816 2445 3865 eeholia
2473 3830 2562 3881 per
2593 3830 2690 3880 eqo,

298 3898 419 3949 naus·
444 3898 629 3949 videtur
651 3899 758 3949 eim.
796 3898 1051 3949 tribuenda
1082 3898 1180 3949 siut
1216 3898 1349 3959 (ibid.
1383 3915 1428 3965 p.
1452 3899 1532 3957 87,
1554 3900 1619 3950 88
1638 3900 1788 3965 adm),
1824 3901 1906 3949 sed
1943 3900 2032 3949 hoo
2071 3900 2174 3949 loco
2211 3902 2284 3949 eet
2317 3899 2418 3963 ipse
2455 3900 2689 3957 Donatus,

299 3986 357 4032 ut
418 3980 477 4030 ud
539 3982 687 4032 Andr.
733 3980 814 4030 111
851 3980 899 4031 2.
921 3982 945 4029 1
967 3982 1055 4043 (4),
1102 3980 1224 4031 Eun.
1274 3980 1343 4031 IV
1375 3984 1408 4032 4
1444 3982 1614 4044 22(2),
1651 3981 1900 4043 7.16(2);
1962 3979 2078 4031 alibi
2131 3983 2292 4030 eutem
2347 3979 2689 4045 Interpoletor‚

296 4063 431 4114 velut
488 4063 549 4112 ad
606 4063 754 4114 Andr.
801 4063 859 4112 11
904 4061 1121 4127 4705).
1184 4062 1310 4113 Eun.
1342 4061 1384 4110 V
1426 4061 1630 4129 1.7(2),
1680 4065 1726 4113 8.
1746 4064 1899 4125 49(9)
1965 4064 2074 4113 ,ned
2125 4062 2246 4112 mihi
2307 4050 2544 4115 videtuff'.
2609 4062 2684 4113 Cf.

297 4147 485 4196 Muem.
521 4144 735 4195 XXXIII
770 4161 818 4212 p.
856 4144 971 4198 223.

360 4226 418 4293 2)
464 4226 621 4277 Aliter
668 4227 898 4277 Weeeu.
952 4225 1004 4275 iu
1056 4228 1180 4293 App.
1225 4228 1285 4277 ed
1329 4225 1379 4278 h.
1401 4225 1461 4277 Ι..
1518 4226 1680 4276 ‚Fieri
1715 4230 1875 4277 eutem
1909 4213 2085 4293 potuit,
2124 4230 2178 4278 ut
2211 4226 2432 4279 Donatus
2463 4228 2516 4277 iu
2550 4227 2692 4293 Aepri

290 4312 559 4360 commento
614 4309 914 4359 Naevieuum
965 4308 1237 4375 exemplum
1290 4308 1531 4359 inveniret
1585 4312 1638 4359 et
1683 4324 1821 4359 suum
1862 4309 1914 4359 iu
1948 4326 2086 4360 usum
2121 4308 2472 4360 converteret’'.
2509 4311 2689 4360 Verum

290 4391 398 4455 ipse
430 4391 555 4441 ratio
586 4393 636 4440 et
666 4406 885 4457 expresse
922 4390 1097 4441 Donati
1131 4390 1277 4441 verbe
1316 4390 1469 4441 -Hoo
1502 4393 1671 4457 Asper,
1707 4391 1786 4441 eod
1821 4391 1982 4441 mihi
2017 4392 2244 4443 videtui-'⁹
2272 4396 2434 4443 vetere
2458 4393 2683 4445 videntur

292 4474 548 4542 quominus
580 4473 647 4523 sio
680 4476 918 4542 putemus.
