3246 5085
643 324 783 389 128
1600 340 2070 393 nonnonoaus.

636 527 754 591 pro
818 506 943 571 ἀπὸ
1008 510 1121 577 τῆς
1184 502 1472 577 παιδείας
1532 527 1671 583 μου,
1730 507 2078 571 verborum
2127 504 2281 571 ordo
2328 526 2535 571 novus
2579 508 2646 571 et
2689 503 3035 570 inauditus

643 618 707 676 et
768 611 874 677 vel
936 614 1004 676 in
1064 614 1433 697 posterioris
1495 614 1726 678 aetatis
1785 616 1990 698 poetis
2039 614 2173 677 sine
2220 612 2517 698 exemplo
2565 632 2699 677 esse
2741 611 3034 677 videtur.

639 717 714 781 In
775 738 899 802 quo
947 719 1145 782 etiam
1192 720 1404 803 magis
1449 717 1826 783 offendimus
1869 718 2036 803 quod
2083 721 2174 783 sic
2221 721 2572 783 arctissime
2626 718 3041 783 cohaerentia

638 826 706 887 in
771 822 929 888 duos
980 844 1201 888 versus
1248 822 1715 887 distrahuntur.
1763 822 1936 888 Illud
1985 845 2237 909 quoque
2284 822 2580 909 displicet
2625 823 2792 909 quod
2839 828 3042 909 poeta

639 932 1125 1015 epigrammatis
1188 931 1371 994 initio
1438 933 1760 994 neminem
1783 977 1798 1006 ,
1847 937 1922 995 ut
1967 952 2106 995 mos
2152 939 2322 1008 erat,
2372 930 2604 995 diserte
2653 929 3038 1014 alloquitur.

637 1036 926 1120 Denique
991 1038 1403 1101 mirationem
1468 1040 1688 1101 movet
1740 1056 1888 1101 eum
1933 1036 2308 1123 produxisse
2355 1035 2660 1101 ultimam
2707 1034 3038 1122 syllabam

637 1143 961 1226 participii
1008 1140 1179 1225 quod
1226 1147 1323 1205 est
1370 1142 1837 1221 ἀφυσσάμενος.
1887 1142 2055 1208 Nam
2103 1142 2447 1208 Homerico
2493 1148 2699 1207 metro
2747 1162 2886 1206 sero
2925 1161 3040 1205 na-

637 1256 780 1313 tum
828 1250 1331 1333 grammaticum
1379 1269 1572 1313 usum
1612 1269 1748 1314 esse
1789 1252 1932 1333 quis
1969 1246 2223 1314 credat?
2247 1246 2442 1335 ‚Cave
2481 1269 2563 1313 ne
2601 1268 2731 1313 una
2766 1246 3040 1312 literula

636 1356 1021 1439 transposita
1084 1356 1377 1418 omnium
1424 1355 1657 1419 harum
1703 1354 2143 1420 molestiarum
2197 1375 2386 1420 causa
2433 1356 2743 1419 extiterit.
2805 1352 3037 1417 Nonne

638 1480 799 1545 quae
844 1462 909 1524 in
958 1462 1170 1545 primo
1217 1480 1410 1525 versu
1458 1460 1672 1526 deficit
1716 1460 1906 1526 litera
1951 1486 2010 1539 σ,
2059 1461 2322 1527 eandem
2359 1463 2428 1524 in
2465 1459 2668 1525 altero
2705 1458 3034 1524 abundare

636 1563 862 1631 vides?
909 1564 1366 1631 Scribendum:

1000 1672 1225 1743 Αἷῶνος
1272 1672 1650 1751 ommium-⁹
1697 1672 2114 1752 ἀφυσσαμένη
2164 1674 2280 1737 ἀπ’
2330 1672 2532 1749 ἐμεῖο,

1092 1776 1373 1855 maasia,
1421 1779 1647 1854 μύθους
1695 1781 1875 1857 γνῶθι
1923 1777 2378 1857 παλαιγενέας.

641 1882 1106 1963 „Saeculorum
1168 1883 1581 1975 voluminugn
1643 1886 1976 1949 scientiam
2024 1906 2102 1949 ex
2148 1905 2253 1949 me
2299 1883 2588 1960 haurite,
2637 1903 2674 1947 o
2719 1884 2986 1946 iuvenes
3003 1926 3024 1957 ,

644 1993 1001 2076 priscasque
1050 1988 1299 2055 fabulas
1344 1992 1773 2075 cognoscite'’.

730 2094 1102 2161 Tenendum
1151 2098 1321 2160 enim
1369 2093 1648 2162 Graecos
1692 2116 1866 2161 serae
1913 2099 2142 2162 aetatis
2191 2096 2472 2159 παιδείαν
2520 2094 2754 2159 dixisse
2801 2092 3028 2158 eadem

640 2204 955 2269 sententia
1016 2222 1142 2285 qua
1205 2198 1420 2265 Latini
1480 2202 1842 2265 iuventutem
1897 2204 1940 2266 i.
1969 2223 2024 2266 e.
2073 2222 2325 2286 pueros.
2374 2198 2576 2267 Cuius
2623 2202 2716 2263 rei
2762 2198 3022 2283 quidem

636 2307 841 2374 lexica
905 2328 1110 2371 unum
1172 2307 1617 2372 tantummodo
1681 2306 2052 2393 exemplum
2097 2308 2429 2383 adferunt,
2479 2305 2589 2371 sed
2632 2308 2726 2369 ita
2773 2324 3028 2389 compa-

636 2419 852 2479 ratum
899 2420 973 2477 ut
1018 2412 1295 2477 alterum
1343 2414 1453 2477 vix
1502 2411 1835 2477 desideres.
1883 2412 2205 2477 Lucienus
2251 2414 2457 2490 enim,
2507 2410 2626 2475 hoc
2673 2415 2843 2475 certe
2881 2408 3023 2474 loco

639 2520 908 2584 minime
969 2519 1162 2583 attice
1223 2515 1510 2596 locutus,
1560 2519 1782 2583 Amor.
1835 2539 1888 2583 c.
1938 2516 2043 2597 VI,
2094 2518 2208 2583 ubi
2253 2516 2723 2583 adulescentem
2771 2514 3024 2581 inducit

640 2645 678 2690 a
716 2645 951 2710 magna
989 2630 1243 2690 caterva
1280 2627 1637 2689 amicorum
1677 2624 2046 2704 deductum,
2087 2625 2560 2704 παρηκολούθει,
2599 2625 2848 2708 inquit,
2883 2645 3025 2685 παι-

636 2731 807 2802 δείας
855 2732 1119 2808 λιπαρὴς
1167 2730 1378 2809 ὄχλος.
1442 2729 1625 2810 Quod
1671 2733 1887 2817 potuit
1931 2729 2286 2807 Lucianus,
2330 2730 2504 2794 idem
2551 2727 2778 2814 procul
2825 2727 3021 2792 dubio

636 2839 852 2923 potuit
896 2839 1360 2922 grammaticus
1408 2841 1621 2901 noster
1668 2836 1939 2902 Luciani
1987 2840 2122 2903 sive
2169 2835 2450 2922 aequalis
2497 2838 2670 2914 sive,
2718 2838 2794 2899 ut
2831 2839 3022 2919 putb,

632 2942 751 3009 illo
810 2943 1139 3028 aliquanto
1200 2944 1531 3008 recentior.
1594 2941 1798 3008 Plane
1858 2943 2058 3008 simili
2117 2943 2307 3008 modo
2353 2945 2720 3008 notissimae
2766 2938 3024 3005 tabulae

635 3047 865 3114 Iliacae
912 3055 1133 3113 auctor
1178 3068 1410 3134 pueros
1454 3047 1839 3133 alloquitur:

986 3148 1093 3218 Ὠ
1142 3153 1295 3233 Φίλε
1345 3161 1504 3233 παῖ,
1557 3153 1917 3234 Θεοδωρείην
1971 3153 2132 3232 μάθε
2179 3153 2357 3230 τάξιν
2406 3154 2696 3234 Ὀμήρου,

1080 3257 1243 3339 ὄφρα
1293 3258 1459 3330 δαεὶς
1508 3258 1716 3334 πάσης
1764 3258 1980 3340 μέτρον
2029 3259 2181 3340 ἔχῃς
2227 3260 2470 3340 σοφίης.

638 3358 1017 3430 Coniectura
1075 3384 1221 3429 mea
1282 3369 1567 3450 recepta,
1633 3385 1782 3430 cum
1834 3386 2023 3430 nemo
2069 3385 2378 3449 umquam
2428 3364 2820 3430 dubitaverit
2867 3366 3025 3450 quin

634 3473 1038 3556 epigramma
1098 3470 1173 3536 de
1238 3492 1362 3555 quo
1427 3474 1686 3557 agimus
1746 3492 1970 3538 revera
2033 3470 2112 3534 ad
2159 3471 2615 3536 bibliothecam
2663 3472 3019 3556 pertineat,

633 3579 926 3661 sequitur
971 3579 1144 3642 viros
1189 3575 1407 3641 doctos
1460 3576 1915 3643 bibliothecam
1961 3580 2030 3642 in
2074 3597 2269 3642 usum
2316 3596 2665 3662 puerorum
2711 3578 3024 3661 scriptam

634 3701 769 3746 esse
815 3684 1257 3747 existimantes
1301 3701 1529 3747 verum
1580 3682 1840 3749 vidisse.

725 3899 1001 3966 Transeo
1040 3897 1118 3964 ad
1156 3898 1361 3963 alium
1397 3897 1613 3964 locum
1653 3895 1999 3983 quemdam
2039 3894 2325 3962 eiusdem
2357 3891 2800 3962 bibliothecae.
2839 3890 3026 3961 Libri

631 4009 811 4072 tertii
848 4005 1280 4092 paragrapho,
1321 4025 1482 4089 quae
1521 4005 1588 4068 in
1628 4004 1906 4070 editione
1939 4001 2364 4089 Wagneriana
2402 4004 2724 4066 tricesima
2747 4001 3028 4067 secunda

632 4119 764 4190 est,
828 4113 1237 4176 continentur
1294 4109 1421 4174 duo
1468 4111 1832 4196 fragmenta
1877 4111 2034 4174 satis
2081 4106 2249 4173 male
2296 4108 2515 4172 habita
2560 4107 2838 4171 duorum
2887 4127 3028 4172 car·

631 4220 907 4294 minum·
933 4218 1295 4301 epicorum,
1346 4216 1580 4300 quibus
1629 4215 2169 4281 enumerabantur
2211 4216 2475 4278 nomina
2519 4233 2751 4278 canum
2800 4213 3026 4277 Actae-

630 4325 787 4388 onis.
848 4322 988 4386 Iam
1035 4321 1190 4386 haec
1232 4320 1593 4408 fragmenta
1639 4343 1762 4387 non
1813 4321 1891 4387 ab
1937 4323 2079 4407 ipso
2128 4327 2384 4385 auctore
2431 4317 2852 4384 bibliothecae
2899 4318 3022 4383 hoc

628 4427 767 4494 loco
829 4426 1089 4493 laudata
1146 4448 1281 4492 esse
1328 4448 1509 4512 posse
1554 4429 1962 4494 consentiunt
2007 4447 2246 4492 omnes.
2295 4422 2418 4490 Sed
2464 4427 2532 4490 in
2579 4424 2703 4489 fine
2751 4422 3022 4488 alterius
