3246 5085
760 376 1409 425 onenaununoumn
1454 375 1538 424 1111
1582 374 1734 425 man
1779 375 2058 425 1101111110.
2484 357 2616 426 387

230 542 641 607 iniectionem
703 543 875 629 parit
937 541 1333 620 adversario,
1400 543 1449 606 si
1516 541 1779 628 quidem
1825 544 1916 608 sic
1965 542 2396 628 supplendum
2446 548 2544 610 eet
2574 544 2621 625 ¹)

238 648 411 733 apud
458 647 785 713 Valerium
832 648 1114 714 Probum
1142 632 1239 729 2);’
1279 650 1590 734 quando
1639 672 1884 734 neque
1930 651 2054 713 ais
2097 672 2340 735 neque
2386 674 2624 733 neque

240 754 338 833 (ob
399 776 527 817 eam
585 776 707 818 rem
768 776 868 835 eqo
931 754 1043 817 tibi
1103 754 1438 817 sestertium
1500 754 1567 817 X
1620 755 1854 818 mil-ium
1899 778 2018 837 pro
2077 757 2343 821 iudicato
2390 780 2626 821 manum

236 859 473 941 inicio).
520 860 589 924 In
640 860 1079 946 personalibus
1126 863 1299 925 enim
1346 846 1468 925 hoc
1512 859 1660 946 plus
1701 866 1813 940 eet,
1856 862 2024 947 quod
2065 864 2441 948 respondere
2483 866 2627 949 quie

239 965 461 1045 debet3
502 987 691 1053 ergo,
731 988 935 1051 quum
974 966 1252 1045 ducitur,
1298 968 1736 1032 contumaciae
1774 967 1900 1032 fert
1939 989 2240 1054 poenam,
2277 972 2387 1055 qui
2423 991 2627 1056 neque

242 1075 370 1151 ait,
433 1093 637 1158 neque
698 1079 911 1159 negat.
975 1072 1156 1152 Quod
1216 1076 1385 1155 circa
1442 1075 1760 1138 actionem
1807 1075 1890 1138 ·in
1951 1096 2087 1140 rem
2117 1074 2169 1153 ³)
2219 1098 2445 1141 verum
2493 1097 2629 1143 esse

242 1182 441 1267 negat
486 1178 817 1245 Demeliue
843 1177 897 1259 ⁴)
946 1184 1012 1244 et
1056 1181 1197 1245 iure
1242 1182 1460 1266 negat.
1508 1181 1712 1266 Atqui
1757 1178 2022 1246 Lotmar
2065 1180 2381 1248 infitiatur
2405 1182 2476 1263 ³),
2517 1183 2631 1248 ubi

242 1287 307 1350 in
372 1306 509 1351 rem
572 1292 825 1373 agatur,
890 1284 1285 1370 adversario,
1350 1296 1571 1351 contra
1633 1290 1708 1351 ut
1770 1285 2086 1366 vindicet,
2151 1308 2405 1353 necesse
2457 1308 2627 1354 ease:

240 1393 527 1459 sufficere
590 1395 799 1472 enim,
873 1393 1040 1481 quod
1104 1398 1296 1480 neget
1358 1415 1494 1459 rem
1558 1395 1789 1460 actoris
1850 1413 2022 1472 esse;
2087 1416 2201 1459 nec
2250 1400 2553 1461 movetur
2577 1394 2629 1477 ⁰)

242 1503 623 1566 auctoritate
686 1498 812 1566 Gai
842 1498 912 1581 ²),
976 1498 1084 1566 vel
1144 1499 1323 1577 iden,
1388 1499 1557 1585 quod
1604 1520 1731 1563 non
1777 1502 2000 1564 statim
2051 1500 2130 1564 ad
2177 1522 2397 1567 veram
2444 1500 2628 1567 litem

241 1607 571 1672 transferri
618 1612 939 1693 oporteat,
990 1603 1300 1692 quidquid
1349 1606 1637 1670 obtineat
1681 1608 1749 1669 in
1797 1607 2184 1691 imaginaria
2211 1605 2280 1687 ⁸),
2324 1606 2428 1673 vel
2466 1607 2628 1685 ide0,

240 1712 412 1797 quod
473 1733 552 1778 ne
614 1715 1043 1799 praecipiatur
1105 1711 1365 1798 quidem
1428 1710 1638 1776 addici
1698 1712 1777 1776 ab
1840 1733 1946 1791 e0,
2011 1715 2123 1797 qui
2195 1736 2330 1779 rem
2403 1717 2632 1779 actoris

240 1839 383 1885 esse
428 1818 874 1884 tantummodo
920 1820 1275 1904 negaverit.
1324 1817 1585 1883 Etenim
1635 1822 1894 1883 auctore
1941 1814 2103 1883 Gaio
2148 1818 2353 1884 addici
2402 1820 2480 1884 ab
2521 1842 2632 1898 ec,

247 1928 360 2011 qui
423 1930 537 1990 aut
586 1930 783 2011 neget
830 1931 1051 1991 contra
1096 1944 1164 1989 se
1211 1923 1536 1990 vindicare
1584 1928 1698 1988 aut
1743 1929 1950 1990 taceat
1963 1946 1980 2004 ;
2033 1946 2258 1990 verum
2308 1928 2635 1991 enimvero

248 2052 438 2111 eum,
511 2033 623 2117 qui
685 2052 821 2105 rem
888 2033 1118 2096 actoris
1179 2052 1315 2097 esse
1373 2036 1600 2117 neget,
1667 2036 1970 2095 neutrum
2034 2030 2235 2096 facere
2261 2030 2332 2111 ⁰).
2382 2032 2632 2111 Quodsi

246 2145 572 2225 praeterea
610 2142 881 2223 uterque
921 2136 1233 2216 vindicet,
1275 2140 1518 2202 mirum
1558 2157 1730 2216 esse,
1771 2157 1887 2201 cur
1923 2158 2052 2202 una
2093 2138 2204 2202 fiat
2241 2143 2634 2203 sacramento

246 2246 617 2333 provocatio
645 2242 762 2326 ¹⁰):
831 2245 1187 2329 „quando
1248 2250 1331 2307 tu
1392 2242 1719 2308 iniuria
1766 2242 2382 2324 vindicavisti”,
2432 2265 2634 2331 quum

246 2354 337 2417 eit
393 2352 771 2436 praesertim
832 2356 1226 2416 sacramento
1287 2351 1659 2435 provocatio
1720 2347 1888 2436 legis
1949 2352 2218 2415 actionis
2279 2371 2394 2436 per
2440 2372 2637 2416 sacra-

244 2464 543 2523 mentum
591 2455 800 2524 veluti
848 2460 1041 2544 caput
1087 2463 1279 2542 atque
1318 2453 1816 2522 fundamentum
1847 2453 1961 2537 ¹¹);
2003 2456 2266 2541 proinde
2302 2460 2453 2542 quia
2493 2479 2636 2524 con—

244 2573 375 2631 stet
438 2565 861 2632 vindicavisse
925 2572 1238 2645 actorem,
1301 2586 1688 2651 consequens
1749 2587 1882 2630 esee
1931 2564 2371 2630 adversarium
2418 2573 2639 2630 contra

244 2695 373 2738 non
421 2671 879 2750 vindicavisee,
936 2693 1141 2757 neque
1189 2673 1542 2737 sententiae
1591 2692 1742 2741 suae
1790 2672 2041 2736 obstare
2088 2671 2280 2735 verba
2326 2670 2637 2736 solemnia

244 2781 717 2866 provocationis
758 2779 1111 2864 „quando
1151 2778 1348 2842 vind
1360 2777 1771 2855 icavisti’ss
1814 2776 2326 2861 quandoquidem
2367 2779 2448 2841 iis
2475 2776 2631 2842 nihil

246 2884 651 2971 significetur
719 2887 844 2950 nisi
907 2885 1050 2950 hoc:
1125 2884 1375 2969 quando
1434 2883 1746 2948 festucam
1808 2884 2179 2968 imposuisti
2207 2880 2308 2964 ¹²²).
2381 2881 2637 2949 Directo

322 3102 376 3164 1)
427 3100 498 3149 Re
541 3098 747 3165 suppiet,
794 3098 919 3162 quod
963 3112 1050 3147 noe
1086 3095 1255 3155 verbis,
1308 3095 1541 3154 Karlowa,
1583 3095 1886 3159 Civilprouss
1928 3111 1972 3144 z.
2009 3094 2116 3144 Zen't
2148 3096 2234 3144 der
2269 3093 2639 3159 Leqisaltte‘onen

250 3183 429 3245 (1872)
454 3199 503 3248 p.
532 3181 702 3244 112s3.
736 3179 1003 3245 Scepticum
1034 3179 1114 3228 hic
1142 3179 1244 3243 agit
1273 3179 1508 3238 Wlassak,
1537 3179 1720 3228 Ztsckr.
1740 3179 1826 3228 der
1846 3175 2056 3228 San-St.
2087 3177 2218 3226 XXV
2237 3179 2407 3241 (1904)
2423 3194 2470 3244 p.
2491 3179 2637 3231 151⁸.

322 3266 376 3328 2)
413 3267 449 3314 4
483 3267 505 3326 ς
534 3265 581 3313 2.

319 3348 373 3411 8)
422 3345 631 3396 Noxales
676 3345 883 3394 actiones
930 3344 981 3394 111
1026 3343 1115 3393 hac
1158 3343 1279 3393 iuris
1323 3346 1459 3409 parte
1498 3343 1679 3393 similet
1713 3343 1866 3407 magis
1898 3342 2124 3392 videntur
2155 3341 2207 3392 111
2244 3358 2341 3392 rem
2377 3343 2643 3395 actionibus

246 3429 309 3494 (l.
346 3431 411 3479 33
448 3431 505 3478 D.
541 3429 588 3477 9.
608 3429 685 3492 4),
730 3443 873 3492 quam
919 3435 1047 3485 nunt,
1092 3426 1205 3491 quia
1250 3425 1405 3483 debet,
1449 3427 1532 3490 qui
1587 3441 1779 3476 servum
1827 3441 1922 3475 non
1970 3425 2198 3486 defendit,
2241 3426 2480 3492 mancipio
2529 3441 2640 3477 eum

248 3513 381 3561 dare.
415 3512 523 3576 Qua
557 3511 615 3559 de
651 3525 702 3558 re
736 3509 917 3559 dictum
950 3513 1022 3559 eet
1054 3524 1157 3574 cap.
1192 3507 1455 3558 LXXXVI.

318 3595 374 3657 4)
411 3593 507 3643 Die
538 3593 769 3642 confessio
802 3593 972 3655 (1880)
1006 3608 1051 3657 p.
1092 3590 1265 3654 79180.

322 3676 377 3740 5)
412 3675 509 3724 Zur
540 3675 659 3739 legis
692 3673 817 3723 actio
850 3676 1145 3723 sacramento
1179 3671 1376 3736 (1876);
1424 3670 1660 3724 kritae‘sche
1695 3669 1900 3724 Studien
1937 3671 2125 3736 (1878).
2165 3673 2243 3724 Cf.
2283 3671 2458 3734 Keller,
2500 3673 2646 3725 Civit-

240 3773 436 3823 proteu
471 3758 643 3821 (1888)
678 3759 778 3807 not.
816 3757 918 3806 204
950 3758 1016 3821 (p.
1053 3757 1213 3822 6415).

324 3841 382 3904 6)
420 3837 560 3889 Krit.
596 3837 743 3890 Stud.
776 3854 823 3904 p.
861 3839 925 3888 00

324 3921 381 3987 7)
416 3921 468 3971 11
504 3925 526 3984 ς
557 3923 639 3973 24.

322 4006 379 4069 8)
413 4005 509 4054 Zur
542 4004 661 4069 legis
694 4003 819 4052 actio
856 4019 902 4068 p.
936 4004 1019 4051 44.

323 4089 382 4154 9)
415 4090 511 4138 Zur
544 4087 662 4151 legis
694 4085 819 4138 actio
856 4102 898 4151 p.
937 4086 1077 4142 8819.

326 4171 414 4236 10)
448 4171 581 4220 Κνίί.
621 4167 831 4220 Studien
866 4183 913 4233 p.
950 4168 1090 4228 9314.

323 4255 411 4320 11)
445 4253 541 4303 Zur
575 4253 691 4317 legis
728 4251 851 4300 actio
888 4252 1056 4316 11431-
1091 4251 1240 4300 ..donn
1270 4250 1357 4299 das
1388 4251 1738 4298 sacramentum
1769 4249 1918 4298 bildet
1947 4247 2290 4314 Schwetynmkt
2319 4251 2420 4300 und
2447 4251 2642 4316 Sublaq-

252 4340 369 4390 twri
401 4335 543 4401 (krit.
579 4335 713 4384 Stud.
752 4351 798 4399 p.
836 4335 925 4383 98:
964 4335 1055 4383 den
1093 4331 1239 4393 ΚΜ)
1272 4347 1469 4382 unserer
1504 4331 1621 4395 legia
1656 4331 1798 4390 actio,
1832 4332 1921 4380 dae
1955 4331 2100 4395 Diuq,
2136 4331 2354 4382 tondat-cb
2387 4333 2456 4383 sie
2489 4338 2645 4383 unter-

251 4419 471 4469 eckioden
506 4415 672 4468 wirae’.
709 4415 830 4466 Ibid.
869 4433 915 4481 p.
949 4417 1043 4465 44:
1086 4416 1236 4465 »alles
1280 4413 1668 4477 Voramqekende
1701 4414 1828 4462 kann
1865 4429 1977 4464 man
2024 4413 2233 4479 Vorspt'el
2262 4415 2492 4465 nennen”.

328 4503 416 4566 12)
450 4500 583 4550 Krit.
617 4499 819 4550 Studien
853 4515 898 4564 p.
935 4499 1015 4549 94.
1050 4497 1125 4549 cf.
1162 4499 1259 4547 Zur
1292 4497 1411 4562 legis
1444 4496 1568 4546 actio
1604 4513 1654 4562 p.
1691 4497 1754 4546 30
1787 4499 1854 4560 (et
1887 4501 1991 4547 tota
2025 4499 2127 4559 58).
