3246 5085
1301 371 1618 424 1101111116.
2568 357 2655 426 31

279 559 591 612 rueras.
655 574 738 586 -
800 539 897 619 (4)
955 537 1098 602 Ηο0
1159 537 1420 622 quidam
1481 541 1745 623 putant,
1808 542 1876 603 at
1920 539 2085 604 mihi
2130 539 2390 605 videtur
2436 538 2512 604 de
2560 541 2661 604 his

279 665 418 710 esse
435 692 452 721 ,
536 663 697 729 quae
766 663 803 708 a
872 643 1195 709 veteribus
1261 643 1780 729 geminabantur,
1852 649 1928 708 ut
2001 644 2326 731 „plerique
2395 645 2658 730 omnes'’

279 748 502 828 (Andr.
548 747 579 812 Ι
633 747 691 812 1.
719 746 828 812 28.
889 747 1151 812 Phorm.
1201 746 1232 811 Ι
1281 746 1342 811 3.
1375 747 1514 822 20)·
1555 748 1625 812 id
1688 754 1785 813 est
1847 769 2123 814 omnes
2185 757 2246 815 et
2313 749 2658 834 „pleraque

277 853 536 918 omnia''
584 852 847 934 (Heaut.
896 850 984 916 IV
1033 849 1091 917 ’7.
1120 851 1188 934 3)
1232 851 1301 916 1(1
1348 858 1444 917 est
1490 855 1784 918 omnia.
1831 852 1937 918 Sic
1983 856 2179 920 etiam
2231 854 2420 940 „plus
2458 853 2657 920 satis’'

280 979 396 1044 pro
441 960 606 1023 sati
625 978 674 1023 s.

364 1061 697 1128 Scholium
757 1061 855 1142 (3)
917 1082 954 1126 a
1016 1063 1343 1146 proposita
1391 1064 1763 1145 quaestione
1808 1063 2057 1130 aberrat
2074 1111 2089 1140 ,
2141 1084 2289 1128 cum
2336 1063 2658 1149 explican-

273 1167 434 1232 dum
486 1170 604 1245 sit,
653 1166 808 1251 quid
853 1168 939 1231 sit
995 1163 1190 1250 plus
1233 1167 1417 1230 iuxta
1463 1168 1699 1232 satis.
1846 1167 2013 1246 Quid
2060 1172 2279 1232 autem
2327 1167 2489 1232 Don.
2540 1169 2657 1233 hac

271 1272 352 1337 de
393 1293 464 1338 re
508 1273 777 1349 sentiat,
817 1272 1117 1338 novimus
1155 1291 1190 1336 e
1227 1269 1484 1335 scholiis
1524 1269 1603 1335 ad
1644 1270 1839 1337 Andr.
1882 1277 1947 1337 et
1985 1273 2243 1340 Phorm.
2267 1272 2384 1350 1.1.,
2428 1293 2658 1356 nempe

268 1377 417 1462 plu
433 1398 464 1442 s
504 1396 639 1441 esse
664 1377 965 1455 παρέλκον
991 1397 1041 1440 6.
1069 1374 1486 1440 adiectionem
1513 1375 1943 1442 abundantem
1963 1425 1980 1453 ‚
2005 1379 2212 1463 igitur
2242 1378 2429 1463 „plus
2454 1377 2675 1444 satis''·

267 1505 352 1532 =
373 1484 620 1558 satis,
659 1487 736 1545 ut
771 1487 868 1546 est
902 1485 971 1546 in
1008 1481 1124 1560 (4).
1220 1477 1388 1547 Cum
1424 1482 1636 1566 igitur
1670 1481 1866 1546 schol.
1908 1483 2006 1562 (4)
2032 1481 2265 1549 Donati
2290 1487 2656 1568 opinionem

267 1569 535 1664 referat,
583 1591 698 1651 aut
741 1589 878 1671 ipse
923 1587 1042 1652 hoc
1086 1587 1342 1670 scripsit
1386 1593 1499 1650 aut
1543 1587 1833 1652 imitator
1845 1608 1863 1665 3
1912 1586 2021 1652 sed
2077 1587 2154 1654 de
2204 1590 2531 1655 imitatore
2589 1593 2657 1653 in

267 1692 512 1758 scholio
558 1692 895 1756 sanissimo
943 1693 1227 1777 cog-itare
1272 1693 1386 1756 vix
1429 1688 1617 1769 licet3
1666 1693 1887 1776 itaque
1932 1691 2011 1756 D.
2060 1699 2159 1757 est
2206 1695 2317 1778 qui
2365 1697 2655 1779 scripsit:

275 1797 461 1876 „Hoc
521 1796 783 1882 quidam
837 1801 1102 1882 putant,
1151 1801 1218 1860 at
1249 1780 1426 1861 'mihi
1475 1795 1797 1861 videtur''.
1846 1797 2205 1862 Pronomen
2256 1797 2482 1874 „Hoc”
2530 1820 2658 1864 non

270 1903 566 1988 designat
623 1901 998 1987 praecedens
1059 1900 1375 1965 scholium
1421 1899 1538 1980 (3),
1595 1900 1764 1985 quod
1824 1900 1983 1966 hanc
2049 1904 2485 1987 quaestionem
2531 1925 2657 1969 non

269 2015 538 2094 tangere
585 2007 904 2084 vidimus,
953 2005 1061 2072 sed
1108 2005 1224 2086 (2),
1275 2007 1388 2070 11111
1437 2004 1629 2090 „plus
1674 2007 1868 2070 satis’'
1923 2013 1989 2070 et
2031 2007 2095 2072 11.
2123 2006 2168 2071 l.
2210 2015 2275 2072 et
2312 2011 2381 2072 in
2417 2009 2656 2074 Heaut.

271 2111 630 2199 explicatur
694 2112 884 2197 plus
955 2131 1230 2196 aequo.
1304 2109 1461 2190 Quis
1527 2117 1745 2176 autem
1810 2110 1976 2188 fuit,
2041 2113 2153 2196 qui
2201 2112 2321 2177 hoc
2368 2115 2653 2192 censuit,

271 2238 592 2303 quemque
653 2215 891 2282 refellit
949 2214 1007 2280 D
1053 2219 1120 2280 in
1167 2212 1305 2294 (4)?
1367 2215 1572 2299 Asper
1617 2223 1731 2280 aut
1776 2215 2023 2280 Probus
2069 2223 2183 2280 aut
2228 2216 2395 2281 alius
2439 2238 2656 2302 gram—

269 2326 548 2389 maticus
621 2322 802 2387 nobis
875 2324 1156 2406 ignotus.
1218 2318 1356 2384 Iam
1401 2319 1584 2398 vide,
1649 2340 1775 2403 qua
1833 2323 2079 2387 ratione
2142 2320 2432 2386 Donatus
2494 2323 2654 2386 hanc

270 2425 828 2513 quaestiunculam
863 2429 932 2491 in
970 2430 1408 2491 commentum
1444 2423 1757 2490 intulerit.
1804 2424 2037 2510 Incipit
2075 2445 2112 2490 a
2151 2427 2404 2492 citanda
2441 2426 2657 2492 adver-

269 2536 424 2600 sarii
481 2534 1005 2619 interpretatione
1049 2533 1178 2608 ita,
1227 2533 1410 2616 quasi
1453 2531 1572 2595 hoc
1615 2533 1753 2616 ipse
1801 2536 2083 2597 censeat:
2133 2531 2229 2612 (2)
2280 2531 2536 2610 „Nove,
2586 2532 2655 2598 id

270 2646 372 2706 est
415 2640 660 2725 aequo'’
707 2645 856 2704 cett.
905 2636 1074 2702 Tum
1121 2658 1262 2702 eam
1309 2638 1531 2701 statim
1577 2636 1821 2702 refutat
1856 2640 1925 2702 in
1962 2637 2079 2718 (4).
2166 2637 2343 2704 Haec
2384 2638 2651 2703 scholio-

269 2765 419 2809 rum
461 2746 659 2821 ratio,
699 2750 775 2807 ut
814 2744 991 2829 prius
1031 2747 1302 2827 ponatur
1343 2746 1677 2826 tamquam
1714 2746 1883 2806 certa
1920 2742 2201 2806 aliorum
2242 2744 2489 2827 opinio,
2540 2742 2650 2807 sed

271 2849 421 2914 dein
481 2854 786 2934 sequatur
845 2848 1182 2925 refutatio,
1248 2848 1444 2911 etiam
1499 2845 1691 2923 alibi,
1741 2845 1952 2911 veluti
1994 2846 2074 2911 ad
2122 2846 2177 2910 V
2225 2845 2288 2911 8.
2315 2845 2423 2923 49,
2472 2847 2651 2913 nobis

269 2958 577 3018 occurret.
618 2952 786 3016 Hinc
824 2953 1118 3036 sequitur
1153 2950 1346 3016 schol.
1388 2948 1486 3031 (3)
1525 2951 1979 3035 interpositum
2010 2971 2145 3017 esse
2183 2952 2261 3016 ab
2300 2950 2421 3028 IP,
2463 2972 2648 3017 suam

270 3078 522 3143 quoque
581 3060 964 3123 sententiam
1026 3058 1144 3121 hac
1201 3056 1278 3121 de
1323 3076 1393 3120 re
1439 3055 1602 3120 ferre
1650 3058 1975 3141 cupiente;
2027 3055 2135 3121 sed
2180 3058 2321 3141 ipsa
2366 3059 2649 3140 quaestio

267 3184 422 3229 eum
465 3153 818 3248 praeteriit.
1565 3159 1631 3225 S.
1680 3182 1733 3225 c.
1783 3160 1895 3241 (2).
1927 3167 1991 3226 et
2036 3162 2153 3243 (4),
2200 3182 2553 3247 perperam.

358 3267 518 3333 Ibid.
571 3267 611 3332 9
657 3268 819 3333 Sane
868 3269 1019 3351 quia
1062 3287 1214 3333 vero
1261 3265 1381 3331 hae
1426 3266 1590 3329 mihi
1638 3272 1859 3350 patent
1902 3287 2155 3350 semper
2199 3266 2364 3331 fores

359 3374 456 3454 (l)
520 3369 700 3439 ‘I'olle
765 3371 996 3449 „sane”
1061 3375 1125 3435 et
1188 3370 1422 3448 „vero”
1488 3376 1552 3436 et
1594 3370 2052 3455 pronuntiandi
2096 3371 2467 3435 adiumenta
2511 3366 2648 3435 vul-

265 3486 538 3563 tumque
605 3478 872 3543 dicentis
941 3482 1006 3542 et
1066 3480 1135 3540 in
1196 3475 1408 3542 verbis
1469 3497 1593 3540 non
1656 3478 1913 3561 negatio
1976 3475 2085 3541 sed
2145 3476 2452 3542 confessio
2510 3495 2645 3541 6666

263 3583 579 3651 credetur.
713 3581 819 3647 Sic
881 3581 956 3647 D.
1020 3580 1326 3665 Sequitur
1383 3581 1801 3645 manifestum
1861 3580 2374 3646 additamentum
2418 3579 2497 3646 ab
2544 3579 2645 3644 IP

261 3708 459 3773 prave
518 3685 804 3752 adfixum
865 3708 977 3773 per
1033 3705 1206 3749 nam:
1276 3684 1372 3765 (2)
1435 3683 1601 3750 Nam
1664 3706 1860 3751 vero
1904 3688 2145 3751 ironiae
2192 3685 2523 3761 convenit,
2570 3691 2646 3749 ut

265 3794 640 3880 „egregiam
683 3813 836 3858 vero
880 3790 1181 3856 laudem”
1231 3795 1382 3855 cett.
1432 3790 1653 3874 (Verg.
1701 3788 1789 3854 IV
1837 3787 1971 3869 93).
2097 3789 2353 3855 ‘I'ritum
2401 3791 2643 3853 ironiae

259 3897 672 3983 exemplum3
733 3897 810 3961 cf.
855 3895 1050 3962 Serv.
1113 3895 1226 3960 ad.·
1273 3896 1337 3960 11.
1361 3893 1407 3960 l.
1474 3894 1635 3960 Don.
1683 3895 1760 3959 A.
1810 3892 1922 3961 Gr.
1973 3893 2053 3959 IV
2108 3893 2259 3971 401,
2287 3893 2374 3959 30
2430 3892 2513 3959 al.
2561 3895 2646 3959 ci-

259 4010 401 4069 tata
443 4006 513 4067 in
558 4003 722 4087 App.
775 4000 1019 4067 Wessn.
2383 3997 2449 4063 S.
2497 4018 2552 4062 c.

351 4106 512 4173 Ibid.
568 4107 654 4172 10
703 4106 905 4171 Missa
949 4108 1147 4171 istaec
1194 4105 1328 4169 fece

350 4211 448 4293 (3)
489 4210 636 4277 Alia
673 4208 1105 4276 dissimulatio
1144 4215 1254 4288 (60.
1279 4208 1568 4288 Phaidis)
1591 4212 1657 4273 et
1681 4207 1901 4273 durior
1923 4212 2067 4292 post
2088 4206 2553 4273 admonitiones
2584 4206 2637 4284 ¹)

331 4439 386 4504 1)
415 4438 494 4488 12·
527 4438 778 4501 legendum
810 4439 929 4501 puto
960 4450 1070 4485 cum
1101 4432 1262 4483 codice
1296 4434 1352 4483 Τ.
1387 4432 1568 4481 wesen.
1607 4432 1829 4481 admon
1854 4432 2145 4481 itionem.
