3246 5085
585 315 721 383 218
1634 331 1942 381 nonu-us.

597 499 955 589 magistelli
1002 505 1152 566 nota
1195 497 1602 586 marginalis:
1652 497 1747 580 (2)
1795 497 2388 564 Demonstrativum
2434 503 2500 564 et
2542 503 2735 586 gestu
2782 497 2993 584 expli-

592 608 890 674 candum.

686 713 787 780 IP
848 714 1082 780 Donati
1143 712 1462 779 scholium
1526 715 1623 778 sic
1672 714 1965 778 variavit
2012 716 2077 777 et
2122 714 2341 778 auxit:
2394 713 2489 794 (3)
2537 712 2747 794 Quam
2796 715 2999 798 parti-

588 821 896 900 culatim,
957 843 1106 887 cum
1154 842 1279 906 qua
1326 820 1672 906 diligentia
1720 827 1785 886 et
1838 819 2145 892 δεικτικῶς
2196 821 2378 885 iubet
2424 823 2608 906 quasi
2636 821 2683 902 ¹)
2730 822 2993 886 novicio

585 935 650 995 et
697 925 1035 1014 imperito!
1281 925 1298 947 ⁸

677 1033 839 1100 Ibid.
891 1033 976 1098 53
1049 1033 1188 1120 Ego
1233 1031 1412 1097 limis
1459 1038 1675 1117 specto
1723 1034 1814 1098 sic
1859 1053 1973 1118 per
2018 1031 2343 1098 flabellum
2392 1031 2759 1099 clanculum

680 1140 775 1222 (2)
849 1139 1142 1218 „Limis”
1208 1143 1264 1204 si
1324 1141 1765 1204 nominativus
1827 1145 1924 1204 est
1986 1138 2369 1226 singularis,
2434 1145 2985 1205 transversus

587 1247 941 1335 sig-nificat,
990 1248 1046 1310 si
1091 1247 1407 1332 septimus
1453 1243 1762 1331 pluralis,
1814 1245 1990 1311 deest
2040 1245 2353 1323 „oculis’'.
2502 1245 2599 1328 (3)
2644 1245 2813 1310 Nam
2866 1244 2990 1322 „li-

586 1353 753 1420 mis”
801 1359 900 1419 est
944 1359 1378 1432 transversus,
1427 1351 1597 1417 unde
1645 1352 1902 1417 limen
1954 1373 2203 1438 quoque
2252 1351 2510 1431 dicitur,
2560 1351 2731 1438 quod
2770 1353 2991 1438 ingre-

587 1461 909 1527 dientibus
947 1461 1456 1546 exeunt-ibusque
1497 1464 1938 1524 transversum
1981 1465 2109 1535 est;
2153 1479 2300 1524 cum
2336 1461 2545 1546 igitur
2569 1457 2991 1524 dissimulant

585 1589 652 1632 se
701 1567 992 1632 homines
1038 1565 1258 1631 videre
1307 1564 1475 1650 quod
1525 1564 1752 1629 vident
1786 1577 1853 1629 et
1891 1585 2015 1629 non
2056 1569 2228 1630 recte
2268 1565 2425 1629 facie
2464 1565 2575 1629 sed
2614 1571 2989 1630 transversa

583 1676 937 1750 intuentur,
1003 1671 1252 1738 limes
1301 1672 1606 1737 dicuntur
1652 1674 1951 1757 aspicere.
2098 1671 2194 1752 (4)
2242 1669 2410 1738 Cum
2455 1672 2641 1737 limi
2684 1671 2989 1736 dicantur

585 1780 828 1865 obliqui
877 1780 1286 1866 generaliter,
1335 1785 1454 1846 hoc
1503 1786 1715 1844 tamen
1766 1782 2015 1865 proprie
2065 1779 2140 1844 de
2188 1777 2387 1844 oculis
2437 1779 2693 1845 dicitur.

681 1885 1001 1972 Compara
1062 1908 1211 1951 cum
1275 1887 1377 1952 his
1437 1885 1703 1952 Festum
1766 1908 1828 1971 p.
1881 1885 2048 1952 116:
2098 1885 2339 1951 limis
2386 1885 2721 1971 obliquae,
2768 1885 2837 1950 id
2882 1892 2987 1950 est

589 1998 1024 2069 transversus,
1073 1992 1240 2058 unde
1288 1999 1354 2058 et
1391 1991 1640 2058 limina.
1782 1991 2005 2057 Isidor.
2056 1991 2162 2057 Or.
2213 1990 2332 2056 XV
2376 1991 2546 2056 14.2
2592 1991 2987 2057 Transversa

590 2101 805 2165 omnia
851 2101 1097 2185 antiqui
1146 2097 1351 2164 lima
1397 2098 1727 2176 dicebant,
1778 2119 1814 2164 a
1863 2119 1988 2184 quo
2035 2105 2100 2164 et
2145 2097 2374 2164 limina
2412 2101 2725 2165 ostiorum
2914 2106 2985 2163 et

590 2205 869 2282 limites,
910 2211 1060 2270 cett.
1215 2203 1427 2271 Gloss.
1473 2203 1560 2270 VI
1602 2203 1733 2268 664
1775 2204 2013 2270 limis
2054 2203 2227 2282 λόξος
2272 2252 2288 2270 .
2318 2253 2332 2270 .
2363 2254 2378 2269 .
2427 2204 2655 2270 Strabo
2700 2203 2985 2290 obliquis

589 2310 719 2393 (vel
760 2311 1084 2397 obliquus)
1124 2310 1344 2377 oculis.
1381 2345 1388 2352 ·
1485 2311 1937 2397 Eugraphius:
1980 2309 2256 2391 Quidam
2294 2309 2674 2397 intelligunt
2718 2310 2983 2390 „limis”

591 2419 906 2504 obliquis,
954 2419 1124 2504 quod
1170 2417 1405 2496 limen,
1456 2439 1605 2484 cum
1648 2417 2091 2495 ambulamus,
2132 2419 2350 2484 itineri
2386 2425 2603 2483 nostro
2640 2417 2981 2504 obliquum

589 2531 719 2604 est3
769 2524 884 2593 alii
929 2524 1311 2613 intelligunt
1355 2523 1573 2603 „limis
1612 2523 1883 2603 oculis’',
1926 2523 2267 2612 paululum
2309 2527 2532 2603 tortis;
2574 2524 2685 2592 alii
2714 2524 2980 2604 „limis”

591 2635 944 2700 coniunctis
1005 2633 1084 2699 ad
1147 2632 1509 2707 flabellum,
1571 2639 1650 2697 ut
1712 2631 1987 2697 Plautus
2032 2632 2196 2696 dixit
2245 2632 2662 2718 „Numquam
2710 2654 2860 2698 cum
2906 2654 2985 2699 ea

589 2739 824 2805 limavi
877 2738 1112 2824 eaput'’
1175 2738 1242 2803 id
1309 2746 1406 2805 est
1468 2740 1789 2805 coniunxi.
1897 2737 2079 2803 Serv.
2145 2737 2223 2803 ad
2270 2740 2427 2803 Aen.
2475 2736 2604 2803 XII
2652 2737 2783 2803 120
2828 2758 2981 2804 nam

590 2846 882 2911 limum
945 2844 1278 2932 obliquum
1343 2846 1656 2924 dicimus,
1718 2845 1885 2910 unde
1949 2850 2015 2911 et
2073 2844 2410 2911 Terentius
2460 2844 2678 2923 „limis
2734 2844 2981 2912 oculis’'

589 2953 780 3033 dicit,
829 2952 898 3017 id
942 2959 1040 3019 est
1086 2952 1388 3038 obliquis.

677 3058 1010 3125 Scholium
1057 3060 1172 3142 (2),
1223 3063 1358 3125 sine
1405 3059 1721 3125 decisione
1763 3061 1829 3123 in
1878 3079 1945 3124 re
1990 3064 2125 3124 tam
2169 3060 2468 3145 ancipiti,
2510 3058 2761 3125 Donato
2802 3059 2983 3125 dede-

589 3168 748 3243 rim,
811 3188 924 3232 nee
985 3188 1112 3231 non
1177 3166 1272 3247 (3)
1334 3188 1446 3251 per
1512 3164 1748 3240 „nam”
1812 3168 2226 3250 priori-recte
2288 3169 2603 3231 iunctum.
2666 3165 2837 3232 Tum
2883 3167 2979 3248 (4)

589 3271 755 3337 alius
800 3278 930 3349 est,
980 3272 1248 3338 fortasse
1295 3272 1598 3337 Editoris.
2834 3256 2843 3265 ⁸

681 3377 842 3443 Ibid.
895 3378 980 3442 56
1052 3380 1150 3443 An
1213 3400 1333 3465 ego
1396 3381 1790 3444 occasionem
1854 3378 2019 3443 mihi
2081 3383 2430 3455 ostentam,
2496 3384 2779 3457 tantam,
2842 3384 2976 3445 tam

590 3490 876 3571 optatam
896 3534 912 3563 ,
963 3492 1098 3551 tam
1143 3488 1536 3571 insperatam
1584 3482 1997 3552 amitterem?

681 3591 781 3656 IP
830 3591 924 3673 (4)
971 3590 1130 3658 Vide
1178 3599 1416 3678 quanta
1461 3592 1731 3659 dixerit:
1784 3615 1907 3658 non
1959 3590 2451 3679 „voluptatem”
2502 3594 2618 3673 (sic
2664 3592 2823 3679 leg.)
2868 3594 2979 3659 sed

595 3698 1102 3777 „occasionem’',
1161 3721 1284 3765 non
1353 3698 1773 3778 „adversam”
1836 3699 1943 3765 sed
2008 3698 2503 3779 „ostentatam'',
2554 3722 2677 3766 non
2731 3701 2977 3779 „hanc”

591 3805 699 3871 sed
748 3804 1106 3884 „tantam”,
1156 3827 1278 3871 non
1329 3806 1758 3893 „angustam”
1808 3806 1914 3872 sed
1967 3804 2339 3885 „brevem'',
2372 3828 2497 3871 non
2542 3808 2981 3893 „appetitam”

589 3911 699 3977 sed
750 3912 1229 3998 „exoptatam'',
1287 3934 1413 3977 non
1465 3912 1952 3998 „repentinam”
2004 3912 2114 3978 sed
2166 3912 2679 3998 „insperatam''!
2820 3914 2981 3981 Don.

591 4017 684 4083 nil
728 4021 850 4082 nisi
899 4019 1046 4085 hoo:
1076 4020 1188 4101 (5)
1230 4020 1388 4085 bene
1433 4019 1943 4105 „insperatam'':
1988 4019 2165 4085 aliud
2204 4022 2377 4085 enim
2418 4020 2542 4085 sibi
2580 4024 2982 4105 promiserat,

592 4131 666 4189 ut
703 4145 897 4209 supra
935 4125 1217 4191 diximus
1255 4132 1377 4208 (vs.
1406 4126 1539 4208 36),
1581 4149 1706 4193 non
1746 4126 1912 4213 quod
1955 4128 2208 4212 pictura
2244 4130 2610 4213 occasioque
2642 4129 2981 4213 persuasit.

659 4390 711 4453 1)
759 4388 864 4437 Hac
911 4388 1146 4453 particula
1195 4386 1524 4452 Interpolator
1569 4388 1618 4437 in
1665 4388 1990 4452 superioribus
2032 4388 2229 4437 scholiis
2264 4394 2319 4436 ut
2354 4388 2433 4437 hic
2469 4388 2727 4438 identidem
2764 4404 2876 4439 neue
2906 4394 2983 4442 at

585 4486 715 4522 more
749 4472 942 4521 Taciteo
977 4487 1064 4536 pro
1110 4487 1140 4534 q
1161 4471 1393 4536 nippe,
1431 4474 1480 4520 et
1509 4472 1786 4537 ceteroquin
1823 4470 2085 4522 delectatur
2120 4472 2207 4521 hac
2245 4471 2423 4525 vocula.
