3246 5085
634 308 768 374 210
1674 325 1985 384 nonnus.

721 490 844 554 His
906 491 1117 556 verbis
1177 491 1492 556 Parmeno
1552 512 1740 557 cenae
1800 491 2066 556 avidum
2128 488 2534 556 Gnathonem
2580 489 2854 567 indicat,
2906 491 3039 574 qui

627 597 820 662 modo
879 595 1138 662 locutus
1199 603 1331 675 est,
1394 601 1469 662 ut
1531 597 1693 662 bene
1740 597 2065 663 intellexit
2112 596 2309 662 Don.:
2367 594 2524 677 7(1)
2571 595 2763 662 Recte
2808 617 3039 681 repre-

626 702 850 785 hendit
910 703 1224 768 Parmeno
1289 702 1480 782 duos,
1544 725 1821 788 quorum
1872 724 2109 768 munus
2156 701 2318 768 alter
2362 701 2807 788 exprobrarat,
2857 700 3041 766 alter

624 808 939 889 (Gnatho)
999 830 1224 874 cenam
1286 811 1379 874 ita
1442 831 1557 894 pro
1626 809 1929 875 beneficio
1989 811 2303 886 ostendit,
2368 816 2700 894 tamquam
2747 807 2828 872 ad
2874 829 3032 872 eam

624 917 1010 982 currendum
1058 920 1178 996 sit,
1225 940 1362 980 nam
1403 917 1509 980 hoc
1547 917 1855 1000 siqnfficat
1896 917 2087 1003 „quid
2122 916 2367 996 etas?’',
2407 917 2583 1002 quasi
2620 915 2785 979 dicat
2828 915 3039 1000 „quid

623 1023 902 1086 restas?’'
968 1023 1144 1108 quasi
1197 1025 1280 1086 sib
1343 1047 1524 1086 causa
1558 1024 1935 1106 properandi
1984 1022 2114 1102 (W.
2161 1023 2486 1088 inclinatis
2537 1021 2775 1088 litteris
2792 1041 2809 1098 ;
2858 1017 3032 1084 cur?

621 1133 746 1195 nisi
807 1131 977 1215 quod
1041 1133 1246 1195 otiosa
1305 1130 1459 1195 baec
1521 1133 1697 1211 sint).
1839 1130 1978 1196 Iam
2041 1151 2193 1196 vero
2256 1128 2355 1194 IP
2424 1152 2502 1194 ex
2552 1149 2729 1194 mera
2774 1127 3033 1193 vanilo-

619 1239 881 1322 quentia
949 1239 1041 1302 sic
1109 1237 1397 1302 dubitat:
1473 1236 1513 1301 6
1576 1235 1673 1318 (3)
1748 1236 1915 1314 „Em
1977 1236 2298 1303 alterum’'
2366 1239 2423 1302 si
2486 1237 2625 1314 hic,
2689 1233 3029 1328 quomodo

619 1353 861 1430 <supra
923 1350 1044 1424 (vs.
1096 1343 1233 1428 4)>‚
1297 1344 1787 1431 reprehenditur
1848 1343 2071 1422 miles,
2140 1341 2503 1422 „alterum”
2552 1343 2910 1421 dictum,
2966 1342 3029 1405 si

618 1453 974 1537 parasitus,
1032 1450 1396 1529 „alterum”
1446 1453 1888 1517 hominem.
1940 1449 2099 1516 Vult
2146 1453 2318 1516 enim
2366 1452 2683 1516 Parmeno
2729 1454 2793 1515 et
2829 1468 3027 1534 para-

616 1561 742 1625 sito
765 1580 924 1624 .esse
974 1561 1310 1637 versutior,
1360 1563 1423 1624 et
1473 1558 1703 1624 debent
1752 1581 1923 1634 esse,
1972 1560 2085 1645 qui
2134 1559 2366 1643 peioris
2413 1556 2799 1622 condicionis
2838 1561 3027 1619 sunt.

705 1665 1040 1732 Postrema
1079 1665 1441 1742 observatio
1481 1687 1594 1751 per
1632 1687 1700 1731 se
1740 1687 1865 1731 nou
1888 1664 2185 1750 illepida;
2226 1669 2301 1729 ut
2324 1685 2439 1729 nos
2464 1663 2672 1728 dicere
2696 1661 3023 1727 solemus:

613 1774 726 1858 qui
773 1793 896 1837 non
944 1776 1043 1837 est
1089 1771 1335 1851 fortior,
1385 1773 1472 1836 sit
1517 1771 1809 1838 callidior
1826 1793 1843 1851 3
1892 1771 2001 1837 sed
2050 1770 2129 1836 ad
2168 1791 2304 1836 rem
2342 1775 2739 1856 praesentem
2776 1789 3020 1854 parum

617 1878 832 1943 refert.

709 1984 870 2050 Ibid.
925 1983 1009 2049 10
1081 1984 1251 2050 Bene
1299 1984 1509 2050 fecisti
1556 1982 1747 2048 hodie
1793 1984 1967 2048 itura
2017 2031 2076 2086 ...
2107 2031 2122 2047 .

711 2091 807 2172 (1)
870 2090 1035 2170 Quid
1097 2092 1253 2156 bene
1314 2091 1465 2156 fecit
1526 2087 1884 2155 Parmeno?
1944 2110 2022 2154 an
2071 2091 2254 2174 quasi
2301 2089 2671 2174 perturbata
2717 2087 2870 2153 haec
2916 2086 3021 2153 lo-

617 2199 842 2283 quitur
886 2202 954 2262 et
997 2199 1128 2261 iam
1168 2197 1246 2262 de
1281 2196 1488 2262 nihilo
1527 2195 1893 2274 blandiens,
1934 2202 2161 2281 utpote
2200 2196 2507 2261 meretrix
2548 2200 2614 2260 et
2650 2191 2892 2261 faceta?
2922 2231 3017 2246 —

619 2325 698 2368 an
746 2303 914 2388 quod
959 2303 1214 2369 laeserit
1259 2300 1586 2369 convitio?
1722 2301 2029 2388 Separavi
2074 2305 2504 2379 coniecturas,
2552 2279 2826 2386 quarum
2870 2303 3017 2366 iam

618 2411 824 2474 forma
861 2415 1012 2490 („an
1039 2448 1120 2459 —
1149 2411 1271 2475 an’'
1321 2432 1444 2475 non
1499 2417 1765 2487 „utrum
1792 2449 1875 2458 -
1902 2409 2054 2489 an'’)
2094 2409 2252 2474 duos
2276 2416 2562 2474 auctores
2587 2406 3013 2472 demonstrat.

615 2515 815 2581 Illum
865 2515 1185 2582 Donatum
1235 2537 1370 2583 esse
1417 2537 1605 2583 nemo
1654 2514 1905 2582 credere
1952 2516 2291 2582 dubitabit.
2341 2514 2468 2579 Hic
2514 2535 2667 2600 ergo
2716 2519 2813 2578 est
2859 2512 3020 2579 Edi-

617 2630 737 2701 tor,
803 2625 913 2708 qui
977 2623 1144 2709 quod
1205 2626 1572 2691 convicium
1636 2623 1978 2709 intellegat
2037 2624 2268 2687 nescio·
2354 2620 2758 2687 Dziatzko
2818 2626 3013 2705 putat

614 2728 928 2794 Thaidem
976 2730 1078 2794 his
1124 2731 1337 2815 verbis
1383 2732 1622 2796 ironice
1668 2730 2016 2815 exprobare
2054 2730 2319 2793 inimica
2356 2728 2550 2793 verba
2590 2728 3011 2791 Parmenonis

482 2822 488 2827 ’
619 2836 828 2901 multo
891 2841 1037 2901 ante
1098 2836 1268 2902 dicta
1325 2838 1393 2901 in
1453 2836 1485 2901 I
1531 2835 1594 2914 2,
1658 2838 1936 2921 iungens
1998 2835 2198 2913 „bene
2261 2834 2471 2899 fecisti
2516 2829 2793 2899 hodie”?
2861 2832 3011 2917 Ego

614 2950 692 3009 ut
755 2942 1009 3008 Fabia
1072 2943 1347 3022 „hodie”
1415 2964 1565 3008 cum
1631 2942 1889 3021 „itura”
1954 2944 2193 3029 iung0‚
2244 2940 2555 3025 credoque
2600 2940 3010 3004 meretricem

615 3050 1080 3114 Parmenonem
1144 3048 1222 3114 ad
1282 3070 1348 3114 se
1407 3050 1772 3114 venientem
1834 3047 2063 3114 blande
2117 3046 2358 3133 alloqui
2402 3048 2503 3113 his
2553 3047 2793 3124 verbis,
2845 3067 3012 3132 quae

615 3157 894 3241 gratiam
955 3157 1206 3240 agentis
1266 3160 1416 3220 sunt
1478 3154 1703 3235 (Fabia
1766 3154 1845 3220 ad
1893 3176 1989 3219 vs.
2038 3152 2220 3234 186),
2271 3175 2420 3219 cum
2468 3152 2734 3218 meliora
2782 3154 3011 3217 statim

613 3284 740 3328 nou
778 3264 1067 3327 inveniat
1084 3313 1101 3341 ,
1142 3269 1218 3327 ut
1256 3270 1350 3327 est
1373 3263 1782 3348 perturbatus
1808 3264 1927 3340 (sic
1950 3268 2117 3327 recte
2143 3261 2333 3343 Don.)
2360 3261 2663 3345 quoniam
2689 3258 3010 3324 Parmeno

615 3370 990 3453 supervenit
1052 3368 1173 3434 hoc
1219 3371 1358 3454 ipso
1404 3376 1757 3448 momente,
1808 3390 1933 3453 quo
1980 3367 2059 3433 ad
2104 3367 2337 3432 militis
2382 3366 2731 3432 Phaedriae
2787 3365 3012 3431 rivalis

613 3496 835 3540 cenam
880 3476 1056 3539 itura
1102 3476 1222 3553 sit,
1272 3474 1440 3559 quod
1484 3474 1629 3541 ideo
1680 3480 1894 3560 aperte
1941 3473 2225 3558 profiteri
2272 3494 2397 3538 non
2445 3472 2638 3538 audet
2652 3491 2669 3550 3
2718 3471 2868 3537 hinc
2914 3492 3009 3536 re-

610 3582 874 3646 ticentia
921 3586 1063 3666 post
1112 3580 1365 3659 „itura”
1419 3628 1434 3646 .
1465 3630 1479 3647 .
1509 3627 1524 3645 .

703 3686 865 3752 Ibid.
921 3686 1002 3751 12
1028 3707 1184 3772 sqq..

701 3791 1032 3858 ThrasO.
1083 3792 1252 3874 Quid
1299 3798 1548 3858 stamus
1569 3788 1637 3857 ?”
1689 3793 1861 3872 Quor
1907 3814 2029 3857 non
2079 3794 2253 3856 imus
2300 3788 2492 3855 hinc?

704 3898 832 3963 Pa.
1084 3899 1328 3978 Quaeso
1377 3898 1589 3965 hercle
1640 3903 1715 3961 ut
1758 3898 1982 3976 liceat,
2030 3918 2185 3983 pace
2231 3898 2402 3982 quod
2448 3897 2561 3963 fiat
2605 3904 2750 3975 tua,

1089 4002 1256 4069 Dare
1302 4004 1455 4069 huic
1502 4024 1665 4090 quae
1714 4002 2056 4084 volumus,
2107 4006 2447 4071 convenire
2494 4009 2557 4068 et
2602 4001 2885 4087 colloqui

706 4108 803 4173 Ad
855 4108 938 4173 12
1002 4109 1199 4175 Don.:
1265 4111 1360 4192 (l)
1427 4110 1641 4190 „Quid
1700 4110 1992 4175 stamus''
2058 4111 2136 4175 ad
2197 4130 2446 4175 moram
2510 4109 2789 4174 refertur
2834 4108 3008 4190 (scil.

613 4236 807 4301 quam
857 4215 1009 4281 facit
1055 4215 1293 4296 Parm.,
1336 4217 1505 4303 quod
1545 4238 1735 4304 aegre
1774 4216 1900 4282 fert
1938 4216 2137 4298 Thr.).
2188 4216 2285 4297 (2)
2327 4215 2581 4294 „Hinc”
2622 4215 2737 4280 ubi
2776 4236 3013 4281 servus

611 4319 838 4388 rivalis
883 4327 980 4387 est
1019 4322 1351 4389 Parmeno,
1393 4323 1580 4404 (Vide
1625 4344 1785 4409 quae
1828 4321 2014 4387 modo
2053 4321 2485 4401 adnotabam).
2578 4320 2678 4385 IP
2718 4319 3011 4386 addidit:

611 4426 709 4508 (3)
755 4426 877 4492 His
925 4428 1135 4493 verbis
1181 4428 1369 4494 miles
1412 4420 1956 4495 insulsus'dolere
2002 4448 2069 4493 se
2112 4428 2373 4493 indicat.
