3246 5085
619 306 755 372 230
1665 324 1979 376 Donamus.

615 491 726 556 sed
771 491 884 557 ille
933 499 1149 558 tamen
1195 514 1321 558 non
1369 490 1658 581 neglexit
1706 494 2195 558 coniunctivum
2245 492 2628 570 „videatur”
2684 496 3021 579 imprimis

613 597 1068 684 explicandum
1115 620 1284 676 esse,
1337 599 1505 684 quod
1551 619 1681 663 non
1728 598 2031 664 viderunt
2079 601 2382 686 magistri
2428 601 2524 681 (1)
2572 607 2637 666 et
2685 599 2801 682 (2).

707 701 814 769 Sic
880 707 1086 792 igitur
1151 705 1380 770 Editor
1451 707 1616 790 prim
1629 726 1739 769 um
1808 703 1985 770 dedit
2043 725 2229 770 suam
2294 689 2660 790 opinionem
2722 709 2838 789 (l),
2905 709 3023 772 cui

614 809 849 897 aliquis
911 814 1223 899 magister
1291 813 1384 892 (in
1453 814 1747 897 margine
1817 814 2023 897 ipsius
2092 811 2389 877 editionis
2406 809 2457 894 ?)
2526 815 2819 898 appinxit
2890 812 3019 895 (2),

614 938 651 981 a
721 915 1154 1004 Compilatore
1224 927 1394 984 recte
1463 925 1795 1003 receptum
1871 924 2016 1004 post
2083 920 2199 1000 (1),
2273 917 2501 984 deinde
2572 919 2817 985 scholia
2878 918 3019 985 Do·-

616 1027 782 1089 nati:
854 1023 950 1106 (3)
1009 1025 1086 1090 de
1149 1027 1500 1102 sententia,
1573 1025 1669 1106 (4)
1736 1024 1813 1090 de
1873 1027 2191 1090 sententia
2252 1033 2319 1091 et
2364 1031 2723 1104 structura,
2788 1025 2883 1108 (5)
2933 1026 3019 1092 de

615 1137 959 1197 structura.

702 1237 862 1304 Ibid.
918 1237 1001 1303 16
1085 1238 1378 1303 Fundam
1442 1238 1562 1302 tibi
1625 1258 1795 1302 nunc
1857 1239 2057 1302 nimis
2104 1236 2346 1304 vellem
2394 1239 2530 1304 dari
2576 1246 2653 1304 ut
2698 1238 2847 1306 illos
2899 1289 2915 1305 .
2948 1288 2963 1305 .
2999 1288 3018 1306 .

613 1365 692 1408 ex
738 1343 987 1410 occulto
1032 1343 1357 1422 caederes,
1407 1344 1689 1409 facerent
1738 1343 1965 1429 fugam

703 1449 864 1516 Don.
929 1450 1024 1532 (3)
1093 1452 1262 1516 Mire
1325 1452 1645 1537 parasitus
1664 1497 1680 1528 ,
1749 1452 1900 1536 quia
1960 1448 2241 1516 militem
2290 1451 2471 1517 videt
2516 1451 2685 1518 nolle
2734 1451 2841 1519 vel
2885 1475 3021 1519 non

613 1556 844 1622 audere
905 1577 1193 1642 pugnare
1232 1556 1298 1638 ¹),
1358 1555 1704 1622 consilium
1756 1556 2253 1622 formidulosum
2302 1565 2367 1623 et
2414 1565 2641 1645 aptum
2692 1562 3024 1625 metuenti

613 1663 823 1740 dedit,
886 1662 1211 1728 subtiliter
1278 1670 1528 1742 tamen;
1597 1685 1750 1729 nam
1813 1663 2068 1729 funda
2114 1671 2442 1750 pugnant,
2493 1669 2603 1750 qui
2652 1669 3021 1732 comminus

613 1792 740 1836 non
788 1776 1055 1855 possunt
1102 1779 1167 1836 et
1213 1769 1728 1849 eit-occulto,
1781 1772 1894 1857 qui
1941 1792 2069 1836 non
2117 1770 2351 1836 audent
2398 1771 2633 1857 palam.
2772 1772 2872 1837 IP
2914 1772 3017 1854 (4)

614 1875 738 1941 Sed
776 1877 1041 1942 honesta
1075 1896 1296 1942 causa:
1336 1897 1463 1941 non
1508 1879 1704 1962 „quia
1744 1877 2105 1942 timentur'’
2133 1879 2380 1962 inquit,
2406 1877 2517 1944 sed
2544 1884 2660 1956 „ut
2684 1879 3012 1964 fugiant'’,

615 1989 948 2068 tamquam
993 1985 1118 2047 nisi
1165 1983 1378 2048 hostes
1425 1983 1747 2070 fugerint,
1796 2005 1918 2048 non
1967 1985 2055 2049 sit
2100 1991 2321 2049 tutum
2368 1984 2681 2051 accedere.
2836 1984 3014 2051 Satis

614 2090 958 2154 obscurum
1003 2094 1070 2154 et
1109 2097 1357 2174 praeter
1397 2097 1673 2154 textum.
1766 2089 1949 2155 Idem
1988 2093 2203 2177 pergit
2226 2092 2356 2172 (5):
2394 2092 2539 2156 Non
2562 2091 2729 2156 dixit
2751 2093 3014 2158 hastam

613 2203 728 2261 aut
776 2194 1065 2262 lanceam
1111 2195 1221 2262 sed
1269 2195 1648 2274 „fundam’',
1697 2217 1822 2282 qua
1866 2199 2178 2262 nimirum
2225 2197 2421 2285 longe
2464 2200 2759 2278 iactatur,
2809 2204 2888 2264 ut
2933 2221 3017 2266 ex

615 2303 736 2368 hoc
781 2302 1127 2369 intervallo
1175 2324 1478 2390 pavorem
1527 2303 1889 2369 ostenderet
1935 2324 2058 2369 non
2101 2303 2395 2370 audentis
2432 2305 2746 2372 accedere.
2862 2304 3019 2370 Par·

619 2411 741 2473 tim
789 2411 1105 2488 otiosum,
1151 2411 1390 2495 partim
1437 2407 1717 2474 relatum
1765 2431 1842 2475 ex
1892 2409 2009 2492 (3).

712 2513 1006 2581 Tertium
1069 2515 1342 2602 denique
1391 2514 1641 2581 addidit
1689 2514 1819 2598 (6):
1869 2515 1955 2582 Et
1999 2519 2163 2584 mire
2214 2517 2445 2597 „tibi’',
2494 2523 2828 2605 tamquam
2873 2520 3019 2605 ipse

615 2626 935 2708 parasitus
982 2643 1096 2688 nec
1142 2623 1261 2688 hoc
1307 2621 1560 2689 audeat.

706 2729 884 2796 Haec
943 2732 1148 2816 igitur
1207 2730 1544 2795 subiunxit
1607 2729 1835 2796 Editor
1894 2730 2151 2797 scholiis
2198 2730 2409 2818 longis
2457 2736 2523 2796 et
2566 2734 3017 2818 integerrimis

613 2836 848 2903 Donati
894 2856 1054 2921 quae
1100 2836 1490 2921 praecedunt
1538 2836 1635 2917 (2)
1684 2834 1751 2902 et
1797 2835 1913 2917 (3).

703 2941 862 3007 Ibid.
917 2939 999 3007 17
1068 2940 1378 3007 Facerent
1425 2942 1652 3029 fugam

704 3047 799 3129 (2)
847 3046 1042 3113 Deest
1086 3068 1308 3114 rursus
1357 3048 1515 3127 „ut”
1569 3055 1691 3124 <ut
1736 3051 1852 3126 sit,
1904 3054 2026 3126 ut>
2076 3050 2352 3115 facerent
2390 3049 2640 3136 fugam.
2747 3049 2845 3132 (3)
2883 3048 3009 3116 Vel

613 3154 950 3225 ἀσυνδετῶς
1014 3154 1295 3221 illatum.
1446 3155 1541 3237 (4)
1605 3154 1940 3221 Desiderat
2004 3157 2519 3221 coniunctionem
2579 3158 2863 3235 „enim”,
2926 3163 3009 3222 ut

615 3262 734 3325 sit:
806 3260 848 3324 f.
913 3262 1086 3325 enim
1149 3261 1395 3347 fugam.
1536 3260 1633 3342 (5)
1695 3258 2092 3339 „Caederes”
2159 3283 2273 3346 pro
2334 3261 2647 3328 caedendo
2708 3283 3009 3348 cogereS,

620 3372 792 3445 (ut)
842 3366 884 3433 f.
935 3367 1184 3453 fugam.

708 3472 947 3537 Verum
1002 3475 1289 3538 continet
1349 3472 1474 3556 (4);
1539 3477 1929 3540 conveniunt
1995 3476 2231 3560 partim
2293 3474 2390 3557 (2)
2455 3481 2520 3540 et
2564 3475 2679 3557 (5),
2729 3495 3008 3561 quarum

614 3580 735 3645 hoc
802 3578 1252 3665 Interpolatori
1319 3580 1695 3664 tribuerim,
1764 3579 1928 3646 illud
1998 3580 2403 3669 magistell03
2469 3580 2565 3664 (3)
2627 3590 3009 3668 excerptum

615 3694 715 3753 est
759 3708 838 3751 ex
887 3684 1001 3767 (4).

705 3792 866 3859 Ibid.
919 3790 1032 3858 18-
1071 3790 1197 3859 Sed
1241 3814 1455 3859 eccam
1500 3792 1818 3859 Thaidem
1863 3797 2073 3879 ipsam

702 3902 802 3982 (1)
873 3900 1190 3979 „Eccam”
1241 3906 1307 3967 et
1355 3899 1652 3985 „ipsam”
1704 3900 1910 3987 figura
1956 3898 2271 3981 ἔμφασις,
2322 3904 2505 3988 quasi
2552 3923 2765 3969 eccam
2812 3918 3013 3985 <cau-

613 4016 801 4081 sam>
865 4007 1018 4073 belli
1065 4016 1130 4074 et
1178 4007 1470 4093 „ipsam”
1520 4014 1741 4074 contra
1790 4028 1984 4093 qnam
2032 4008 2455 4095 pugnandum
2502 4012 2606 4075 sit.
2740 4009 3011 4096 Suspec-

615 4119 760 4177 tum
805 4113 953 4179 inde
999 4134 1036 4179 a
1085 4116 1378 4200 „quasi'’.

686 4375 741 4438 1)
775 4374 853 4422 Sic
886 4373 1068 4423 correxi
1105 4373 1231 4437 vulg.
1267 4374 1374 4424 lect.
1416 4376 1519 4425 uvel
1557 4392 1654 4426 non
1688 4376 1833 4427 audet
1869 4376 2181 4442 repugnare”.
2219 4378 2443 4429 Ceterum
2480 4379 2539 4430 de
2572 4379 2755 4430 scholio
2780 4382 2861 4445 (2)
2896 4381 3010 4433 vide

615 4458 744 4509 infra
777 4457 828 4508 in
861 4473 963 4523 cap.
995 4458 1053 4507 de
1085 4455 1311 4508 fontibus.
