3246 5085
1340 431 1844 483 Amsmornfflns.
2636 418 2772 484 353

371 619 569 663 anum
629 619 901 684 eamque
949 619 1134 664 suam
1180 601 1387 684 ipsius
1434 607 1712 664 matrem
1761 621 2033 666 uxorem
2080 601 2302 678 duxit,
2357 602 2504 668 dein
2550 603 2770 670 oculos

372 705 496 768 sibi
558 703 773 770 effodit
847 707 1020 790 ipse,
1084 704 1241 772 felix
1304 711 1443 770 erat
1501 703 1746 770 scilicet
1765 703 1826 769 1²³
1896 741 1980 756 -·-
2039 706 2396 795 Subiungit
2440 709 2770 796 Dionysus

373 829 593 875 secum
639 811 779 874 sive
825 809 903 874 ad
951 818 1338 896 spectatores
1386 811 1583 876 verba
1628 811 1899 876 faciens:

738 917 805 980 εἰ
855 919 990 979 καὶ
1042 916 1503 996 ἐστρατήγησέν
1551 941 1632 995 γε
1679 921 1822 994 μετ’
1871 919 2294 998 Ἐρασινίδου]

466 1022 637 1088 Nam
681 1042 1099 1107 personarum
1146 1025 1321 1088 vices
1366 1025 1458 1088 sic
1508 1043 1642 1089 esse
1691 1023 2176 1112 distinguendas
2195 1071 2211 1103 ,
2263 1032 2540 1092 testatur
2575 1029 2772 1112 parti-

373 1127 517 1193 cula
575 1151 692 1204 γε,
756 1149 885 1214 qua
942 1135 1086 1213 post
1152 1131 1425 1194 verbum
1488 1130 1948 1207 ἐστρατήγησεν
2005 1133 2216 1196 utitur
2261 1131 2621 1218 Dionysus;
2673 1140 2772 1198 est

372 1238 545 1299 enim
584 1235 1025 1320 respondentis
1062 1241 1127 1300 et
1165 1237 1589 1300 assentientis.
1640 1235 1716 1300 In
1755 1237 2078 1302 codicibus
2115 1236 2442 1326 Dionysus
2465 1237 2774 1323 loquendi

370 1345 635 1407 initium
684 1342 835 1406 facit
881 1362 918 1406 a
965 1343 1181 1408 verbis·
1225 1343 1531 1416 εὐδαίμων
1573 1339 1670 1418 ἄρ’
1719 1339 1808 1415 ἦν.
1857 1340 2149 1410 Correxit
2197 1343 2492 1430 Blaydes.

464 1447 661 1513 Recte
707 1449 917 1533 igitur
963 1450 1097 1512 iam
1144 1446 1354 1511 divisa
1400 1454 1551 1512 sunt
1599 1448 1828 1526 verba,
1882 1448 1991 1513 sed
2034 1457 2180 1534 apte
2227 1450 2514 1515 nondum
2555 1449 2772 1514 decur-

372 1562 541 1618 runt.
590 1553 759 1619 Nam
800 1551 938 1618 fieri
976 1574 1099 1618 non
1138 1557 1347 1638 potest
1393 1561 1463 1618 ut
1499 1552 1706 1638 fingat
1739 1553 2064 1640 Dionysus
2089 1591 2174 1602 --
2200 1555 2368 1640 quod
2399 1557 2776 1640 ineptiantis

373 1655 569 1723 foreti
623 1695 707 1708 —
758 1679 907 1724 cum
968 1658 1301 1724 Erasinide
1364 1657 1441 1723 ad
1505 1660 1862 1744 Arginusas
1922 1659 2226 1726 adversus
2273 1659 2774 1746 Peloponnesios

372 1764 572 1830 classe
637 1768 910 1830 certasse
974 1763 1295 1850 Oedipum
1343 1763 1461 1829 Lai
1508 1763 1754 1842 filium,
1800 1765 1908 1831 sed
1957 1766 2034 1831 de
2081 1788 2147 1832 re
2195 1787 2358 1852 quae
2403 1767 2543 1832 fieri
2587 1766 2770 1831 nullo

372 1871 561 1936 modo
620 1873 835 1954 potuit
896 1869 971 1934 fit
1034 1889 1279 1946 sermo;
1343 1875 1455 1934 aut
1516 1872 1726 1956 igitur
1786 1874 2138 1954 requiritur
2199 1873 2515 1957 particula
2563 1871 2638 1936 ἄν
2686 1871 2765 1936 ad

368 1975 788 2041 indicandum
856 1975 1168 2052 „modum
1231 1973 1575 2040 irrealem''
1641 1979 1753 2060 qui
1816 1976 1942 2042 dici
2004 1977 2202 2054 solet,
2267 1986 2380 2044 aut
2427 1978 2556 2042 alio
2601 1981 2768 2042 vitio

372 2083 567 2146 verba
602 2081 914 2147 laborant.
958 2082 1361 2166 Quapropter
1398 2084 1466 2146 in
1506 2082 1760 2146 fabulae
1800 2083 2079 2148 editione
2119 2087 2365 2148 tentavi
2407 2082 2566 2148 olim
2597 2085 2768 2172 bunc

372 2209 671 2265 versum,
718 2187 829 2253 sed
874 2187 1217 2253 infeliciter
1264 2190 1542 2264 tentavi,
1592 2194 1658 2253 et
1701 2209 1818 2254 suo
1862 2191 2003 2253 iure
2047 2188 2115 2253 id
2163 2189 2332 2273 quod
2377 2192 2768 2255 conieceram

368 2295 765 2379 improbavit
805 2293 1175 2378 Alphonsus
1215 2291 1514 2358 Willems
1552 2293 1801 2380 collega
1842 2293 2278 2360 Bruxellensis
2316 2299 2386 2359 in
2409 2297 2776 2360 recensione

372 2398 995 2466 benevolentissima.
1047 2399 1339 2464 Addebat
1385 2409 1639 2465 autem:
1693 2403 1794 2486 „je
1843 2403 1987 2465 vois
2034 2402 2180 2466 bien
2227 2401 2388 2486 qu'il
2428 2403 2623 2488 s'agit
2663 2401 2774 2465 des

368 2505 686 2571 famouses
746 2504 956 2592 regles
1016 2506 1357 2571 ressassees
1418 2514 1680 2591 partout
1727 2527 1840 2571 sur
1884 2505 2180 2593 l'emploi
2227 2507 2302 2573 de
2351 2506 2412 2573 la
2459 2504 2770 2593 particule

372 2612 469 2677 ἂν.
517 2612 690 2677 Mais
736 2634 837 2677 ces
885 2611 1099 2697 regies
1146 2612 1329 2676 n'ont
1374 2616 1513 2677 rien
1563 2612 1896 2678 d'absolu''
1938 2620 2058 2680 cet.
2103 2653 2186 2663 -—
2231 2613 2348 2677 Est
2388 2620 2601 2677 tamen
2643 2633 2772 2676 cer-

369 2724 515 2783 tum
582 2726 1004 2803 apertumque
1068 2718 1410 2783 discrimen
1470 2720 1674 2783 inter:
1745 2720 2096 2796 ,,εὐδαίμων
2159 2718 2266 2791 ἦν”
2334 2720 2535 2781 beatus
2583 2718 2768 2800 fuit,

370 2824 542 2909 qnod
588 2830 803 2889 nostro
851 2822 987 2889 loco
1034 2823 1361 2889 irridentis
1410 2830 1539 2900 est,
1582 2830 1648 2888 et
1690 2824 2036 2903 »εὐδαίμων
2079 2822 2155 2887 ἂν
2199 2820 2308 2895 ἦν”
2349 2826 2520 2888 sive:
2566 2824 2770 2887 beatu-s·

356 2930 591 3015 fuisset
650 2932 759 2993 sed
817 2952 968 2994 non
1016 2930 1198 3013 fuit,
1250 2950 1454 3015 neque
1502 2936 1698 3015 negat
1744 2928 1810 2993 id
1861 2928 2135 2994 ultimus
2185 2928 2512 2994 Ranarum
2561 2929 2768 2993 editor

369 3034 641 3114 Tucker,
690 3039 782 3101 sic
830 3035 1155 3121 explicans
1202 3034 1507 3101 traditam
1554 3036 1930 3101 lectionem:
1990 3036 2120 3115 ‚,(if
2155 3036 2237 3100 he
2289 3056 2417 3100 was
2464 3034 2766 3110 εὐδαίμων

368 3145 438 3207 in
484 3144 628 3207 that
671 3148 841 3223 case)
889 3142 1044 3207 then
1090 3142 1171 3206 he
1218 3162 1348 3207 was
1398 3142 1704 3216 εὐδαίμων
1753 3139 1938 3222 (also)
1987 3142 2047 3205 if
2085 3142 2165 3207 he
2220 3162 2342 3207 was
2387 3164 2503 3207 one
2551 3142 2624 3207 of
2661 3141 2774 3205 the

368 3248 734 3335 colleagues
795 3248 869 3313 of
916 3248 1305 3313 Erasinides.
1371 3246 1575 3312 There
1639 3250 1696 3311 is
1760 3268 1841 3311 no
1905 3246 2314 3332 equivalence
2377 3248 2528 3313 here
2593 3248 2664 3312 of
2702 3242 2768 3320 ἦν

370 3354 527 3420 with
592 3350 659 3429 ἦν
720 3351 862 3418 ow&
918 3388 1002 3402 -
1052 3353 1227 3433 Quae
1290 3355 1501 3439 capiat
1564 3354 1678 3437 qui
1739 3354 1975 3437 possit,
2041 3352 2150 3417 sed
2215 3374 2438 3417 vereor
2499 3360 2573 3417 ut
2633 3355 2774 3438 ipse

370 3459 652 3546 Oedipus
698 3459 1018 3527 eiusmodi
1064 3461 1449 3546 aenigmatis
1494 3456 1818 3523 solvendis
1864 3458 2062 3523 fuerit
2100 3478 2232 3544 par.
2281 3458 2506 3545 Itaque
2546 3479 2771 3523 versus

369 3572 484 3633 aut
529 3566 965 3633 emendandus
1011 3574 1107 3631 est
1154 3574 1266 3631 aut
1305 3586 1491 3630 cruce
1530 3564 1868 3630 notandus.
1917 3552 2234 3649 Equidem
2277 3585 2446 3629 nunc
2486 3568 2774 3650 suspicor

372 3674 436 3738 εἰ
486 3674 619 3739 καὶ
668 3673 1020 3759 particulas
1067 3695 1145 3738 ex
1190 3676 1231 3735 ὦ
1256 3698 1283 3742 ς
1327 3674 1393 3736 εἴ
1441 3693 1576 3737 esse
1622 3692 1842 3751 natas,
1890 3680 2146 3758 poetam
2195 3674 2369 3738 enim
2417 3672 2698 3737 dedisse:

734 3782 825 3852 ὥς
876 3780 937 3843 εἱ
987 3778 1450 3856 ἐστρατήγησέν
1499 3802 1581 3854 γε
1629 3781 1772 3852 μετ’
1820 3779 2241 3857 Ἐρασινίδου]
2681 3860 2698 3873 .

372 3886 519 3964 „Ita
566 3908 725 3950 ..sane
785 3886 989 3950 beatus
1038 3884 1189 3969 fuit
1248 3891 1318 3948 ut
1377 3884 1434 3947 si
1496 3884 1822 3948 Era-vinidi
1885 3908 1924 3947 a
1989 3884 2234 3965 colleyis
2282 3882 2524 3967 fuisset
2541 3885 2610 3945 !''
2683 3920 2770 3933 -

371 3982 539 4078 Apta
584 3995 678 4057 sic
722 3991 795 4056 fit
840 3993 1235 4076 comparatio
1282 3993 1452 4055 inter
1497 3988 1726 4073 Oedipi
1772 3991 1966 4073 prisci
2015 3987 2225 4053 herois
2273 3996 2511 4054 sortem
2563 3997 2627 4054 et
2673 4010 2774 4055 re·-

369 4120 517 4165 cens
561 4096 731 4165 illud
778 4098 985 4163 fatum
1034 4104 1406 4183 praetorum
1453 4097 1864 4181 iniquissimo
1910 4094 2152 4161 iudicio
2201 4096 2673 4161 damnatorum.

2488 4220 2550 4267 v.
2600 4202 2674 4266 L.
