3246 5085
776 965 923 1052 AD
979 965 1441 1056 MARCUM
1499 968 2165 1063 ANTONINUM.

1339 1199 1588 1241 sompsl'r

1144 1380 1194 1444 Ι.
1244 1379 1329 1444 Η.
1383 1379 1792 1447 LEOPOLD.

1289 1681 1655 1726 ——Q—

1444 1938 1497 2002 Ι.

364 2157 520 2221 Post
581 2154 970 2233 Gasauboni,
1019 2153 1361 2233 Gatakeri,
1409 2154 1689 2222 aliorum
1737 2179 1995 2242 operam
2041 2162 2108 2224 in
2158 2157 2653 2226 Commentariis

275 2261 586 2326 Antonini
644 2260 1037 2327 recensendis
1094 2265 1160 2325 et
1221 2260 1631 2326 emendandis
1684 2270 2135 2350 consumptam
2180 2287 2344 2332 nova
2390 2265 2505 2330 lux
2552 2266 2653 2330 his

271 2366 503 2431 studiis
542 2364 817 2444 affulsit,
858 2373 1198 2451 postquam
1236 2366 1429 2432 codex
1470 2366 1814 2433 Vaticanus
1838 2369 1947 2450 (A)
1987 2369 2329 2456 diligenter
2350 2391 2655 2436 excussus

272 2475 340 2535 et
376 2470 454 2535 ad
493 2476 748 2537 textum
785 2469 1097 2536 Antonini
1136 2472 1657 2538 constituendum
1698 2473 1803 2539 vel
1841 2476 2287 2563 corrigendum
2327 2476 2653 2542 adhibitus

273 2583 412 2643 est.·
452 2577 621 2643 Nam
664 2576 1184 2643 Darmstadtinus
1227 2578 1425 2643 codex
1471 2579 1605 2660 (D),
1656 2582 1768 2665 qui
1809 2581 2033 2647 eodem
2072 2582 2199 2648 fere
2238 2589 2524 2667 tempore
2562 2586 2655 2648 in-

272 2685 516 2760 notuit,
556 2685 692 2748 sive
729 2704 878 2747 eum
917 2705 995 2748 ex
1024 2686 1164 2767 ipso
1189 2684 1245 2747 A
1268 2686 1406 2749 sive
1430 2705 1506 2748 ex
1532 2687 1860 2750 communi
1886 2687 2233 2773 archetypo
2260 2686 2650 2773 descriptum

271 2810 408 2854 esse
469 2792 732 2866 statuis,
789 2792 901 2854 vix
949 2792 1295 2875 quicquam
1342 2810 1455 2875 per
1501 2811 1566 2854 se
1611 2792 1750 2875 ipse
1796 2789 2001 2868 valet,
2051 2793 2198 2876 qui,
2248 2796 2650 2875 quotiescun-

270 2915 394 2979 que
439 2895 518 2959 ab
565 2895 621 2958 A
667 2893 994 2971 dissentit,
1043 2916 1170 2959 non
1217 2902 1351 2959 tam
1395 2916 1594 2961 novas
1648 2895 1953 2961 lectiones
2008 2917 2202 2981 quam
2258 2900 2651 2963 coniecturas

268 2998 559 3076 exhibet,
612 2998 986 3084 plerumque
1034 3002 1268 3064 otiosas
1289 3046 1304 3076 ‚
1352 3020 1493 3064 raro
1539 2997 1753 3065 felices
1782 3000 1828 3079 ¹)
1845 3022 1862 3079 ;
1912 3001 2183 3085 denique
2230 3000 2425 3067 codex
2470 3002 2647 3067 Pari-

266 3107 446 3169 sinus
491 3102 616 3183 (O),
664 3125 855 3191 quem
900 3126 1104 3190 nuper
1149 3104 1442 3169 adhibuit
1487 3104 1703 3182 Stich,
1748 3109 1889 3191 ipso
1936 3112 2211 3173 testante
2254 3108 2459 3185 „nihil
2497 3130 2647 3174 sane

267 3211 617 3275 contribuit
663 3210 741 3275 ad
786 3216 1040 3276 textum
1087 3211 1394 3275 Antonini
1440 3210 1858 3276 sanandum’'.

357 3314 478 3380 Est
543 3322 762 3381 autem
829 3316 1025 3381 codex
1095 3319 1151 3381 A
1218 3315 1575 3381 declarante
1646 3315 1893 3381 Stichio
1958 3319 2519 3403 „corruptissimus
2581 3325 2647 3384 et

263 3427 522 3505 propter
588 3422 960 3485 itacismum
1030 3422 1270 3486 scribae
1336 3425 1865 3506 inscientiamque
1926 3420 2192 3509 linguae
2254 3421 2531 3489 Graecae
2579 3432 2645 3489 et

264 3532 522 3611 propter
566 3523 824 3591 lacunas
869 3526 1118 3591 crebras
1161 3530 1537 3611 praesertim
1581 3529 1651 3591 in
1699 3526 1901 3592 simili
1945 3531 2124 3593 exitu
2166 3528 2641 3615 syllabarum'';

264 3651 451 3715 porro
500 3652 562 3695 v.
604 3629 683 3696 cl.
732 3628 938 3695 Polak
963 3628 1036 3710 ²),
1100 3633 1240 3715 qui,
1292 3631 1459 3715 quod
1506 3634 1807 3696 omiserat
1851 3631 2060 3697 editor
2107 3631 2503 3712 GermanuS,
2551 3657 2648 3700 co-

264 3736 423 3802 dicis
484 3742 782 3801 naturam
842 3742 906 3801 ct
969 3735 1402 3801 condicionem
1451 3744 1740 3802 accurate
1787 3736 2123 3825 indagavit
2169 3744 2235 3803 et
2280 3739 2496 3804 ordine
2541 3761 2644 3805 ex·

259 3844 510 3926 posuit,
558 3861 684 3925 quo
730 3842 971 3905 factum
1018 3848 1148 3917 est,
1201 3847 1272 3905 ut
1319 3841 1596 3925 perlecta
1642 3844 1782 3907 eius
1828 3846 2362 3909 commentatione
2402 3848 2637 3910 maiore

256 3945 390 4010 fere
435 3952 614 4030 parte
663 3952 1002 4030 apparatus
1047 3948 1254 4010 critici
1294 3945 1596 4011 editionis
1644 3944 2003 4014 Stichianae
2048 3949 2379 4015 commode
2426 3970 2637 4015 carere

326 4205 378 4265 l)
424 4204 612 4254 Novam
645 4204 819 4253 codicis
856 4206 896 4251 D
931 4202 1236 4253 collationem
1265 4201 1442 4267 publici
1475 4202 1595 4253 iuris
1628 4204 1741 4253 fecit
1767 4217 1816 4253 v.
1845 4206 1905 4256 cl.
1936 4207 1989 4255 C.
2021 4206 2174 4271 Denig
2202 4206 2256 4256 in
2285 4210 2640 4271 programmate

255 4300 417 4349 gymu.
464 4286 764 4349 Mogontiaci
809 4301 919 4335 ann.
968 4283 1098 4333 1899
1143 4301 1191 4347 p.
1227 4284 1290 4333 12
1306 4299 1450 4349 seqq„
1483 4284 1567 4348 qui
1600 4288 1763 4335 umen
1792 4290 2127 4352 praeterquam
2160 4288 2287 4351 quod
2322 4287 2451 4337 iusto
2485 4288 2641 4338 aerim

257 4366 308 4415 in
342 4367 578 4417 Stiehinm
611 4367 872 4425 invehitur,
907 4367 1006 4416 fere
1038 4366 1164 4415 nihil
1195 4366 1305 4415 novi
1339 4365 1562 4430 protulit.

212 4454 222 4459 '
328 4448 386 4511 2)
419 4446 619 4497 Hermes
654 4447 766 4497 xxl
801 4464 846 4512 p.
887 4446 984 4496 821
1025 4461 1152 4509 seqq.
