3246 5085
533 1051 678 1143 ΑΙ)
748 1052 1412 1143 APOLLODORI
1484 1052 2323 1145 BIBLIOTHEOAM.

1303 1288 1552 1331 SOfflPStT

982 1472 1054 1540 O.
1103 1472 1298 1540 GUL.
1348 1470 1877 1541 VOLLGRAFF.

1239 1777 1631 1817 w*-

332 2034 519 2103 'I'este
579 2033 811 2100 Photio
871 2032 1033 2114 (cod.
1088 2033 1242 2113 186)
1289 2032 1659 2119 Apollodori
1704 2054 1863 2119 quae
1911 2034 2145 2102 dicitur
2189 2036 2624 2107 bibliothecae

241 2142 543 2209 versiculi
589 2142 851 2226 quidam
897 2139 1164 2225 praefixi
1212 2143 1392 2205 erant
1435 2141 1504 2203 in
1551 2138 1723 2204 hunc
1765 2141 2063 2208 modum:

516 2248 734 2319 Αἷῶνος
785 2247 1058 2324 πείρημοε
1111 2244 1555 2325 ἀφυσσάμενος
1604 2245 1720 2309 ἀπ’
1767 2247 1936 2322 ἐμεῖο

606 2352 890 2428 παιδείης
936 2352 1157 2429 μύθους
1208 2352 1389 2428 γνῶθι
1438 2351 1902 2431 παλαιγενέοις,

515 2458 660 2536 μηδ’
711 2460 769 2531 ἐς
825 2456 1155 2534 Ὁμηρείην
1202 2455 1398 2520 σελίδ*
1446 2454 1773 2535 ἔμβλεπε,
1821 2457 1965 2536 μηδ’
2016 2458 2314 2539 ἐλεγείην,

605 2567 692 2642 μὴ
740 2565 1041 2644 τραγικῆν
1089 2567 1366 2640 Μοῦσαν,
1414 2562 1567 2639 μηδὲ
1613 2564 2071 2644 μελογροιφίην,

515 2673 602 2749 μὴ
652 2672 911 2734 κυκλίων
959 2669 1126 2750 ζήτει
1175 2670 1503 2745 πολύθρουν
1552 2668 1805 2749 στίχον·
1856 2671 1942 2742 εἷς
1992 2671 2101 2748 ἐμὲ
2150 2670 2202 2735 δ’
2249 2674 2435 2754 ἀθρῶν

604 2774 872 2856 εὑρήσεις
919 2775 979 2838 ἐν
1030 2773 1158 2850 ἐμοὶ
1209 2774 1388 2839 πάνθ’
1435 2771 1550 2839 ὅσοι
1599 2774 1828 2849 κόσμος
1875 2775 2031 2856 ἔχει.

242 2879 662 2968 Epigramma
707 2882 1016 2946 habemus
1062 2901 1099 2945 a
1146 2901 1284 2946 sero
1324 2883 1749 2966 grammatico
1791 2882 2185 2961 confectum,
2228 2883 2337 2948 sed
2376 2890 2624 2964 tamen,

242 2997 318 3054 ut
377 2990 583 3073 ipsius
645 2987 866 3052 Photii
929 2987 1143 3052 verbis
1189 2993 1355 3064 utar,
1402 2987 1509 3050 οὐκ
1556 2985 1860 3064 ἄκομψον.
1926 2987 2001 3052 In
2048 3009 2174 3073 quo
2220 3009 2370 3053 cum
2418 2995 2627 3056 cetera

245 3097 457 3159 omnia
502 3097 800 3179 apertum
839 3091 1244 3157 intellectum
1288 3091 1586 3169 habeant,
1637 3094 1831 3177 primi
1870 3092 2125 3158 distichi
2169 3094 2401 3159 tradita
2436 3093 2625 3164 lectio

244 3199 726 3265 difficultatibus
766 3197 1144 3285 quibusdam
1187 3201 1502 3284 premitur
1542 3200 1708 3262 natis
1746 3198 1918 3262 haud
1958 3198 2148 3263 dubie
2180 3221 2213 3263 e
2238 3201 2625 3286 corruptela.

244 3307 537 3371 Primum
612 3308 786 3370 enim
855 3305 1060 3375 αἰῶνος
1131 3305 1441 3382 πείρημα,
1515 3303 1684 3388 quod
1753 3307 2178 3370 novissimum
2252 3306 2626 3393 Apollodori

244 3411 548 3477 editorem
595 3412 663 3488 in
711 3415 1011 3474 contextu
1059 3411 1396 3473 retinuisse
1441 3412 1598 3474 satis
1641 3411 1866 3474 mirari
1910 3431 2037 3475 non
2084 3432 2381 3495 possum,
2431 3412 2627 3477 nihili

245 3522 358 3583 est.
421 3517 582 3582 Rem
639 3535 757 3580 acu
804 3516 1027 3599 tetigit
1072 3513 1424 3579 Salmasius
1470 3515 1799 3600 eleganter
1845 3517 2185 3582 rescribere
2232 3538 2622 3603 proponens:

246 3623 592 3701 σπείρημα,
639 3621 745 3687 vel
791 3623 1010 3706 potius
1059 3622 1453 3699 σπειρήματ“,
1504 3627 1578 3686 ut
1623 3621 1821 3687 simul
1869 3644 2128 3688 versum
2168 3623 2626 3691 molestissimo

245 3729 427 3793 hiatu
473 3728 791 3793 liberaret.
841 3726 944 3792 Sic
992 3733 1211 3790 autem
1256 3726 1333 3791 de
1381 3729 1697 3793 sententia
1740 3727 1917 3794 nulla
1964 3735 2174 3814 potest
2215 3750 2349 3795 esse
2387 3736 2627 3796 contro·

244 3837 467 3900 versia.
533 3832 848 3898 Videlicet
893 3834 1013 3898 hoc
1059 3831 1204 3898 vult
1247 3838 1466 3918 poeta:
1521 3833 1809 3911 „hauriri
1854 3841 2064 3920 potest
2111 3857 2190 3901 ex
2235 3836 2352 3901 hac
2399 3835 2626 3902 biblio·

245 3942 427 4006 theca
490 3942 982 4025 praetoritorum
1030 3937 1430 4004 saeculorum
1478 3945 1542 4004 et
1588 3943 1829 4024 priscae
1876 3943 2279 4026 antiquitatis
2328 3939 2623 4007 notitia.''

610 4041 911 4125 Temporis
955 4043 1054 4106 hie
1098 4044 1363 4124 releqens
1408 4044 1649 4107 sinuosa
1697 4045 2020 4124 volumina,
2069 4046 2295 4110 chartis
2342 4029 2349 4035 ⁵

693 4149 853 4213 disee
896 4147 1038 4212 meis
1083 4149 1378 4234 quidquid
1407 4148 1643 4233 sabula
1675 4150 1889 4231 prisca
1934 4152 2156 4238 refert,

242 4251 624 4322 Salmasium
687 4259 943 4320 secutus
1003 4257 1202 4320 vertit
1261 4253 1461 4340 Hugo
1511 4252 1815 4333 Grotius3
1864 4259 2009 4341 qui,
2055 4263 2132 4321 ut
2176 4256 2361 4322 facile
2408 4255 2623 4323 videre

245 4370 369 4443 est,
419 4371 692 4428 ceteram
738 4361 863 4426 loci
909 4359 1352 4425 difficultatem
1400 4363 1598 4428 sensit
1639 4368 1705 4426 et
1746 4360 1958 4427 elusit.
2004 4361 2262 4428 Etenim
2306 4363 2421 4425 ἀπ’
2454 4363 2624 4439 ἐμεῖο

247 4469 554 4546 παιδείης,
604 4467 805 4554 quod,
853 4469 908 4532 si
953 4469 1329 4552 interpretes
1375 4470 1553 4553 sequi
1599 4474 1857 4552 paratus
1904 4489 2003 4546 οε,
2045 4469 2483 4554 accipiendum
2525 4476 2622 4535 est
