3246 5085
1354 317 1606 369 numus.
2535 301 2664 368 351

178 525 191 532 ·
280 489 603 558 Similiter
668 491 883 574 potest
949 488 1018 551 in
1086 487 1241 563 hoc,
1312 483 1389 550 de
1460 505 1585 572 quo
1653 486 1914 572 agimus
1971 507 2198 564 versu,
2262 508 2297 552 e
2356 491 2662 553 contextu

277 597 545 675 avulso,
613 596 883 661 verbum
944 598 1215 676 spectare
1267 590 1644 678 pependisse
1689 592 1767 657 ab
1815 591 1940 658 alio
1986 592 2333 672 vocabulo,
2381 593 2549 680 quod
2593 594 2663 658 in

281 727 471 772 versu
521 702 883 788 insequenti
931 700 1147 766 fuerit.

374 809 499 876 Sed
561 808 717 874 haec
778 807 1067 893 quaestio
1130 806 1327 869 etiam
1377 803 1724 870 altrorsum
1771 811 2034 890 spectat.
2084 805 2161 870 In
2206 805 2443 872 litteris
2493 805 2678 894 Hyp-

280 915 525 1004 sipyles
571 915 651 980 ad
694 913 987 978 Iasonem
1035 909 1184 992 (Ov.
1233 908 1388 975 Her.
1440 910 1525 974 VI
1576 909 1661 976 95
1689 917 1854 997 sqq.)
1885 911 1932 993 ¹)

560 1021 745 1086 Hanc
772 1027 951 1103 potes
996 1016 1274 1099 amplecti
1320 1017 1697 1103 thalamoque
1740 1018 1988 1083 relictus
2032 1019 2100 1082 iu
2147 1042 2264 1084 uno

653 1126 1004 1210 Impavidus
1047 1146 1243 1188 somno
1289 1130 1455 1188 nocte
1499 1124 1718 1189 silente
1751 1125 1953 1211 frui?

562 1230 805 1298 Scibicet
848 1238 918 1296 ut
965 1237 1171 1296 tauros
1189 1280 1205 1309 ,
1256 1230 1350 1294 ita
1400 1237 1456 1294 te
1500 1231 1645 1312 inqu
1676 1232 1861 1316 ferre
1907 1233 2095 1314 coeqit

659 1341 905 1424 Quaque
937 1339 1119 1424 seros
1166 1337 1407 1420 auyuiffi
1460 1344 1519 1400 te
1563 1360 1791 1424 quoque
1833 1339 2048 1403 mulcet
2095 1363 2222 1422 ope.

566 1447 758 1524 Adde,
809 1446 967 1530 quod
1013 1443 1277 1507 adscribi
1309 1443 1517 1529 factis
1553 1465 1982 1529 procerumque
2025 1446 2263 1531 tuisque

656 1553 728 1616 Sc
760 1551 938 1637 facit
983 1558 1041 1615 et
1090 1551 1268 1615 titulo
1315 1549 1586 1631 conia-qis
1632 1573 1783 1614 uxor
1827 1551 2005 1616 obeat.

388 1661 565 1725 Facit
625 1663 723 1725 est
782 1657 972 1723 lectio
1036 1657 1268 1722 codicis
1329 1657 1674 1723 Etonensis
1702 1706 1717 1735 ‚
1781 1658 2109 1723 Parisinus
2169 1661 2431 1746 praebet
2471 1660 2685 1747 favet,

298 1768 468 1853 quod
516 1764 769 1833 Merkel
814 1766 885 1830 in
932 1784 1048 1829 sua
1095 1762 1373 1828 editione
1418 1761 1827 1847 praetulerat.
1878 1765 2064 1828 Favet
2109 1771 2325 1831 autem
2369 1767 2688 1852 quomodo

296 1875 527 1939 abierit
586 1875 653 1937 in
702 1870 883 1956 facit
940 1868 1153 1934 multo
1215 1867 1470 1934 facilius
1532 1875 1742 1954 potest
1788 1868 2085 1957 intellegi
2133 1893 2323 1956 quam
2372 1873 2688 1958 quomodo

281 1980 463 2066 facit
524 1981 593 2042 in
644 1979 851 2063 favet,
914 1978 1177 2062 verique
1238 1981 1337 2041 est
1398 1975 1609 2041 simile
1671 1976 2016 2042 lectionem
2067 1978 2300 2044 codicis
2335 1979 2688 2046 Etonensis

297 2085 494 2153 alicui
541 2087 881 2151 correctori
928 2083 1160 2148 deberi.

392 2192 489 2257 Ex
553 2191 801 2257 duobus
846 2193 1054 2276 igitur
1099 2188 1507 2275 eligendum:
1560 2195 1676 2255 aut
1721 2193 2182 2277 grammaticos
2227 2194 2292 2257 in
2339 2192 2546 2259 Ennio
2595 2216 2688 2261 er·

302 2319 474 2365 rasse
534 2305 599 2363 et
645 2296 813 2363 male
859 2295 1332 2382 interpretando
1382 2295 1757 2362 confinxisse
1800 2298 2075 2363 verbum
2108 2299 2334 2382 favere
2377 2322 2692 2366 nonnum-

301 2427 495 2493 quam
558 2405 734 2470 idem
798 2404 965 2488 quod
1028 2403 1182 2467 velle
1242 2402 1491 2481 valere,
1542 2410 1684 2468 tum
1733 2424 1882 2468 casu
1933 2403 2039 2470 vel
2087 2405 2165 2470 ab
2213 2405 2426 2491 aliquo
2472 2429 2690 2494 gram—

301 2515 540 2580 matico
586 2511 778 2583 ,docto
826 2511 1097 2577 verbum
1134 2510 1404 2595 favendi
1447 2508 1587 2577 loco
1638 2509 1953 2578 Ovidiano
2002 2512 2336 2578 obtrusum
2379 2535 2536 2594 esse,
2578 2520 2692 2581 aut

302 2621 587 2687 Ennium
633 2641 700 2685 re
749 2639 898 2685 vera
937 2618 1207 2684 verbum
1234 2617 1505 2702 favendi
1542 2618 1866 2684 infinitivo
1907 2619 2286 2686 adiunctum
2325 2620 2692 2689 adhibuisse

300 2726 771 2813 significatione
832 2721 1135 2803 studendi,
1200 2724 1480 2806 cupiendi
1542 2730 1609 2789 et
1669 2722 1976 2790 Ovidium
2040 2725 2328 2791 eiusdem
2377 2727 2694 2813 significa·

299 2836 499 2899 tionis
547 2830 919 2919 exemplum
966 2831 1147 2895 nobis
1196 2850 1498 2896 servasse.

396 2939 563 3005 Nam
618 2940 905 3004 rationes
966 2936 1229 3025 linguae
1291 2958 1415 3003 non
1477 2937 1727 3002 obstare
1778 2936 2098 3015 videntur,
2148 2940 2303 3024 quin
2354 2942 2453 3005 vis
2499 2940 2695 3007 huius

301 3047 485 3115 verbi
546 3046 775 3112 abierit
836 3047 902 3110 in
964 3044 1267 3121 studendi,
1334 3049 1399 3109 et
1463 3042 1700 3109 melius
1759 3048 2334 3130 grammaticorum
2385 3068 2558 3112 error
2600 3050 2695 3112 ita

303 3151 681 3239 explicatur,
731 3157 806 3215 ut
852 3152 920 3214 in
968 3149 1415 3235 conquirendis
1464 3148 1774 3236 exemplis
1825 3150 2094 3216 traditae
2142 3149 2416 3217 alicuius
2459 3152 2699 3239 signifi·

303 3260 574 3326 cationis
622 3256 909 3323 socordia
958 3263 1072 3322 aut
1118 3258 1321 3322 nimio
1370 3255 1584 3321 studio
1637 3256 2061 3341 deliquerint,
2103 3279 2298 3343 quam
2337 3265 2414 3323 ut
2453 3259 2698 3345 aliquot

304 3363 619 3451 exemplis
674 3366 1158 3449 itrperversam
1204 3366 1587 3429 sententiam
1638 3362 1903 3429 detortis
1947 3366 2310 3445 notionem,
2360 3387 2522 3453 quae
2567 3388 2699 3433 om-

304 3474 456 3537 nino
504 3491 627 3535 non
675 3476 851 3547 erat,
899 3469 1091 3535 verbo
1138 3470 1501 3535 tribuerint.

393 3577 639 3643 Electio
687 3578 947 3642 omnino
995 3580 1138 3641 tuta
1184 3598 1306 3642 non
1352 3578 1510 3655 erit,
1560 3578 1688 3642 nisi
1736 3576 1890 3662 quid
1937 3580 2087 3644 novi
2122 3581 2516 3645 inveniatur.

398 3790 504 3858 Vs.
555 3788 689 3857 490

590 3897 899 3981 Capitibus
943 3897 1216 3963 nutantis
1249 3898 1435 3981 pinos
1480 3907 1782 3985 rectosque
1827 3921 2132 3983 cupressos

402 4003 767 4091 „Quidquid
828 4010 1224 4089 temptatum
1295 4011 1430 4085 est,
1502 4006 1667 4071 nihil
1727 4008 1865 4071 veri
1929 4005 2210 4072 similius
2270 4026 2463 4094 quam
2525 4006 2698 4074 huno

309 4114 759 4177 hexametrum
822 4132 958 4177 esse
1017 4132 1054 4176 a
1120 4115 1426 4196 quattuor
1489 4111 1786 4178 brevibus
1846 4115 2262 4199 incipientem
2312 4120 2377 4179 et
2423 4115 2698 4179 nutantis

306 4222 460 4299 (non
520 4217 897 4300 nutantibus)
960 4218 1253 4297 verum''‚
1302 4220 1391 4283 sio
1438 4217 1513 4283 de
1563 4218 1684 4283 hoo
1731 4240 1923 4284 versu
1972 4216 2236 4285 Vahlen.
2306 4219 2430 4286 Sed
2480 4242 2699 4307 euper-

379 4456 435 4519 1)
470 4454 580 4504 Cito
616 4469 796 4515 versus,
833 4456 887 4503 ut
919 4454 1033 4503 sunt
1062 4452 1181 4503 editi
1218 4452 1277 4503 ab
1309 4450 1573 4503 Ehwaldio.
