<?xml version="1.0" encoding="UTF-8"?>
<!DOCTYPE html PUBLIC "-//W3C//DTD XHTML 1.0 Transitional//EN"
    "http://www.w3.org/TR/xhtml1/DTD/xhtml1-transitional.dtd">
<html xmlns="http://www.w3.org/1999/xhtml" xml:lang="en" lang="en">
 <head>
  <title>
</title>
<meta http-equiv="Content-Type" content="text/html;charset=utf-8" />
  <meta name='ocr-system' content='tesseract 3.04.00' />
  <meta name='ocr-capabilities' content='ocr_page ocr_carea ocr_par ocr_line ocrx_word'/>
</head>
<body>
  <div class='ocr_page' id='page_1' title='image "./mnemosynevolume03verdgoog_0303.png"; bbox 0 0 3246 5085; ppageno 0'>
   <div class='ocr_carea' id='block_1_1' title="bbox 1324 361 2673 432">
    <p class='ocr_par' dir='ltr' id='par_1_1' title="bbox 1324 361 2673 432">
     <span class='ocr_line' id='line_1_1' title="bbox 1324 361 2673 432; baseline -0.001 0"><span class='ocrx_word' id='word_1_1' title='bbox 1324 381 1634 432; x_wconf 63' lang='lat' dir='ltr'>Donamus.</span> <span class='ocrx_word' id='word_1_2' title='bbox 2542 361 2673 430; x_wconf 82' lang='lat'>295</span> 
     </span>
    </p>
   </div>
   <div class='ocr_carea' id='block_1_2' title="bbox 246 547 2686 4579">
    <p class='ocr_par' dir='ltr' id='par_1_2' title="bbox 273 547 2686 1491">
     <span class='ocr_line' id='line_1_2' title="bbox 280 547 2674 640; baseline -0.002 -20"><span class='ocrx_word' id='word_1_3' title='bbox 280 553 589 640; x_wconf 87' lang='lat' dir='ltr'>loquatur</span> <span class='ocrx_word' id='word_1_4' title='bbox 648 555 951 638; x_wconf 86' lang='lat' dir='ltr'>optetque</span> <span class='ocrx_word' id='word_1_5' title='bbox 1009 551 1163 616; x_wconf 86' lang='lat' dir='ltr'>hoc:</span> <span class='ocrx_word' id='word_1_6' title='bbox 1226 549 1361 629; x_wconf 82' lang='lat' dir='ltr'>Tu,</span> <span class='ocrx_word' id='word_1_7' title='bbox 1422 549 1766 626; x_wconf 87' lang='lat' dir='ltr'>Phormio,</span> <span class='ocrx_word' id='word_1_8' title='bbox 1815 547 2010 615; x_wconf 82' lang='lat' dir='ltr'>talem</span> <span class='ocrx_word' id='word_1_9' title='bbox 2035 598 2053 628; x_wconf 86' lang='lat'>‚</span> <span class='ocrx_word' id='word_1_10' title='bbox 2102 555 2238 614; x_wconf 86' lang='lat' dir='ltr'>tam</span> <span class='ocrx_word' id='word_1_11' title='bbox 2286 550 2560 628; x_wconf 85' lang='lat' dir='ltr'>bonum,</span> <span class='ocrx_word' id='word_1_12' title='bbox 2609 555 2674 616; x_wconf 89' lang='lat' dir='ltr'>te</span> 
     </span>
     <span class='ocr_line' id='line_1_3' title="bbox 280 653 2686 744; baseline -0.002 -18"><span class='ocrx_word' id='word_1_13' title='bbox 280 659 542 737; x_wconf 76' lang='lat' dir='ltr'>videas,</span> <span class='ocrx_word' id='word_1_14' title='bbox 592 657 847 744; x_wconf 88' lang='lat' dir='ltr'>qualem</span> <span class='ocrx_word' id='word_1_15' title='bbox 885 656 1075 722; x_wconf 88' lang='lat' dir='ltr'>illum</span> <span class='ocrx_word' id='word_1_16' title='bbox 1117 678 1253 723; x_wconf 88' lang='lat' dir='ltr'>esse</span> <span class='ocrx_word' id='word_1_17' title='bbox 1291 677 1527 722; x_wconf 89' lang='lat' dir='ltr'>narras.</span> <span class='ocrx_word' id='word_1_18' title='bbox 1575 654 1943 722; x_wconf 83' lang='lat' dir='ltr'>Sloman:</span> <span class='ocrx_word' id='word_1_19' title='bbox 1988 653 2348 741; x_wconf 82' lang='lat' dir='ltr'>„Compare</span> <span class='ocrx_word' id='word_1_20' title='bbox 2385 655 2686 744; x_wconf 81' lang='lat' dir='ltr'>yourself</span> 
     </span>
     <span class='ocr_line' id='line_1_4' title="bbox 276 762 2674 851; baseline -0.003 -18"><span class='ocrx_word' id='word_1_21' title='bbox 276 765 408 834; x_wconf 88' lang='lat' dir='ltr'>and</span> <span class='ocrx_word' id='word_1_22' title='bbox 471 766 610 830; x_wconf 86' lang='lat' dir='ltr'>him</span> <span class='ocrx_word' id='word_1_23' title='bbox 673 764 1017 851; x_wconf 80' lang='lat' dir='ltr'>according</span> <span class='ocrx_word' id='word_1_24' title='bbox 1078 770 1145 829; x_wconf 91' lang='lat' dir='ltr'>to</span> <span class='ocrx_word' id='word_1_25' title='bbox 1182 785 1374 850; x_wconf 69' lang='lat' dir='ltr'>your</span> <span class='ocrx_word' id='word_1_26' title='bbox 1432 763 1766 840; x_wconf 79' lang='lat' dir='ltr'>account’&#39;,</span> <span class='ocrx_word' id='word_1_27' title='bbox 1827 764 1872 826; x_wconf 92' lang='lat' dir='ltr'>i.</span> <span class='ocrx_word' id='word_1_28' title='bbox 1915 783 1970 827; x_wconf 92' lang='lat' dir='ltr'>e.</span> <span class='ocrx_word' id='word_1_29' title='bbox 2038 762 2256 839; x_wconf 85' lang='lat' dir='ltr'>„what</span> <span class='ocrx_word' id='word_1_30' title='bbox 2302 783 2340 828; x_wconf 89' lang='lat' dir='ltr'>a</span> <span class='ocrx_word' id='word_1_31' title='bbox 2387 766 2674 829; x_wconf 88' lang='lat' dir='ltr'>contrast</span> 
     </span>
     <span class='ocr_line' id='line_1_5' title="bbox 278 868 2671 956; baseline -0.001 -18"><span class='ocrx_word' id='word_1_32' title='bbox 278 873 564 938; x_wconf 79' lang='lat' dir='ltr'>between</span> <span class='ocrx_word' id='word_1_33' title='bbox 629 872 786 937; x_wconf 89' lang='lat' dir='ltr'>such</span> <span class='ocrx_word' id='word_1_34' title='bbox 848 891 927 936; x_wconf 89' lang='lat' dir='ltr'>an</span> <span class='ocrx_word' id='word_1_35' title='bbox 986 868 1301 937; x_wconf 86' lang='lat' dir='ltr'>excellent</span> <span class='ocrx_word' id='word_1_36' title='bbox 1360 889 1512 936; x_wconf 85' lang='lat' dir='ltr'>man</span> <span class='ocrx_word' id='word_1_37' title='bbox 1576 889 1646 934; x_wconf 90' lang='lat' dir='ltr'>as</span> <span class='ocrx_word' id='word_1_38' title='bbox 1707 889 1839 956; x_wconf 80' lang='lat' dir='ltr'>you</span> <span class='ocrx_word' id='word_1_39' title='bbox 1887 868 2172 935; x_wconf 86' lang='lat' dir='ltr'>describe</span> <span class='ocrx_word' id='word_1_40' title='bbox 2217 868 2338 934; x_wconf 90' lang='lat' dir='ltr'>and</span> <span class='ocrx_word' id='word_1_41' title='bbox 2386 889 2424 934; x_wconf 89' lang='lat' dir='ltr'>a</span> <span class='ocrx_word' id='word_1_42' title='bbox 2468 868 2671 936; x_wconf 86' lang='lat' dir='ltr'>rascal</span> 
     </span>
     <span class='ocr_line' id='line_1_6' title="bbox 276 974 2672 1066; baseline -0.001 -22"><span class='ocrx_word' id='word_1_43' title='bbox 276 977 414 1044; x_wconf 85' lang='lat' dir='ltr'>like</span> <span class='ocrx_word' id='word_1_44' title='bbox 474 976 825 1066; x_wconf 74' lang='lat' dir='ltr'>yourself.”</span> <span class='ocrx_word' id='word_1_45' title='bbox 888 975 1023 1042; x_wconf 81' lang='lat' dir='ltr'>&#39;l&#39;he</span> <span class='ocrx_word' id='word_1_46' title='bbox 1086 979 1389 1063; x_wconf 83' lang='lat' dir='ltr'>meaning</span> <span class='ocrx_word' id='word_1_47' title='bbox 1433 981 1613 1040; x_wconf 89' lang='lat' dir='ltr'>must</span> <span class='ocrx_word' id='word_1_48' title='bbox 1661 975 1738 1040; x_wconf 93' lang='lat' dir='ltr'>be</span> <span class='ocrx_word' id='word_1_49' title='bbox 1785 974 2415 1064; x_wconf 82' lang='lat' dir='ltr'>uncomplimentary</span> <span class='ocrx_word' id='word_1_50' title='bbox 2461 981 2528 1043; x_wconf 90' lang='lat' dir='ltr'>to</span> <span class='ocrx_word' id='word_1_51' title='bbox 2573 997 2672 1042; x_wconf 88' lang='lat' dir='ltr'>ac-</span> 
     </span>
     <span class='ocr_line' id='line_1_7' title="bbox 276 1080 2670 1171; baseline -0.001 -20"><span class='ocrx_word' id='word_1_52' title='bbox 276 1093 475 1151; x_wconf 87' lang='lat' dir='ltr'>count</span> <span class='ocrx_word' id='word_1_53' title='bbox 536 1085 637 1150; x_wconf 83' lang='lat' dir='ltr'>for</span> <span class='ocrx_word' id='word_1_54' title='bbox 698 1083 1061 1149; x_wconf 87' lang='lat' dir='ltr'>Phormio&#39;s</span> <span class='ocrx_word' id='word_1_55' title='bbox 1106 1082 1419 1171; x_wconf 88' lang='lat' dir='ltr'>rejoinder</span> <span class='ocrx_word' id='word_1_56' title='bbox 1465 1085 1533 1165; x_wconf 89' lang='lat' dir='ltr'>(i.</span> <span class='ocrx_word' id='word_1_57' title='bbox 1561 1102 1615 1147; x_wconf 88' lang='lat' dir='ltr'>e.</span> <span class='ocrx_word' id='word_1_58' title='bbox 1666 1083 1802 1146; x_wconf 89' lang='lat' dir='ltr'>seni</span> <span class='ocrx_word' id='word_1_59' title='bbox 1849 1080 1951 1147; x_wconf 93' lang='lat' dir='ltr'>illi</span> <span class='ocrx_word' id='word_1_60' title='bbox 1997 1081 2278 1163; x_wconf 88' lang='lat' dir='ltr'>ficticio).</span> <span class='ocrx_word' id='word_1_61' title='bbox 2327 1081 2518 1148; x_wconf 78' lang='lat' dir='ltr'>Some</span> <span class='ocrx_word' id='word_1_62' title='bbox 2567 1104 2670 1148; x_wconf 85' lang='lat' dir='ltr'>ex-</span> 
     </span>
     <span class='ocr_line' id='line_1_8' title="bbox 274 1188 2666 1278; baseline -0 -23"><span class='ocrx_word' id='word_1_63' title='bbox 274 1190 453 1277; x_wconf 89' lang='lat' dir='ltr'>plain</span> <span class='ocrx_word' id='word_1_64' title='bbox 519 1191 711 1268; x_wconf 82' lang='lat' dir='ltr'>thus,</span> <span class='ocrx_word' id='word_1_65' title='bbox 777 1189 902 1268; x_wconf 86' lang='lat' dir='ltr'>„do</span> <span class='ocrx_word' id='word_1_66' title='bbox 966 1211 1127 1278; x_wconf 81' lang='lat' dir='ltr'>you</span> <span class='ocrx_word' id='word_1_67' title='bbox 1190 1209 1293 1256; x_wconf 90' lang='lat' dir='ltr'>see</span> <span class='ocrx_word' id='word_1_68' title='bbox 1358 1195 1425 1254; x_wconf 94' lang='lat' dir='ltr'>to</span> <span class='ocrx_word' id='word_1_69' title='bbox 1486 1210 1654 1276; x_wconf 80' lang='lat' dir='ltr'>your</span> <span class='ocrx_word' id='word_1_70' title='bbox 1698 1191 1927 1254; x_wconf 87' lang='lat' dir='ltr'>stories</span> <span class='ocrx_word' id='word_1_71' title='bbox 1973 1189 2168 1255; x_wconf 82' lang='lat' dir='ltr'><strong>about</strong></span> <span class='ocrx_word' id='word_1_72' title='bbox 2211 1188 2508 1276; x_wconf 79' lang='lat' dir='ltr'>yourself</span> <span class='ocrx_word' id='word_1_73' title='bbox 2542 1189 2666 1255; x_wconf 88' lang='lat' dir='ltr'>and</span> 
     </span>
     <span class='ocr_line' id='line_1_9' title="bbox 274 1293 2668 1384; baseline -0 -23"><span class='ocrx_word' id='word_1_74' title='bbox 274 1297 453 1375; x_wconf 87' lang='lat' dir='ltr'>him,</span> <span class='ocrx_word' id='word_1_75' title='bbox 517 1299 574 1362; x_wconf 87' lang='lat' dir='ltr'>it</span> <span class='ocrx_word' id='word_1_76' title='bbox 619 1299 674 1362; x_wconf 91' lang='lat' dir='ltr'>is</span> <span class='ocrx_word' id='word_1_77' title='bbox 720 1297 997 1382; x_wconf 78' lang='lat' dir='ltr'>nothing</span> <span class='ocrx_word' id='word_1_78' title='bbox 1044 1302 1110 1361; x_wconf 87' lang='lat' dir='ltr'>to</span> <span class='ocrx_word' id='word_1_79' title='bbox 1158 1295 1303 1374; x_wconf 84' lang='lat' dir='ltr'>us”,</span> <span class='ocrx_word' id='word_1_80' title='bbox 1350 1317 1439 1372; x_wconf 89' lang='lat' dir='ltr'>or,</span> <span class='ocrx_word' id='word_1_81' title='bbox 1494 1316 1640 1374; x_wconf 80' lang='lat' dir='ltr'>„see</span> <span class='ocrx_word' id='word_1_82' title='bbox 1688 1293 1862 1360; x_wconf 85' lang='lat' dir='ltr'>what</span> <span class='ocrx_word' id='word_1_83' title='bbox 1907 1293 2056 1362; x_wconf 89' lang='lat' dir='ltr'>liess</span> <span class='ocrx_word' id='word_1_84' title='bbox 2102 1316 2235 1382; x_wconf 83' lang='lat' dir='ltr'>you</span> <span class='ocrx_word' id='word_1_85' title='bbox 2280 1315 2387 1361; x_wconf 89' lang='lat' dir='ltr'>are</span> <span class='ocrx_word' id='word_1_86' title='bbox 2433 1294 2668 1384; x_wconf 89' lang='lat' dir='ltr'>telling</span> 
     </span>
     <span class='ocr_line' id='line_1_10' title="bbox 273 1402 1228 1491; baseline -0.003 -22"><span class='ocrx_word' id='word_1_87' title='bbox 273 1404 469 1470; x_wconf 89' lang='lat' dir='ltr'>about</span> <span class='ocrx_word' id='word_1_88' title='bbox 516 1402 815 1491; x_wconf 80' lang='lat' dir='ltr'>yourself</span> <span class='ocrx_word' id='word_1_89' title='bbox 852 1402 975 1468; x_wconf 83' lang='lat' dir='ltr'>and</span> <span class='ocrx_word' id='word_1_90' title='bbox 1026 1403 1228 1467; x_wconf 91' lang='lat' dir='ltr'>him.&#39;&#39;</span> 
     </span>
    </p>

    <p class='ocr_par' dir='ltr' id='par_1_3' title="bbox 254 1507 2666 3297">
     <span class='ocr_line' id='line_1_11' title="bbox 368 1507 2666 1593; baseline 0.001 -19"><span class='ocrx_word' id='word_1_91' title='bbox 368 1509 498 1575; x_wconf 90' lang='lat' dir='ltr'>Ubi</span> <span class='ocrx_word' id='word_1_92' title='bbox 541 1512 742 1576; x_wconf 87' lang='lat' dir='ltr'>etiam</span> <span class='ocrx_word' id='word_1_93' title='bbox 787 1508 975 1575; x_wconf 90' lang='lat' dir='ltr'>hodie</span> <span class='ocrx_word' id='word_1_94' title='bbox 1024 1511 1114 1574; x_wconf 90' lang='lat' dir='ltr'>sic</span> <span class='ocrx_word' id='word_1_95' title='bbox 1161 1508 1505 1586; x_wconf 86' lang='lat' dir='ltr'>titubatur,</span> <span class='ocrx_word' id='word_1_96' title='bbox 1554 1507 1710 1593; x_wconf 85' lang='lat' dir='ltr'>quid</span> <span class='ocrx_word' id='word_1_97' title='bbox 1755 1509 2000 1572; x_wconf 87' lang='lat' dir='ltr'>mirum</span> <span class='ocrx_word' id='word_1_98' title='bbox 2041 1510 2098 1573; x_wconf 88' lang='lat' dir='ltr'>si</span> <span class='ocrx_word' id='word_1_99' title='bbox 2135 1507 2302 1574; x_wconf 89' lang='lat' dir='ltr'>nihil</span> <span class='ocrx_word' id='word_1_100' title='bbox 2339 1509 2432 1575; x_wconf 93' lang='lat' dir='ltr'>ibi</span> <span class='ocrx_word' id='word_1_101' title='bbox 2467 1509 2666 1577; x_wconf 87' lang='lat' dir='ltr'>bonae</span> 
     </span>
     <span class='ocr_line' id='line_1_12' title="bbox 270 1613 2665 1703; baseline 0.001 -22"><span class='ocrx_word' id='word_1_102' title='bbox 270 1617 483 1703; x_wconf 85' lang='lat' dir='ltr'>frugis</span> <span class='ocrx_word' id='word_1_103' title='bbox 527 1617 961 1702; x_wconf 89' lang='lat' dir='ltr'>praebuerunt</span> <span class='ocrx_word' id='word_1_104' title='bbox 1004 1617 1387 1701; x_wconf 82' lang='lat' dir='ltr'>interpretes</span> <span class='ocrx_word' id='word_1_105' title='bbox 1433 1619 1702 1680; x_wconf 82' lang='lat' dir='ltr'>veteres.</span> <span class='ocrx_word' id='word_1_106' title='bbox 1773 1613 1873 1678; x_wconf 82' lang='lat' dir='ltr'>Ex</span> <span class='ocrx_word' id='word_1_107' title='bbox 1909 1613 2142 1679; x_wconf 86' lang='lat' dir='ltr'>horum</span> <span class='ocrx_word' id='word_1_108' title='bbox 2181 1618 2665 1702; x_wconf 89' lang='lat' dir='ltr'>temptamentis</span> 
     </span>
     <span class='ocr_line' id='line_1_13' title="bbox 268 1719 2662 1808; baseline 0 -20"><span class='ocrx_word' id='word_1_109' title='bbox 268 1725 341 1787; x_wconf 89' lang='lat' dir='ltr'>in</span> <span class='ocrx_word' id='word_1_110' title='bbox 388 1723 483 1804; x_wconf 84' lang='lat'>(5)</span> <span class='ocrx_word' id='word_1_111' title='bbox 545 1721 729 1788; x_wconf 86' lang='lat' dir='ltr'>facile</span> <span class='ocrx_word' id='word_1_112' title='bbox 775 1723 1186 1808; x_wconf 81' lang='lat' dir='ltr'>agnoscimus</span> <span class='ocrx_word' id='word_1_113' title='bbox 1232 1722 1469 1786; x_wconf 90' lang='lat' dir='ltr'>miram</span> <span class='ocrx_word' id='word_1_114' title='bbox 1514 1719 1888 1807; x_wconf 78' lang='lat' dir='ltr'>philosophi</span> <span class='ocrx_word' id='word_1_115' title='bbox 1933 1722 2137 1786; x_wconf 81' lang='lat' dir='ltr'>nostri</span> <span class='ocrx_word' id='word_1_116' title='bbox 2183 1722 2624 1788; x_wconf 81' lang='lat' dir='ltr'>inventionem</span> <span class='ocrx_word' id='word_1_117' title='bbox 2645 1770 2662 1802; x_wconf 98' lang='lat'>,</span> 
     </span>
     <span class='ocr_line' id='line_1_14' title="bbox 266 1824 2662 1916; baseline 0.001 -22"><span class='ocrx_word' id='word_1_118' title='bbox 266 1831 385 1915; x_wconf 87' lang='lat' dir='ltr'>qui</span> <span class='ocrx_word' id='word_1_119' title='bbox 444 1829 523 1894; x_wconf 89' lang='lat' dir='ltr'>de</span> <span class='ocrx_word' id='word_1_120' title='bbox 584 1835 834 1916; x_wconf 86' lang='lat' dir='ltr'>spectro</span> <span class='ocrx_word' id='word_1_121' title='bbox 892 1830 1157 1916; x_wconf 87' lang='lat' dir='ltr'>cogitat.</span> <span class='ocrx_word' id='word_1_122' title='bbox 1226 1827 1470 1893; x_wconf 87' lang='lat' dir='ltr'>Auctor</span> <span class='ocrx_word' id='word_1_123' title='bbox 1526 1824 1754 1892; x_wconf 89' lang='lat' dir='ltr'>scholii</span> <span class='ocrx_word' id='word_1_124' title='bbox 1802 1827 1898 1908; x_wconf 88' lang='lat'>(6)</span> <span class='ocrx_word' id='word_1_125' title='bbox 1956 1828 2150 1893; x_wconf 86' lang='lat' dir='ltr'>verba</span> <span class='ocrx_word' id='word_1_126' title='bbox 2197 1831 2408 1916; x_wconf 87' lang='lat' dir='ltr'>magis</span> <span class='ocrx_word' id='word_1_127' title='bbox 2455 1831 2662 1896; x_wconf 84' lang='lat' dir='ltr'>sobrie</span> 
     </span>
     <span class='ocr_line' id='line_1_15' title="bbox 268 1931 2661 2023; baseline 0.001 -22"><span class='ocrx_word' id='word_1_128' title='bbox 268 1935 618 2022; x_wconf 86' lang='lat' dir='ltr'>explicuit,</span> <span class='ocrx_word' id='word_1_129' title='bbox 682 1955 913 2021; x_wconf 88' lang='lat' dir='ltr'>nempe</span> <span class='ocrx_word' id='word_1_130' title='bbox 978 1932 1215 2001; x_wconf 86' lang='lat' dir='ltr'>Getam</span> <span class='ocrx_word' id='word_1_131' title='bbox 1278 1955 1427 1999; x_wconf 92' lang='lat' dir='ltr'>cum</span> <span class='ocrx_word' id='word_1_132' title='bbox 1492 1933 1614 1998; x_wconf 94' lang='lat' dir='ltr'>hoc</span> <span class='ocrx_word' id='word_1_133' title='bbox 1663 1931 1916 2018; x_wconf 90' lang='lat' dir='ltr'>eloquio</span> <span class='ocrx_word' id='word_1_134' title='bbox 1961 1954 2090 1999; x_wconf 91' lang='lat' dir='ltr'>non</span> <span class='ocrx_word' id='word_1_135' title='bbox 2110 1982 2127 2013; x_wconf 91' lang='lat'>,</span> <span class='ocrx_word' id='word_1_136' title='bbox 2178 1940 2254 2000; x_wconf 89' lang='lat' dir='ltr'>ut</span> <span class='ocrx_word' id='word_1_137' title='bbox 2298 1938 2367 2000; x_wconf 90' lang='lat' dir='ltr'>in</span> <span class='ocrx_word' id='word_1_138' title='bbox 2415 1935 2661 2023; x_wconf 88' lang='lat' dir='ltr'>reliquo</span> 
     </span>
     <span class='ocr_line' id='line_1_16' title="bbox 268 2039 2658 2128; baseline 0 -19"><span class='ocrx_word' id='word_1_139' title='bbox 268 2063 597 2121; x_wconf 87' lang='lat' dir='ltr'>sermone,</span> <span class='ocrx_word' id='word_1_140' title='bbox 662 2048 830 2108; x_wconf 86' lang='lat' dir='ltr'>stare</span> <span class='ocrx_word' id='word_1_141' title='bbox 875 2063 912 2107; x_wconf 91' lang='lat' dir='ltr'>a</span> <span class='ocrx_word' id='word_1_142' title='bbox 958 2047 1137 2128; x_wconf 83' lang='lat' dir='ltr'>parte</span> <span class='ocrx_word' id='word_1_143' title='bbox 1184 2040 1642 2126; x_wconf 89' lang='lat' dir='ltr'>Demiphonis,</span> <span class='ocrx_word' id='word_1_144' title='bbox 1693 2040 1804 2105; x_wconf 91' lang='lat' dir='ltr'>sed</span> <span class='ocrx_word' id='word_1_145' title='bbox 1849 2039 2015 2106; x_wconf 89' lang='lat' dir='ltr'>clam</span> <span class='ocrx_word' id='word_1_146' title='bbox 2035 2089 2052 2120; x_wconf 91' lang='lat'>,</span> <span class='ocrx_word' id='word_1_147' title='bbox 2102 2042 2422 2108; x_wconf 90' lang='lat' dir='ltr'>submissa</span> <span class='ocrx_word' id='word_1_148' title='bbox 2466 2065 2658 2124; x_wconf 85' lang='lat' dir='ltr'>voce,</span> 
     </span>
     <span class='ocr_line' id='line_1_17' title="bbox 266 2147 2658 2234; baseline 0 -20"><span class='ocrx_word' id='word_1_149' title='bbox 266 2149 729 2214; x_wconf 87' lang='lat' dir='ltr'>Phormionem</span> <span class='ocrx_word' id='word_1_150' title='bbox 790 2147 1209 2234; x_wconf 83' lang='lat' dir='ltr'>compellare,</span> <span class='ocrx_word' id='word_1_151' title='bbox 1258 2153 1324 2213; x_wconf 87' lang='lat' dir='ltr'>et</span> <span class='ocrx_word' id='word_1_152' title='bbox 1366 2149 1604 2213; x_wconf 90' lang='lat' dir='ltr'>ironice</span> <span class='ocrx_word' id='word_1_153' title='bbox 1651 2151 1904 2231; x_wconf 87' lang='lat' dir='ltr'>optare:</span> <span class='ocrx_word' id='word_1_154' title='bbox 1957 2152 2257 2225; x_wconf 82' lang='lat' dir='ltr'>„tantum</span> <span class='ocrx_word' id='word_1_155' title='bbox 2305 2147 2422 2213; x_wconf 87' lang='lat' dir='ltr'>tu”</span> <span class='ocrx_word' id='word_1_156' title='bbox 2471 2156 2619 2216; x_wconf 87' lang='lat' dir='ltr'>cett.</span> <span class='ocrx_word' id='word_1_157' title='bbox 2639 2173 2658 2231; x_wconf 80' lang='lat'><em>3</em></span> 
     </span>
     <span class='ocr_line' id='line_1_18' title="bbox 266 2251 2658 2341; baseline -0 -20"><span class='ocrx_word' id='word_1_158' title='bbox 266 2261 335 2321; x_wconf 84' lang='lat' dir='ltr'>at</span> <span class='ocrx_word' id='word_1_159' title='bbox 390 2275 543 2321; x_wconf 86' lang='lat' dir='ltr'>vero</span> <span class='ocrx_word' id='word_1_160' title='bbox 590 2255 744 2340; x_wconf 91' lang='lat' dir='ltr'>quid</span> <span class='ocrx_word' id='word_1_161' title='bbox 789 2255 943 2321; x_wconf 89' lang='lat' dir='ltr'>haec</span> <span class='ocrx_word' id='word_1_162' title='bbox 988 2257 1129 2341; x_wconf 90' lang='lat' dir='ltr'>ipsa</span> <span class='ocrx_word' id='word_1_163' title='bbox 1179 2253 1370 2320; x_wconf 88' lang='lat' dir='ltr'>verba</span> <span class='ocrx_word' id='word_1_164' title='bbox 1419 2257 1718 2331; x_wconf 85' lang='lat' dir='ltr'>„tantum</span> <span class='ocrx_word' id='word_1_165' title='bbox 1768 2251 1884 2317; x_wconf 90' lang='lat' dir='ltr'>tu&#39;&#39;</span> <span class='ocrx_word' id='word_1_166' title='bbox 1932 2273 2062 2339; x_wconf 88' lang='lat' dir='ltr'>seq.</span> <span class='ocrx_word' id='word_1_167' title='bbox 2117 2255 2372 2340; x_wconf 86' lang='lat' dir='ltr'>proprie</span> <span class='ocrx_word' id='word_1_168' title='bbox 2417 2256 2658 2341; x_wconf 87' lang='lat' dir='ltr'>signifi-</span> 
     </span>
     <span class='ocr_line' id='line_1_19' title="bbox 262 2357 2653 2448; baseline 0 -21"><span class='ocrx_word' id='word_1_169' title='bbox 262 2366 411 2427; x_wconf 91' lang='lat' dir='ltr'>cent</span> <span class='ocrx_word' id='word_1_170' title='bbox 448 2383 573 2426; x_wconf 87' lang='lat' dir='ltr'>non</span> <span class='ocrx_word' id='word_1_171' title='bbox 611 2366 827 2448; x_wconf 86' lang='lat' dir='ltr'>aperte</span> <span class='ocrx_word' id='word_1_172' title='bbox 869 2359 1182 2439; x_wconf 87' lang='lat' dir='ltr'>declarat;</span> <span class='ocrx_word' id='word_1_173' title='bbox 1224 2359 1481 2425; x_wconf 82' lang='lat' dir='ltr'>videtur</span> <span class='ocrx_word' id='word_1_174' title='bbox 1520 2357 1736 2425; x_wconf 87' lang='lat' dir='ltr'>locum</span> <span class='ocrx_word' id='word_1_175' title='bbox 1782 2357 2148 2446; x_wconf 87' lang='lat' dir='ltr'>intelligere</span> <span class='ocrx_word' id='word_1_176' title='bbox 2197 2365 2272 2424; x_wconf 88' lang='lat' dir='ltr'>nt</span> <span class='ocrx_word' id='word_1_177' title='bbox 2318 2359 2653 2440; x_wconf 81' lang='lat' dir='ltr'>Dziatzko‚</span> 
     </span>
     <span class='ocr_line' id='line_1_20' title="bbox 263 2464 2652 2554; baseline 0 -21"><span class='ocrx_word' id='word_1_178' title='bbox 263 2467 379 2533; x_wconf 89' lang='lat' dir='ltr'>sed</span> <span class='ocrx_word' id='word_1_179' title='bbox 435 2470 691 2534; x_wconf 85' lang='lat' dir='ltr'>ironice.</span> <span class='ocrx_word' id='word_1_180' title='bbox 766 2469 1075 2532; x_wconf 89' lang='lat' dir='ltr'>Omnium</span> <span class='ocrx_word' id='word_1_181' title='bbox 1142 2469 1412 2532; x_wconf 89' lang='lat' dir='ltr'>minime</span> <span class='ocrx_word' id='word_1_182' title='bbox 1476 2464 1809 2552; x_wconf 85' lang='lat' dir='ltr'>displicet,</span> <span class='ocrx_word' id='word_1_183' title='bbox 1874 2465 2042 2554; x_wconf 91' lang='lat' dir='ltr'>quod</span> <span class='ocrx_word' id='word_1_184' title='bbox 2102 2464 2347 2554; x_wconf 89' lang='lat' dir='ltr'>legitur</span> <span class='ocrx_word' id='word_1_185' title='bbox 2405 2470 2473 2532; x_wconf 90' lang='lat' dir='ltr'>in</span> <span class='ocrx_word' id='word_1_186' title='bbox 2535 2466 2652 2552; x_wconf 83' lang='lat'>(7),</span> 
     </span>
     <span class='ocr_line' id='line_1_21' title="bbox 265 2571 2656 2660; baseline 0.001 -20"><span class='ocrx_word' id='word_1_187' title='bbox 265 2576 451 2640; x_wconf 88' lang='lat' dir='ltr'>cuius</span> <span class='ocrx_word' id='word_1_188' title='bbox 496 2573 726 2640; x_wconf 89' lang='lat' dir='ltr'>scholii</span> <span class='ocrx_word' id='word_1_189' title='bbox 774 2572 1159 2660; x_wconf 88' lang='lat' dir='ltr'>significatio</span> <span class='ocrx_word' id='word_1_190' title='bbox 1206 2571 1435 2638; x_wconf 83' lang='lat' dir='ltr'>saltem</span> <span class='ocrx_word' id='word_1_191' title='bbox 1486 2578 1706 2658; x_wconf 85' lang='lat' dir='ltr'>aperta</span> <span class='ocrx_word' id='word_1_192' title='bbox 1750 2578 1848 2638; x_wconf 90' lang='lat' dir='ltr'>est</span> <span class='ocrx_word' id='word_1_193' title='bbox 1891 2592 2007 2638; x_wconf 89' lang='lat' dir='ltr'>nec</span> <span class='ocrx_word' id='word_1_194' title='bbox 2053 2573 2361 2654; x_wconf 80' lang='lat' dir='ltr'>absurda3</span> <span class='ocrx_word' id='word_1_195' title='bbox 2411 2573 2656 2642; x_wconf 86' lang='lat' dir='ltr'>scilicet</span> 
     </span>
     <span class='ocr_line' id='line_1_22' title="bbox 262 2678 2650 2768; baseline 0 -21"><span class='ocrx_word' id='word_1_196' title='bbox 262 2683 491 2767; x_wconf 87' lang='lat' dir='ltr'>arripit</span> <span class='ocrx_word' id='word_1_197' title='bbox 540 2678 706 2747; x_wconf 83' lang='lat' dir='ltr'>Geta</span> <span class='ocrx_word' id='word_1_198' title='bbox 749 2680 1158 2745; x_wconf 88' lang='lat' dir='ltr'>Phormionis</span> <span class='ocrx_word' id='word_1_199' title='bbox 1205 2680 1401 2745; x_wconf 86' lang='lat' dir='ltr'>verba</span> <span class='ocrx_word' id='word_1_200' title='bbox 1447 2678 1717 2745; x_wconf 86' lang='lat' dir='ltr'>ultima:</span> <span class='ocrx_word' id='word_1_201' title='bbox 1761 2679 1892 2757; x_wconf 81' lang='lat' dir='ltr'>„At</span> <span class='ocrx_word' id='word_1_202' title='bbox 1929 2700 2121 2765; x_wconf 90' lang='lat' dir='ltr'>quem</span> <span class='ocrx_word' id='word_1_203' title='bbox 2161 2680 2415 2747; x_wconf 73' lang='lat' dir='ltr'>virum!</span> <span class='ocrx_word' id='word_1_204' title='bbox 2458 2704 2650 2768; x_wconf 92' lang='lat' dir='ltr'>quem</span> 
     </span>
     <span class='ocr_line' id='line_1_23' title="bbox 262 2783 2650 2874; baseline 0 -20"><span class='ocrx_word' id='word_1_205' title='bbox 262 2809 386 2874; x_wconf 92' lang='lat' dir='ltr'>ego</span> <span class='ocrx_word' id='word_1_206' title='bbox 432 2787 795 2853; x_wconf 85' lang='lat' dir='ltr'>viderim</span> <span class='ocrx_word' id='word_1_207' title='bbox 842 2788 909 2851; x_wconf 91' lang='lat' dir='ltr'>in</span> <span class='ocrx_word' id='word_1_208' title='bbox 960 2788 1101 2853; x_wconf 84' lang='lat' dir='ltr'>vita</span> <span class='ocrx_word' id='word_1_209' title='bbox 1145 2783 1591 2871; x_wconf 82' lang='lat' dir='ltr'>optimum!</span> <span class='ocrx_word' id='word_1_210' title='bbox 1651 2792 1716 2850; x_wconf 90' lang='lat' dir='ltr'>et</span> <span class='ocrx_word' id='word_1_211' title='bbox 1763 2784 1979 2850; x_wconf 89' lang='lat' dir='ltr'>odiose</span> <span class='ocrx_word' id='word_1_212' title='bbox 2027 2788 2087 2851; x_wconf 91' lang='lat' dir='ltr'>ei</span> <span class='ocrx_word' id='word_1_213' title='bbox 2131 2786 2396 2853; x_wconf 86' lang='lat' dir='ltr'>eandem</span> <span class='ocrx_word' id='word_1_214' title='bbox 2442 2790 2650 2855; x_wconf 83' lang='lat' dir='ltr'>vitam</span> 
     </span>
     <span class='ocr_line' id='line_1_24' title="bbox 256 2890 2650 2981; baseline 0.001 -22"><span class='ocrx_word' id='word_1_215' title='bbox 256 2896 329 2959; x_wconf 87' lang='lat' dir='ltr'>in</span> <span class='ocrx_word' id='word_1_216' title='bbox 384 2893 597 2959; x_wconf 89' lang='lat' dir='ltr'>alieno</span> <span class='ocrx_word' id='word_1_217' title='bbox 642 2914 799 2980; x_wconf 90' lang='lat' dir='ltr'>agro</span> <span class='ocrx_word' id='word_1_218' title='bbox 846 2913 1292 2958; x_wconf 85' lang='lat' dir='ltr'>aerumnosam</span> <span class='ocrx_word' id='word_1_219' title='bbox 1341 2894 1758 2977; x_wconf 82' lang='lat' dir='ltr'>imprecatur,</span> <span class='ocrx_word' id='word_1_220' title='bbox 1804 2911 1997 2977; x_wconf 84' lang='lat' dir='ltr'>quam</span> <span class='ocrx_word' id='word_1_221' title='bbox 2043 2890 2156 2957; x_wconf 88' lang='lat' dir='ltr'>ille</span> <span class='ocrx_word' id='word_1_222' title='bbox 2203 2895 2372 2960; x_wconf 92' lang='lat' dir='ltr'>senis</span> <span class='ocrx_word' id='word_1_223' title='bbox 2418 2897 2650 2981; x_wconf 87' lang='lat' dir='ltr'>optimi</span> 
     </span>
     <span class='ocr_line' id='line_1_25' title="bbox 257 2996 2643 3086; baseline 0.001 -21"><span class='ocrx_word' id='word_1_224' title='bbox 257 3001 455 3066; x_wconf 85' lang='lat' dir='ltr'>fuisse</span> <span class='ocrx_word' id='word_1_225' title='bbox 492 3002 801 3065; x_wconf 83' lang='lat' dir='ltr'>narravit.</span> <span class='ocrx_word' id='word_1_226' title='bbox 842 2998 1011 3064; x_wconf 83' lang='lat' dir='ltr'>Tum</span> <span class='ocrx_word' id='word_1_227' title='bbox 1050 3019 1204 3085; x_wconf 88' lang='lat' dir='ltr'>ergo</span> <span class='ocrx_word' id='word_1_228' title='bbox 1242 2996 1517 3063; x_wconf 88' lang='lat' dir='ltr'>elocutio</span> <span class='ocrx_word' id='word_1_229' title='bbox 1555 2999 1730 3063; x_wconf 83' lang='lat' dir='ltr'>iusto</span> <span class='ocrx_word' id='word_1_230' title='bbox 1769 2998 2024 3063; x_wconf 89' lang='lat' dir='ltr'>brevior</span> <span class='ocrx_word' id='word_1_231' title='bbox 2060 2999 2152 3063; x_wconf 89' lang='lat' dir='ltr'>sic</span> <span class='ocrx_word' id='word_1_232' title='bbox 2175 3002 2274 3064; x_wconf 88' lang='lat' dir='ltr'>est</span> <span class='ocrx_word' id='word_1_233' title='bbox 2297 2998 2643 3086; x_wconf 87' lang='lat' dir='ltr'>explenda:</span> 
     </span>
     <span class='ocr_line' id='line_1_26' title="bbox 260 3103 2648 3191; baseline 0.001 -19"><span class='ocrx_word' id='word_1_234' title='bbox 260 3105 537 3186; x_wconf 80' lang='lat' dir='ltr'>„Videas</span> <span class='ocrx_word' id='word_1_235' title='bbox 595 3113 660 3173; x_wconf 91' lang='lat' dir='ltr'>te</span> <span class='ocrx_word' id='word_1_236' title='bbox 720 3108 815 3172; x_wconf 88' lang='lat' dir='ltr'>ita</span> <span class='ocrx_word' id='word_1_237' title='bbox 878 3108 1207 3173; x_wconf 83' lang='lat' dir='ltr'>viventem</span> <span class='ocrx_word' id='word_1_238' title='bbox 1270 3111 1463 3191; x_wconf 84' lang='lat' dir='ltr'>atque</span> <span class='ocrx_word' id='word_1_239' title='bbox 1526 3103 1718 3169; x_wconf 87' lang='lat' dir='ltr'>illum</span> <span class='ocrx_word' id='word_1_240' title='bbox 1781 3104 2042 3184; x_wconf 84' lang='lat' dir='ltr'>vidisti,</span> <span class='ocrx_word' id='word_1_241' title='bbox 2105 3112 2182 3172; x_wconf 91' lang='lat' dir='ltr'>ut</span> <span class='ocrx_word' id='word_1_242' title='bbox 2242 3105 2429 3187; x_wconf 84' lang='lat' dir='ltr'>(falso</span> <span class='ocrx_word' id='word_1_243' title='bbox 2477 3108 2648 3191; x_wconf 90' lang='lat' dir='ltr'>scil.)</span> 
     </span>
     <span class='ocr_line' id='line_1_27' title="bbox 254 3210 2596 3297; baseline 0 -18"><span class='ocrx_word' id='word_1_244' title='bbox 254 3212 538 3279; x_wconf 86' lang='lat' dir='ltr'>narras.&#39;&#39;</span> <span class='ocrx_word' id='word_1_245' title='bbox 589 3212 685 3279; x_wconf 91' lang='lat' dir='ltr'>De</span> <span class='ocrx_word' id='word_1_246' title='bbox 732 3216 854 3278; x_wconf 89' lang='lat' dir='ltr'>ita</span> <span class='ocrx_word' id='word_1_247' title='bbox 900 3212 1137 3278; x_wconf 90' lang='lat' dir='ltr'>omisso</span> <span class='ocrx_word' id='word_1_248' title='bbox 1182 3217 1331 3277; x_wconf 88' lang='lat' dir='ltr'>ante</span> <span class='ocrx_word' id='word_1_249' title='bbox 1379 3210 1658 3297; x_wconf 87' lang='lat' dir='ltr'>„atque”</span> <span class='ocrx_word' id='word_1_250' title='bbox 1702 3211 1834 3277; x_wconf 85' lang='lat' dir='ltr'>vid.</span> <span class='ocrx_word' id='word_1_251' title='bbox 1875 3210 2285 3279; x_wconf 81' lang='lat' dir='ltr'>Dziatzko</span> <span class='ocrx_word' id='word_1_252' title='bbox 2325 3213 2404 3279; x_wconf 89' lang='lat' dir='ltr'>ad</span> <span class='ocrx_word' id='word_1_253' title='bbox 2443 3214 2508 3280; x_wconf 92' lang='lat' dir='ltr'>h.</span> <span class='ocrx_word' id='word_1_254' title='bbox 2534 3236 2596 3281; x_wconf 80' lang='lat' dir='ltr'>v.</span> 
     </span>
    </p>

    <p class='ocr_par' dir='ltr' id='par_1_4' title="bbox 253 3318 2649 3831">
     <span class='ocr_line' id='line_1_28' title="bbox 345 3318 2649 3408; baseline 0.002 -23"><span class='ocrx_word' id='word_1_255' title='bbox 345 3320 487 3387; x_wconf 87' lang='lat' dir='ltr'>Hoc</span> <span class='ocrx_word' id='word_1_256' title='bbox 530 3322 741 3407; x_wconf 85' lang='lat' dir='ltr'>igitur</span> <span class='ocrx_word' id='word_1_257' title='bbox 785 3318 1112 3385; x_wconf 86' lang='lat' dir='ltr'>Donatum</span> <span class='ocrx_word' id='word_1_258' title='bbox 1157 3321 1479 3385; x_wconf 82' lang='lat' dir='ltr'>invenisse</span> <span class='ocrx_word' id='word_1_259' title='bbox 1526 3324 1718 3405; x_wconf 89' lang='lat' dir='ltr'>puto,</span> <span class='ocrx_word' id='word_1_260' title='bbox 1759 3340 1794 3383; x_wconf 87' lang='lat' dir='ltr'>e</span> <span class='ocrx_word' id='word_1_261' title='bbox 1830 3320 2016 3384; x_wconf 88' lang='lat' dir='ltr'>cuius</span> <span class='ocrx_word' id='word_1_262' title='bbox 2054 3318 2296 3386; x_wconf 84' lang='lat' dir='ltr'>scholio</span> <span class='ocrx_word' id='word_1_263' title='bbox 2336 3324 2649 3408; x_wconf 87' lang='lat' dir='ltr'>magister</span> 
     </span>
     <span class='ocr_line' id='line_1_29' title="bbox 256 3423 2646 3513; baseline 0.002 -23"><span class='ocrx_word' id='word_1_264' title='bbox 256 3426 355 3508; x_wconf 91' lang='lat'>(1)</span> <span class='ocrx_word' id='word_1_265' title='bbox 414 3428 765 3513; x_wconf 86' lang='lat' dir='ltr'>excerpsit:</span> <span class='ocrx_word' id='word_1_266' title='bbox 829 3425 1005 3491; x_wconf 88' lang='lat' dir='ltr'>deest</span> <span class='ocrx_word' id='word_1_267' title='bbox 1068 3423 1377 3503; x_wconf 86' lang='lat' dir='ltr'>„vidisti”</span> <span class='ocrx_word' id='word_1_268' title='bbox 1398 3444 1415 3503; x_wconf 79' lang='lat'><em>3</em></span> <span class='ocrx_word' id='word_1_269' title='bbox 1479 3424 1649 3490; x_wconf 85' lang='lat' dir='ltr'>alius</span> <span class='ocrx_word' id='word_1_270' title='bbox 1694 3424 1790 3506; x_wconf 83' lang='lat'>(2)</span> <span class='ocrx_word' id='word_1_271' title='bbox 1838 3426 2033 3492; x_wconf 83' lang='lat' dir='ltr'>verba</span> <span class='ocrx_word' id='word_1_272' title='bbox 2080 3430 2200 3504; x_wconf 82' lang='lat' dir='ltr'>„ut</span> <span class='ocrx_word' id='word_1_273' title='bbox 2246 3427 2506 3494; x_wconf 88' lang='lat' dir='ltr'>narras”</span> <span class='ocrx_word' id='word_1_274' title='bbox 2555 3432 2646 3495; x_wconf 89' lang='lat' dir='ltr'>sic</span> 
     </span>
     <span class='ocr_line' id='line_1_30' title="bbox 253 3529 2644 3620; baseline 0.001 -22"><span class='ocrx_word' id='word_1_275' title='bbox 253 3536 715 3620; x_wconf 89' lang='lat' dir='ltr'>interpretatus</span> <span class='ocrx_word' id='word_1_276' title='bbox 773 3536 873 3598; x_wconf 88' lang='lat' dir='ltr'>est</span> <span class='ocrx_word' id='word_1_277' title='bbox 936 3534 1100 3611; x_wconf 86' lang='lat' dir='ltr'>„scit</span> <span class='ocrx_word' id='word_1_278' title='bbox 1159 3533 1333 3597; x_wconf 88' lang='lat' dir='ltr'>enim</span> <span class='ocrx_word' id='word_1_279' title='bbox 1394 3529 1588 3598; x_wconf 92' lang='lat' dir='ltr'>illum</span> <span class='ocrx_word' id='word_1_280' title='bbox 1652 3553 1776 3597; x_wconf 90' lang='lat' dir='ltr'>non</span> <span class='ocrx_word' id='word_1_281' title='bbox 1843 3553 1992 3598; x_wconf 83' lang='lat' dir='ltr'>vera</span> <span class='ocrx_word' id='word_1_282' title='bbox 2054 3532 2326 3600; x_wconf 86' lang='lat' dir='ltr'>dicere”.</span> <span class='ocrx_word' id='word_1_283' title='bbox 2389 3534 2644 3601; x_wconf 85' lang='lat' dir='ltr'>Tertius</span> 
     </span>
     <span class='ocr_line' id='line_1_31' title="bbox 256 3637 2644 3727; baseline 0.001 -22"><span class='ocrx_word' id='word_1_284' title='bbox 256 3639 531 3726; x_wconf 88' lang='lat' dir='ltr'>denique</span> <span class='ocrx_word' id='word_1_285' title='bbox 578 3662 693 3706; x_wconf 90' lang='lat' dir='ltr'>suo</span> <span class='ocrx_word' id='word_1_286' title='bbox 744 3645 949 3705; x_wconf 89' lang='lat' dir='ltr'>marte</span> <span class='ocrx_word' id='word_1_287' title='bbox 992 3640 1587 3725; x_wconf 85' lang='lat' dir='ltr'>interpretationem</span> <span class='ocrx_word' id='word_1_288' title='bbox 1637 3637 1980 3705; x_wconf 89' lang='lat' dir='ltr'>infeliciter</span> <span class='ocrx_word' id='word_1_289' title='bbox 2027 3643 2377 3727; x_wconf 80' lang='lat' dir='ltr'>temptavit</span> <span class='ocrx_word' id='word_1_290' title='bbox 2419 3644 2486 3706; x_wconf 92' lang='lat' dir='ltr'>in</span> <span class='ocrx_word' id='word_1_291' title='bbox 2524 3641 2644 3722; x_wconf 85' lang='lat'><strong>(4).</strong></span> 
     </span>
     <span class='ocr_line' id='line_1_32' title="bbox 254 3744 1918 3831; baseline -0.002 -20"><span class='ocrx_word' id='word_1_292' title='bbox 254 3746 425 3812; x_wconf 81' lang='lat' dir='ltr'>&#39;I&#39;um</span> <span class='ocrx_word' id='word_1_293' title='bbox 471 3749 543 3812; x_wconf 92' lang='lat' dir='ltr'>in</span> <span class='ocrx_word' id='word_1_294' title='bbox 590 3744 685 3827; x_wconf 87' lang='lat'>(5)</span> <span class='ocrx_word' id='word_1_295' title='bbox 732 3744 1064 3811; x_wconf 73' lang='lat' dir='ltr'>Editor-em</span> <span class='ocrx_word' id='word_1_296' title='bbox 1110 3744 1320 3811; x_wconf 89' lang='lat' dir='ltr'>audiri</span> <span class='ocrx_word' id='word_1_297' title='bbox 1368 3765 1563 3831; x_wconf 82' lang='lat' dir='ltr'>supra</span> <span class='ocrx_word' id='word_1_298' title='bbox 1609 3744 1918 3811; x_wconf 82' lang='lat' dir='ltr'>vidimus.</span> 
     </span>
    </p>

    <p class='ocr_par' dir='ltr' id='par_1_5' title="bbox 246 3847 2644 4579">
     <span class='ocr_line' id='line_1_33' title="bbox 343 3847 2642 3938; baseline -0 -19"><span class='ocrx_word' id='word_1_299' title='bbox 343 3852 465 3919; x_wconf 85' lang='lat' dir='ltr'>Sed</span> <span class='ocrx_word' id='word_1_300' title='bbox 516 3852 673 3938; x_wconf 90' lang='lat' dir='ltr'>quid</span> <span class='ocrx_word' id='word_1_301' title='bbox 716 3851 1099 3917; x_wconf 88' lang='lat' dir='ltr'>censendum</span> <span class='ocrx_word' id='word_1_302' title='bbox 1148 3857 1244 3917; x_wconf 92' lang='lat' dir='ltr'>est</span> <span class='ocrx_word' id='word_1_303' title='bbox 1291 3850 1367 3916; x_wconf 88' lang='lat' dir='ltr'>de</span> <span class='ocrx_word' id='word_1_304' title='bbox 1414 3856 1672 3917; x_wconf 87' lang='lat' dir='ltr'>auctore</span> <span class='ocrx_word' id='word_1_305' title='bbox 1722 3849 1918 3917; x_wconf 89' lang='lat' dir='ltr'>schol.</span> <span class='ocrx_word' id='word_1_306' title='bbox 1965 3847 2105 3931; x_wconf 57' lang='lat' dir='ltr'>(6st</span> <span class='ocrx_word' id='word_1_307' title='bbox 2153 3851 2368 3917; x_wconf 89' lang='lat' dir='ltr'>Possis</span> <span class='ocrx_word' id='word_1_308' title='bbox 2415 3857 2642 3938; x_wconf 85' lang='lat' dir='ltr'>putare</span> 
     </span>
     <span class='ocr_line' id='line_1_34' title="bbox 250 3956 2644 4045; baseline 0 -20"><span class='ocrx_word' id='word_1_309' title='bbox 250 3960 373 4025; x_wconf 90' lang='lat' dir='ltr'>hoc</span> <span class='ocrx_word' id='word_1_310' title='bbox 410 3957 689 4024; x_wconf 88' lang='lat' dir='ltr'>alterum</span> <span class='ocrx_word' id='word_1_311' title='bbox 730 3960 1123 4041; x_wconf 84' lang='lat' dir='ltr'>temptamen</span> <span class='ocrx_word' id='word_1_312' title='bbox 1166 3978 1301 4022; x_wconf 90' lang='lat' dir='ltr'>esse</span> <span class='ocrx_word' id='word_1_313' title='bbox 1342 3956 1660 4035; x_wconf 81' lang='lat' dir='ltr'>Editoris‚</span> <span class='ocrx_word' id='word_1_314' title='bbox 1688 3960 1906 4023; x_wconf 87' lang='lat' dir='ltr'>minus</span> <span class='ocrx_word' id='word_1_315' title='bbox 1930 3959 2225 4042; x_wconf 90' lang='lat' dir='ltr'>ineptum</span> <span class='ocrx_word' id='word_1_316' title='bbox 2252 3978 2446 4043; x_wconf 88' lang='lat' dir='ltr'>quam</span> <span class='ocrx_word' id='word_1_317' title='bbox 2469 3980 2644 4045; x_wconf 83' lang='lat' dir='ltr'>prae-</span> 
     </span>
     <span class='ocr_line' id='line_1_35' title="bbox 251 4063 2640 4151; baseline 0 -20"><span class='ocrx_word' id='word_1_318' title='bbox 251 4064 477 4131; x_wconf 88' lang='lat' dir='ltr'>cedens</span> <span class='ocrx_word' id='word_1_319' title='bbox 537 4064 667 4145; x_wconf 82' lang='lat'><strong>&lt;5);</strong></span> <span class='ocrx_word' id='word_1_320' title='bbox 734 4069 801 4129; x_wconf 90' lang='lat' dir='ltr'>at</span> <span class='ocrx_word' id='word_1_321' title='bbox 858 4064 973 4128; x_wconf 89' lang='lat' dir='ltr'>hoc</span> <span class='ocrx_word' id='word_1_322' title='bbox 1030 4084 1145 4128; x_wconf 91' lang='lat' dir='ltr'>nec</span> <span class='ocrx_word' id='word_1_323' title='bbox 1206 4084 1319 4149; x_wconf 86' lang='lat' dir='ltr'>per</span> <span class='ocrx_word' id='word_1_324' title='bbox 1380 4084 1448 4128; x_wconf 91' lang='lat' dir='ltr'>se</span> <span class='ocrx_word' id='word_1_325' title='bbox 1512 4063 1867 4129; x_wconf 81' lang='lat' dir='ltr'>verisimile</span> <span class='ocrx_word' id='word_1_326' title='bbox 1929 4069 2026 4129; x_wconf 88' lang='lat' dir='ltr'>est</span> <span class='ocrx_word' id='word_1_327' title='bbox 2080 4099 2166 4111; x_wconf 90' lang='lat'>—-</span> <span class='ocrx_word' id='word_1_328' title='bbox 2212 4084 2362 4129; x_wconf 89' lang='lat' dir='ltr'>nam</span> <span class='ocrx_word' id='word_1_329' title='bbox 2417 4065 2640 4151; x_wconf 87' lang='lat' dir='ltr'>procul</span> 
     </span>
     <span class='ocr_line' id='line_1_36' title="bbox 251 4167 2640 4259; baseline 0 -22"><span class='ocrx_word' id='word_1_330' title='bbox 251 4172 446 4237; x_wconf 89' lang='lat' dir='ltr'>dnbio</span> <span class='ocrx_word' id='word_1_331' title='bbox 504 4172 658 4235; x_wconf 91' lang='lat' dir='ltr'>huic</span> <span class='ocrx_word' id='word_1_332' title='bbox 719 4169 970 4237; x_wconf 90' lang='lat' dir='ltr'>homini</span> <span class='ocrx_word' id='word_1_333' title='bbox 1031 4171 1210 4256; x_wconf 91' lang='lat' dir='ltr'>prius</span> <span class='ocrx_word' id='word_1_334' title='bbox 1272 4168 1442 4234; x_wconf 91' lang='lat' dir='ltr'>illud</span> <span class='ocrx_word' id='word_1_335' title='bbox 1504 4168 1716 4234; x_wconf 88' lang='lat' dir='ltr'>multo</span> <span class='ocrx_word' id='word_1_336' title='bbox 1779 4172 1990 4255; x_wconf 91' lang='lat' dir='ltr'>magis</span> <span class='ocrx_word' id='word_1_337' title='bbox 2037 4167 2327 4255; x_wconf 84' lang='lat' dir='ltr'>placebat</span> <span class='ocrx_word' id='word_1_338' title='bbox 2375 4174 2640 4259; x_wconf 89' lang='lat' dir='ltr'>eiusque</span> 
     </span>
     <span class='ocr_line' id='line_1_37' title="bbox 246 4275 2644 4364; baseline 0.001 -21"><span class='ocrx_word' id='word_1_339' title='bbox 246 4278 509 4364; x_wconf 87' lang='lat' dir='ltr'>ingenio</span> <span class='ocrx_word' id='word_1_340' title='bbox 570 4275 1019 4352; x_wconf 81' lang='lat' dir='ltr'>conveniebat,</span> <span class='ocrx_word' id='word_1_341' title='bbox 1070 4312 1155 4323; x_wconf 97' lang='lat'><strong>—</strong></span> <span class='ocrx_word' id='word_1_342' title='bbox 1203 4282 1269 4340; x_wconf 86' lang='lat' dir='ltr'>et</span> <span class='ocrx_word' id='word_1_343' title='bbox 1330 4280 1429 4340; x_wconf 91' lang='lat' dir='ltr'>est</span> <span class='ocrx_word' id='word_1_344' title='bbox 1495 4296 1609 4340; x_wconf 92' lang='lat' dir='ltr'>cur</span> <span class='ocrx_word' id='word_1_345' title='bbox 1672 4275 1790 4341; x_wconf 92' lang='lat' dir='ltr'>hoc</span> <span class='ocrx_word' id='word_1_346' title='bbox 1836 4278 1905 4340; x_wconf 90' lang='lat' dir='ltr'>in</span> <span class='ocrx_word' id='word_1_347' title='bbox 1951 4286 2314 4342; x_wconf 88' lang='lat' dir='ltr'>commento</span> <span class='ocrx_word' id='word_1_348' title='bbox 2360 4280 2492 4344; x_wconf 90' lang='lat' dir='ltr'>iam</span> <span class='ocrx_word' id='word_1_349' title='bbox 2537 4278 2644 4345; x_wconf 87' lang='lat' dir='ltr'>ad-</span> 
     </span>
     <span class='ocr_line' id='line_1_38' title="bbox 248 4380 2636 4466; baseline 0.001 -19"><span class='ocrx_word' id='word_1_350' title='bbox 248 4384 446 4448; x_wconf 85' lang='lat' dir='ltr'>fuisse</span> <span class='ocrx_word' id='word_1_351' title='bbox 492 4382 782 4459; x_wconf 89' lang='lat' dir='ltr'>credam‚</span> <span class='ocrx_word' id='word_1_352' title='bbox 831 4402 1059 4466; x_wconf 89' lang='lat' dir='ltr'>nempe</span> <span class='ocrx_word' id='word_1_353' title='bbox 1109 4387 1371 4466; x_wconf 89' lang='lat' dir='ltr'>propter</span> <span class='ocrx_word' id='word_1_354' title='bbox 1414 4380 1736 4446; x_wconf 89' lang='lat' dir='ltr'>scholium</span> <span class='ocrx_word' id='word_1_355' title='bbox 1785 4383 2049 4447; x_wconf 88' lang='lat' dir='ltr'>unicum</span> <span class='ocrx_word' id='word_1_356' title='bbox 2099 4383 2177 4461; x_wconf 89' lang='lat' dir='ltr'>A,</span> <span class='ocrx_word' id='word_1_357' title='bbox 2226 4384 2420 4449; x_wconf 89' lang='lat' dir='ltr'>huius</span> <span class='ocrx_word' id='word_1_358' title='bbox 2464 4388 2636 4450; x_wconf 89' lang='lat' dir='ltr'>enim</span> 
     </span>
     <span class='ocr_line' id='line_1_39' title="bbox 248 4488 2635 4579; baseline 0 -23"><span class='ocrx_word' id='word_1_359' title='bbox 248 4489 477 4559; x_wconf 87' lang='lat' dir='ltr'>scholii</span> <span class='ocrx_word' id='word_1_360' title='bbox 538 4490 741 4557; x_wconf 88' lang='lat' dir='ltr'>forma</span> <span class='ocrx_word' id='word_1_361' title='bbox 806 4494 871 4553; x_wconf 90' lang='lat' dir='ltr'>et</span> <span class='ocrx_word' id='word_1_362' title='bbox 932 4496 1391 4579; x_wconf 84' lang='lat' dir='ltr'>argument-um</span> <span class='ocrx_word' id='word_1_363' title='bbox 1457 4509 1529 4556; x_wconf 85' lang='lat' dir='ltr'>ea</span> <span class='ocrx_word' id='word_1_364' title='bbox 1592 4493 1778 4567; x_wconf 87' lang='lat' dir='ltr'>sunt,</span> <span class='ocrx_word' id='word_1_365' title='bbox 1829 4494 1904 4553; x_wconf 90' lang='lat' dir='ltr'>ut</span> <span class='ocrx_word' id='word_1_366' title='bbox 1949 4488 2198 4561; x_wconf 90' lang='lat' dir='ltr'>Donato</span> <span class='ocrx_word' id='word_1_367' title='bbox 2245 4490 2635 4563; x_wconf 84' lang='lat' dir='ltr'>reddendum</span> 
     </span>
    </p>
   </div>
  </div>
 </body>
</html>
