3246 5085
617 317 750 385 294
1657 337 1972 388 nonnus,

704 503 864 569 Ibid.
918 503 1005 569 20
1075 504 1281 585 Quem
1330 526 1452 591 ego
1497 505 1768 571 viderim
1821 505 1891 569 in
1941 506 2074 570 vita
2121 507 2446 591 optimum

705 611 761 676 A
824 609 1020 677 Modo
1086 613 1195 689 „in
1245 612 1422 677 vita”
1470 613 1547 676 in·
1584 611 1892 679 moribus.
2031 610 2208 693 B(2)
2255 612 2330 677 In
2378 615 2527 677 actu
2573 633 2646 678 ac
2691 613 3033 679 moribus·

748 717 845 799 (3)
890 717 976 783 Et
1026 720 1133 796 „in
1182 717 1361 785 vita’'
1408 718 1527 784 hoc
1573 724 1702 784 est:
1750 739 1901 783 cum
1948 721 2200 785 viveret
2245 724 2311 784 et
2356 718 2564 804 quoad
2606 721 2796 785 vixit.

703 823 902 890 Nulla
968 823 1198 890 harum
1267 827 1715 910 interpretatio
1783 823 2013 911 placet.
2078 823 2420 891 Sloman
2482 829 2652 892 recte
2714 826 2826 904 „in
2889 847 3034 912 my

612 929 793 1008 life”,
844 936 921 994 ut
964 933 1097 996 iam
1146 930 1627 997 Bentleius:
1683 955 1963 1017 unquam,
2012 932 2078 995 in
2125 931 2252 996 vita
2301 953 2450 997 mea.
2504 932 2561 996 A
2608 929 2860 997 Donato
2909 931 3030 996 de—

560 1055 569 1062 ·
614 1035 815 1101 derim
834 1083 851 1114 ,
916 1038 1028 1121 qui
1091 1057 1241 1102 cum
1303 1035 1461 1102 dicit
1522 1037 1798 1114 ,‘,modo’'
1865 1042 1972 1117 (=
2010 1037 2130 1102 hoc
2174 1036 2338 1117 loco)
2384 1038 2698 1123 respicere
2741 1036 3028 1103 videtur

606 1139 806 1208 aliam
878 1142 1411 1229 significationem
1479 1164 1674 1228 quam
1750 1143 2008 1222 „vitae”
2080 1143 2380 1209 exhibuit
2440 1143 2519 1208 ad
2581 1142 2612 1208 Ι
2663 1141 2724 1208 3.
2756 1142 2840 1207 12
2869 1142 3019 1224 (3);

613 1248 763 1315 vide
810 1269 1022 1335 supra.
1070 1247 1243 1315 Mira
1290 1249 1497 1315 forma
1538 1248 1771 1316 scholii
1817 1249 1916 1332 (3)
1964 1249 2296 1315 Editorem
2344 1247 2612 1316 redolet.

702 1354 863 1420 Ibid.
915 1354 1023 1421 21.
1093 1355 1466 1442 Sequuntur
1526 1355 1770 1422 scholia
1835 1357 2129 1422 omnium
2192 1356 2322 1421 fere
2385 1355 2786 1421 difficillima.
2837 1353 3028 1422 Geta

610 1461 867 1536 laudes.
918 1482 1075 1548 quas
1120 1462 1425 1529 Phormio
1473 1464 1541 1528 in
1588 1484 1806 1528 senem
1851 1461 2040 1529 illum
2089 1459 2392 1541 contulit,
2443 1464 2535 1528 sic
2579 1465 2861 1548 respuit:

704 1567 934 1634 Videas
979 1574 1043 1635 te
1090 1580 1281 1656 atque
1325 1567 1554 1648 illum,
1604 1576 1683 1634 ut
1727 1589 1965 1636 narras.
2014 1568 2146 1635 P·h.
2197 1567 2228 1633 Ι
2273 1571 2341 1633 in
2391 1567 2632 1634 malam
2677 1580 2938 1634 crucem

704 1674 799 1740 De
862 1675 1129 1742 obscura
1188 1674 1304 1741 illa
1350 1674 1633 1741 formula
1677 1677 1746 1741 in
1793 1676 1850 1740 A
1898 1674 2065 1740 nihil
2111 1673 2358 1762 legitur
2405 1677 2528 1739 nisi
2573 1673 2693 1739 hoc
2740 1674 2816 1739 de
2861 1695 3024 1760 pro-

612 1784 1048 1848 nuntiatione:
1120 1780 1361 1846 Melius
1422 1781 1545 1847 hoc
1604 1780 1770 1847 clare
1833 1781 2080 1846 dictum
2145 1802 2182 1846 a
2243 1802 2428 1846 servo
2489 1783 2874 1866 accipimus,
2931 1787 3022 1846 ut

615 1888 967 1955 defendisse
1004 1888 1340 1954 dominum
1381 1887 1726 1955 videretur.
1819 1885 2055 1954 Contra
2095 1885 2419 1974 permulta
2455 1889 2524 1951 in
2565 1885 2765 1952 altera
2801 1889 3013 1952 serie:

613 1997 668 2062 B
693 1997 791 2078 (l)
838 1994 1032 2062 Deest
1081 1993 1415 2073 „vidisti'’.
1556 1992 1653 2076 (2)
1701 1992 1837 2060 Scit
1877 1996 2050 2059 enim
2095 1991 2288 2059 illum
2326 2013 2477 2059 vera
2515 2014 2637 2059 non
2678 1991 2906 2059 dicere.

613 2102 710 2182 (3)
752 2101 868 2180 „In
907 2099 1148 2166 malam
1170 2101 1269 2166 c.''
1312 2099 1769 2167 adverbialiter
1807 2105 1882 2166 ut
1923 2099 2093 2177 „huc
2119 2098 2439 2166 viciniae”
2467 2098 2690 2180 (Andr.
2716 2098 2745 2164 1
2776 2101 2832 2163 l.
2861 2099 3009 2181 43).

614 2207 710 2291 (4)
757 2206 896 2274 Hoc
940 2213 1073 2272 est:
1124 2227 1342 2293 parem
1392 2211 1522 2271 tete
1567 2204 1670 2272 illi
1716 2209 2016 2272 existimo
2053 2212 2246 2293 atque
2279 2203 2472 2270 illum
2513 2207 2654 2272 tibi.
2761 2205 2858 2288 (5)
2899 2207 3010 2271 An

612 2317 863 2400 potius:
904 2334 1131 2379 servus
1172 2315 1375 2378 sciens
1416 2312 1579 2378 hauc
1619 2333 1953 2399 personam
1996 2312 2156 2400 fingi
2197 2311 2300 2378 vel
2339 2317 2508 2378 certe
2540 2315 2736 2378 etiam
2761 2315 3016 2378 mortui

613 2415 931 2507 vis<um>
995 2420 1275 2485 hominis
1336 2419 1591 2497 induci,
1662 2420 1834 2487 male
1905 2425 2200 2507 precatur
2262 2421 2577 2506 parasito,
2661 2425 2738 2484 ut
2802 2421 3006 2485 etiam

608 2531 750 2615 ipse
793 2529 886 2593 sic
934 2531 1049 2593 aut
1093 2546 1412 2613 nusquam
1459 2528 1544 2591 sit
1590 2531 1666 2593 ut
1707 2525 1929 2607 fictus,
1980 2531 2094 2595 aut
2141 2535 2359 2614 pereat
2402 2525 2480 2593 ut
2527 2524 2864 2594 mortuus?

613 2635 711 2717 (6)
774 2634 873 2699 An
922 2635 1011 2699 sic
1058 2633 1501 2719 accipiendum
1551 2638 1684 2712 est,
1736 2639 1809 2699 ut
1854 2655 2080 2704 servus
2125 2636 2473 2700 summissa
2520 2656 2674 2701 voce
2723 2636 2841 2701 hoc
2889 2656 3013 2721 per

612 2746 827 2808 iocum
868 2742 1138 2807 dixerit:
1188 2747 1443 2805 tantum
1491 2746 1565 2805 tu
1611 2743 1681 2804 in
1728 2743 1866 2806 vita
1913 2753 1975 2808 te
2026 2739 2244 2807 videas
2288 2743 2635 2827 optimum,
2683 2748 3010 2827 quantum

612 2850 739 2915 fuit
802 2846 916 2914 ille
976 2868 1168 2934 quem
1228 2844 1488 2913 narras?
1627 2843 1724 2929 (7)
1768 2848 1867 2912 An
1917 2850 2007 2913 sic
2052 2846 2566 2934 intellegendum
2587 2894 2604 2925 ,
2655 2856 2731 2912 ut
2777 2868 3010 2914 servus

611 2956 731 3021 hoc
793 2954 997 3020 dicat:
1062 2956 1119 3019 si
1164 2956 1485 3039 optimum
1536 2959 1632 3018 est
1679 2955 1934 3019 victum
1981 2973 2171 3039 opera
2218 2974 2521 3040 quaerere
2568 2958 2634 3019 et
2679 2956 2746 3018 in
2791 2952 3007 3021 alieno

610 3082 767 3148 agro
816 3081 985 3139 esse,
1037 3059 1258 3125 videas
1295 3066 1359 3125 te
1397 3064 1587 3145 atque
1628 3058 1817 3125 illum
1858 3058 2084 3126 vidisti
2121 3060 2226 3139 (cf.
2253 3060 2411 3142 (1)),
2453 3059 3006 3146 quemadmodum

611 3188 864 3247 narras,
915 3169 1167 3243 vivere,
1225 3171 1291 3231 et
1338 3164 1632 3232 alluserit
1677 3166 1757 3231 ad
1801 3164 1964 3231 illud
2013 3165 2182 3252 quod
2227 3168 2322 3233 ait
2374 3187 2608 3252 „quem
2653 3187 2774 3254 ego
2823 3167 3008 3234 vide-

610 3276 738 3340 rim
775 3276 840 3338 in
897 3276 1029 3340 vita
1072 3270 1487 3358 optimum'’?

702 3379 881 3445 Adde
928 3378 1044 3444 Eu
1059 3380 1549 3465 graphium:
1578 3378 1839 3446 Servus
1886 3384 2104 3445 narrat
2148 3399 2261 3467 pro
2302 3379 2562 3446 domino
2601 3400 2736 3446 sese
2777 3400 3008 3467 agere:

610 3507 917 3574 cognosce
955 3491 1020 3551 te
1056 3492 1247 3569 atque
1284 3483 1479 3550 illum
1516 3506 1666 3551 cum
1708 3505 1833 3571 quo
1864 3483 2146 3575 loqueris
2171 3484 2472 3573 (legitnm
2515 3489 2650 3552 cui
2689 3484 3000 3569 narrasf).

610 3592 1056 3661 Bentleius
1109 3589 1326 3657 locum
1372 3598 1752 3680 corruptum
1799 3612 1936 3657 esse
1983 3591 2276 3657 credens:
2329 3591 2697 3671 „Donatus,
2745 3594 3000 3679 inquit,

610 3705 687 3766 ut
744 3698 910 3765 solet
966 3696 1339 3783 implicatus
1398 3696 1594 3763 falsae
1642 3697 1942 3776 lectioni,
1992 3719 2119 3783 quo
2167 3720 2234 3764 se
2283 3704 2494 3764 vertat
2537 3700 2772 3764 nescit:
2820 3706 3008 3785 quat-

608 3814 757 3873 tuor
815 3805 1101 3871 diversas
1158 3792 1720 3890 interpretationes
1783 3803 2025 3883 adfert,
2092 3826 2312 3870 omnes
2373 3803 2818 3872 exsibilandas.
2865 3805 3007 3871 Nec

606 3915 985 3980 recentiores
1056 3932 1123 3977 se
1182 3910 1551 3997 expediunt.
1631 3910 2120 3977 Palmerius
2181 3910 2692 3977 emendationem
2757 3918 3004 3991 tentat,

607 4019 716 4086 sed
754 4018 1121 4085 infeliciter:
1166 4017 1435 4096 „Videas
1475 4017 1610 4095 ted,
1653 4016 1843 4083 illum
1883 4022 1959 4083 ut
1997 4017 2340 4083 narras”''.
2392 4016 2660 4083 Bentl.
2701 4019 2838 4104 ipse
2863 4039 3003 4085 cor-

605 4127 801 4213 rig-it:
850 4123 1124 4203 „Vidisti
1161 4122 1449 4201 nullum,
1494 4128 1571 4189 ut
1609 4124 1905 4203 narrae'';
1951 4125 2314 4189 coniectura
2347 4145 2472 4190 non
2497 4123 2708 4190 multo
2731 4122 3004 4193 felicior.

608 4229 1202 4295 Rhunkenius:
1276 4228 1528 4307 „Imeus
1577 4228 1945 4295 foedissime
1992 4236 2360 4315 corruptus;
2411 4231 2560 4296 vide
2607 4232 3008 4298 coniecturas

607 4336 779 4423 apud
821 4334 1252 4401 Bentleium'’.
1302 4334 1713 4402 Dziatzko
1760 4338 2007 4402 omittit
2057 4338 2239 4416 „ut'',
2282 4337 2449 4402 unde
2487 4340 2686 4403 restat
2727 4336 3008 4415 „Videas

609 4452 707 4524 te,
772 4448 963 4530 atque
1022 4440 1213 4510 illum
1262 4442 1543 4522 narras’'‚
1592 4441 1730 4508 scil.
1779 4444 2152 4531 „optimum
2201 4444 2401 4523 esse'',
2449 4448 2525 4509 ut
2573 4442 2784 4513 Geta
2831 4448 3002 4515 serio
