3246 5085
1276 355 1590 405 Donamus.
2500 338 2647 405 205·

334 524 498 589 Ibid.
550 520 636 588 74
699 519 796 590 Of.
845 543 1040 608 supra
1087 521 1166 588 ad
1213 521 1244 586 Ι
1293 521 1354 586 1.
1384 521 1534 588 112.

263 655 270 662 ·
335 629 500 695 Ibid.
550 627 636 695 ’76
700 627 993 706 Videbit,
1041 627 1464 713 colloquetur,
1514 626 1720 692 aderit
1765 648 1894 693 una
1938 629 2007 693 in
2054 630 2201 694 unis
2247 627 2545 707 aedibus,

703 732 938 802 Cibum
978 755 1466 820 nonnumquam
1492 736 1701 820 capiet
1726 755 1875 802 cum
1899 755 2003 813 ea,
2029 735 2355 801 interdum
2383 741 2641 821 propter

2298 841 2605 908 dormiet-

282 1044 292 1056 .
335 948 436 1031 (1)
485 949 816 1014 Amatorie
861 950 1058 1014 nimis
1104 951 1386 1034 quinque
1430 948 1635 1014 lineas
1671 950 1907 1014 amoris
1944 844 2293 1014 exsecutus[
2323 956 2441 1028 est,
2482 947 2639 1016 adeo

243 1055 612 1142 diligenter,
659 1062 738 1120 ut
783 1057 982 1120 etiam
1029 1055 1321 1120 ordinem
1368 1055 1736 1120 custodiret.
1920 1053 2183 1120 Falsum
2203 1104 2220 1133 ,
2260 1076 2412 1121 nam
2454 1058 2643 1122 omit-

243 1168 477 1227 tuntur
520 1164 711 1227 tertia
758 1167 970 1226 tactus
1017 1168 1082 1227 et
1128 1167 1356 1246 quarta
1401 1161 1606 1227 osculi
1644 1160 1833 1243 (Don.
1876 1162 1954 1226 ad
1996 1161 2080 1225 IV
2121 1160 2183 1228 2.
2218 1161 2299 1226 12
2332 1160 2415 1244 ¹);
2459 1169 2647 1248 putes

242 1290 360 1354 pro
409 1267 776 1354 „quinque”
827 1267 1278 1354 corrigendum
1327 1288 1464 1334 esse
1517 1267 1756 1346 ,‚tres'’,
1806 1274 1961 1333 tunc
2000 1267 2198 1333 schol.
2238 1287 2468 1333 verum
2510 1272 2644 1345 est,

245 1381 695 1440 verumtamen
748 1394 785 1439 a
832 1372 1080 1440 Donato
1119 1373 1441 1459 alienum,
1482 1376 1595 1461 qui
1639 1377 1707 1438 in
1756 1374 1851 1454 (3)
1899 1395 2037 1440 rem
2084 1373 2273 1440 aliter
2312 1377 2645 1460 expressit.

247 1481 336 1546 Et
401 1481 551 1547 vide
615 1501 767 1546 mox
828 1480 907 1549 ad
972 1479 1054 1546 81
1085 1479 1200 1562 (1).
1342 1481 1439 1562 (2)
1483 1483 1658 1547 Mire
1705 1487 1967 1547 amator·
2002 1502 2129 1547 non
2178 1478 2377 1547 semel
2426 1481 2649 1546 effudit

249 1587 373 1652 hoc
422 1588 700 1663 bonum,
747 1587 856 1652 sed
897 1587 1332 1673 particulatim
1377 1587 1685 1674 digessit,
1726 1593 1803 1652 ut
1840 1590 2049 1654 maior
2086 1586 2387 1674 voluptas
2428 1589 2650 1654 futura

248 1713 387 1758 esse
447 1699 767 1758 noscatur.
951 1693 1240 1760 Imitatio
1301 1693 1504 1760 libera
1550 1716 1810 1773 eorum,
1860 1715 2021 1781 quae
2072 1694 2233 1762 Don.
2284 1694 2361 1759 de
2407 1694 2535 1760 alia
2580 1715 2649 1760 re

251 1800 332 1866 ad
395 1823 493 1868 vs.
545 1799 630 1866 79
656 1801 754 1882 (2)
818 1802 1184 1868 observasse
1235 1801 1629 1882 videbimus,
1678 1810 1743 1867 et
1788 1802 1868 1868 cf.
1919 1803 2112 1867 etiam
2164 1801 2239 1868 ad
2296 1801 2381 1867 60
2428 1806 2491 1868 et
2540 1801 2647 1866 61.

251 1907 432 1974 Haec
469 1910 678 1994 igitur
714 1907 942 1973 Sabb.
986 1911 1127 1974 iure
1169 1911 1572 1994 proscripsit,
1613 1911 1853 1974 iniuria
1894 1930 2044 1974 vero
2076 1907 2195 1990 (3),
2245 1908 2413 1995 quod
2438 1911 2653 1975 rectis·

251 2018 498 2080 simum
558 2021 688 2080 est:
737 2017 901 2080 istae
944 2017 1119 2082 enim
1167 2021 1320 2081 sunt
1366 2019 1606 2082 amoris
1652 2014 1894 2093 lineae,
1942 2019 2063 2080 etsi
2110 2036 2215 2081 eas
2263 2037 2387 2082 non
2433 2036 2651 2082 omnes

253 2129 352 2187 est
399 2127 790 2207 persecutus,
908 2121 1068 2185 Vide
1114 2142 1274 2207 quae
1321 2121 1622 2188 adnotavi
1670 2121 1749 2186 ad
1794 2120 1880 2186 IV
1931 2120 2109 2188 2.12
2157 2143 2219 2207 p.
2272 2121 2375 2188 14.

347 2225 510 2292 Ibid.
555 2225 640 2292 79
665 2249 799 2313 sqq.
851 2225 1080 2313 Capias
1119 2233 1192 2292 tu
1231 2227 1414 2293 illius
1457 2233 1720 2293 vestem.
1782 2277 1796 2292 .
1840 2228 1964 2293 Pro
2003 2226 2119 2293 illo
2145 2232 2208 2292 te
2234 2227 2648 2296 deducam...

253 2330 348 2398 '1¹0
393 2353 528 2397 esse
573 2332 765 2398 illum
813 2332 1081 2398 dicam..
1118 2381 1134 2398 .
1182 2332 1280 2399 'I'u
1327 2333 1462 2398 illis
1507 2334 1719 2406 fruare
1768 2333 2161 2411 commodis,
2212 2355 2265 2399 e.
2299 2355 2357 2418 q.
2384 2355 2435 2400 s.

350 2438 548 2504 Don.:
610 2439 707 2521 (2)
757 2439 898 2505 Non
949 2439 1149 2508 semel
1197 2440 1555 2505 ostenditur
1601 2439 1755 2524 quid
1802 2441 2098 2505 futurum
2148 2443 2267 2516 sit,
2318 2442 2469 2526 quia
2516 2460 2653 2525 par-

253 2545 581 2612 ticulatim
621 2552 843 2633 ‘potest
889 2550 1084 2633 etiam
1133 2548 1299 2633 quod
1353 2552 1540 2633 turpe
1587 2555 1685 2613 est
1733 2554 1949 2613 tamen
1992 2549 2241 2612 inmitti
2280 2547 2358 2612 ad
2400 2567 2651 2633 persua-

251 2656 537 2732 sionem,
579 2651 779 2719 semel
821 2655 1146 2741 ingestum
1185 2656 1530 2740 respuitur.
1672 2653 2049 2720 Observatio
2091 2661 2225 2718 tam
2256 2655 2429 2719 iusta
2454 2674 2649 2740 quam

251 2759 584 2847 eleganter
630 2766 905 2825 exarata.
965 2760 1148 2825 Hanc
1195 2768 1412 2826 autem
1453 2760 1548 2825 IP
1589 2764 1680 2825 sic
1716 2758 2101 2825 illustravit:
2156 2760 2255 2841 (3)
2303 2760 2476 2845 Ergo
2524 2781 2651 2824 non

253 2866 424 2932 dixit
487 2868 656 2945 „ibis
716 2888 832 2952 pro
893 2866 1251 2944 eunucho”,
1300 2866 1410 2932 sed
1457 2870 1669 2952 primo
1720 2889 1894 2952 „cap.
1944 2870 1987 2931 i.
2031 2866 2179 2945 v.”;
2232 2873 2375 2931 tum
2423 2866 2648 2932 deinde

253 2974 432 3053 (vide
492 2994 686 3058 supra
749 2972 833 3040 67
861 2974 980 3055 (2))
1043 2974 1164 3038 hoc
1223 2976 1438 3059 ipsum
1504 2994 1633 3039 non
1694 2979 2067 3060 aspernante
2128 2972 2387 3037 domino
2435 2974 2649 3058 pergit

253 3101 481 3145 servus
529 3078 608 3143 ad
657 3085 898 3155 cetera,
948 3100 1108 3164 quae
1157 3077 1492 3145 audaciora
1537 3085 1711 3144 sunt.
2385 3078 2448 3143 S.
2498 3099 2551 3143 c.

347 3186 512 3251 Ibid.
555 3185 637 3250 81
691 3184 822 3253 Ch.
865 3184 1138 3250 Audio..
1169 3232 1184 3248 .
1224 3184 1550 3271 Intelligo.
1668 3185 1799 3250 IP:
1844 3185 2139 3263 „Audio”
2166 3190 2231 3251 et
2258 3182 2645 3271 „intelligo”

253 3295 394 3359 vim
443 3291 632 3357 modo
679 3313 804 3356 non
844 3294 1152 3356 usitatam
1194 3294 1596 3375 exprimunt,
1643 3289 1889 3356 scilicet
1927 3294 2381 3357 consentientis
2418 3294 2649 3355 immo-

254 3400 475 3465 dicum
540 3397 858 3491 affectum.
1001 3396 1162 3462 Don.
1213 3396 1301 3462 80
1325 3398 1420 3477 (2)
1469 3396 1853 3483 simpliciter
1915 3397 2278 3463 adnotavit:
2350 3397 2644 3475 „Audio”

253 3506 378 3571 hoc
427 3510 524 3569 est
573 3503 846 3569 admitto
894 3510 958 3569 et
1003 3506 1362 3582 consentio,
1411 3510 1488 3570 ut
1535 3508 1602 3569 in
1650 3504 1913 3569 Phorm.
1964 3504 2053 3585 (ΙΙ
2104 3507 2161 3571 l..
2191 3504 2259 3581 6)
2310 3503 2543 3583 „audio
2582 3510 2647 3569 et

253 3616 323 3677 et
368 3610 638 3688 fateor’',
687 3617 753 3677 et
800 3617 1018 3676 contra
1066 3609 1186 3691 (III
1233 3610 1392 3691 2.1)
1442 3633 1608 3689 „non
1658 3610 1914 3676 audio’'.
2382 3610 2449 3676 S.
2498 3632 2551 3679 c.

347 3715 507 3781 Ibid.
573 3715 660 3781 82
724 3715 820 3796 (1)
886 3714 1164 3795 „Cibum
1227 3737 1355 3781 una
1407 3716 1662 3803 capias’'
1712 3718 1868 3783 bene
1915 3738 2139 3783 servus
2186 3716 2648 3782 intertui-bavit

251 3844 451 3910 supra
498 3823 696 3887 dictas
746 3823 1002 3889 amandi
1047 3822 1247 3888 lineas
1295 3829 1360 3889 et
1405 3824 1695 3888 ordinem
1746 3822 2198 3908 voluptatum,
2248 3826 2484 3908 quippe
2532 3825 2645 3908 qui

251 3950 470 3997 amare
515 3951 639 3995 non
687 3932 958 3995 noverit.
1100 3929 1242 3995 Hoc
1281 3933 1472 3995 nimis
1513 3928 1896 4007 ridiculum,
1938 3927 2229 3995 servulos
2268 3950 2481 3994 amare
2520 3950 2643 3993 non

249 4034 482 4103 nosse!
534 4033 622 4101 At
671 4034 846 4101 dedit
893 4037 1010 4102 hoc
1054 4035 1155 4104 IP
1205 4040 1386 4122 quasi
1431 4035 1953 4122 supplementum
2006 4035 2231 4102 scholii
2272 4038 2375 4101 sui
2416 4034 2499 4103 76
2526 4036 2643 4116 (1),

249 4152 328 4209 ut
367 4142 718 4208 declararet
757 4162 870 4207 cur
913 4145 1105 4207 tertia
1145 4150 1210 4207 et
1249 4149 1474 4235 quarta
1509 4140 1680 4207 linea
1718 4144 1955 4207 amoris
1996 4142 2305 4210 abessent.
2429 4141 2495 4207 S.
2544 4162 2597 4207 c.

349 4249 510 4315 Ibid.
561 4247 648 4314 83
712 4247 985 4315 Illarum
1037 4298 1051 4315 .
1082 4300 1097 4315 .
1128 4298 1143 4315 .
1193 4252 1533 4335 quisquam

323 4497 378 4557 1)
420 4494 616 4544 ‚Prima
650 4494 794 4560 vinus,
825 4494 1028 4542 secunda
1064 4492 1260 4557 alloqui,
1295 4492 1441 4541 tertia
1473 4494 1644 4550 taetus,
1681 4494 1855 4556 quarta
1889 4492 2055 4551 osculi,
2090 4491 2261 4555 quinta
2291 4488 2497 4542 coitus'’.
