3246 5085
601 313 736 380 228
1642 334 1955 384 nonnus.

597 498 906 563 medium.
1046 496 1146 563 IP
1207 498 1303 578 (5)
1370 499 1464 563 An
1513 498 1656 564 ideo
1709 521 1897 576 „cum
1948 501 2182 577 vecti”,
2230 502 2382 584 quia
2427 500 2508 565 ad
2554 501 3013 586 expuguatio-

596 625 746 682 nem
793 605 1054 670 venitur
1099 600 1399 669 aedium?

686 710 849 775 Ibid.
901 712 940 776 6
1013 708 1182 778 Cedo
1245 710 1440 776 alios:
1503 711 1628 777 Ubi
1693 715 1983 779 centurio
2043 719 2140 780 est
2200 712 2413 800 Sanga
2479 717 2546 778 et
2604 710 3005 799 manipulus

596 813 861 883 furum?

684 925 780 1006 (1)
848 923 991 990 Non
1058 922 1422 1010 „reliquos”
1491 925 1644 1003 „sed
1712 924 1977 1004 „alios'’,
2042 928 2224 1012 quasi
2286 925 2485 992 multi
2546 928 2696 991 sint.
2860 924 2999 990 Vix

593 1034 880 1110 iustum,
950 1052 1099 1096 cum
1146 1029 1300 1096 alii
1348 1032 1519 1117 apud
1588 1035 1864 1099 comicos
1935 1053 2121 1119 saepe
2189 1033 2363 1099 idem
2434 1034 2521 1098 sit
2574 1053 2647 1098 ac
2706 1031 2947 1120 reliqui
2970 1053 2991 1110 ;

593 1138 726 1203 vid.
775 1137 1052 1203 Fabia.

645 1233 777 1324 '(3)
837 1243 1101 1329 Proprie
1166 1242 1628 1331 „manipulus”
1694 1242 1937 1310 milites
1996 1250 2256 1310 centum
2316 1245 2589 1311 Romani
2650 1250 2717 1310 et
2762 1243 2991 1310 Latini

590 1351 708 1416 sub
780 1372 909 1416 uno
979 1353 1385 1429 centurione,
1457 1371 1534 1416 ex
1605 1349 1937 1437 manipulo
2002 1353 2270 1430 herbae,
2338 1373 2529 1438 quem
2606 1371 2719 1437 pro
2794 1353 2993 1438 signo

587 1457 1034 1543 sequebantur.
1100 1455 1338 1522 Merito
1399 1458 1607 1543 igitur
1670 1459 2108 1523 centurionem
2156 1457 2380 1523 videns
2427 1455 2834 1542 manipulum
2883 1457 2998 1523 de-

587 1563 913 1629 sideravit.
991 1600 1076 1612 —
1147 1562 1286 1628 Hoc
1357 1569 1456 1628 est
1525 1584 1749 1628 cocum
1818 1569 1931 1644 (sc.
2002 1563 2315 1650 Sangam)
2383 1564 2608 1629 videns
2677 1566 2993 1629 convivas

587 1668 1006 1747 desideravit,
1071 1671 1183 1754 qui
1231 1675 1695 1755 apparuerant,
1745 1673 2037 1755 quotiens
2084 1691 2275 1736 cocus
2323 1669 2538 1746 affuit,
2586 1669 2653 1734 id
2698 1675 2795 1734 est
2840 1690 2995 1735 con—

586 1780 843 1844 vivium
888 1779 1279 1842 instructum
1327 1783 1459 1856 est;
1503 1776 1616 1843 alii
1660 1777 2112 1864 „manipulum
2155 1777 2416 1843 furum''
2460 1779 2596 1843 coci
2635 1775 2991 1863 discipulos

588 1889 821 1970 putant
867 1882 1012 1949 dici.

679 1991 963 2058 Iudicavi
1047 1990 1560 2057 additamentum
1646 1991 1961 2072 Editoris,
2044 1994 2156 2078 qui
2227 1993 2383 2057 satis
2451 1989 2721 2057 absurde
2789 1995 2989 2078 putat

587 2096 973 2163 Thrasonem
1048 2118 1359 2164 arcessere
1430 2100 1771 2176 convivas,
1842 2101 1954 2184 qui
2030 2097 2195 2163 nulli
2272 2103 2445 2164 sunt.
2530 2098 2986 2183 Interpretatio

592 2203 975 2284 „aliorum'’,
1025 2205 1196 2269 fures
1241 2226 1377 2271 esse
1414 2207 1549 2270 coci
1587 2205 1949 2283 adiutores,
1987 2208 2175 2271 unice
2215 2225 2365 2270 vera
2402 2209 2534 2283 est,
2577 2225 2771 2291 quam
2811 2203 2982 2270 Don.

585 2314 726 2398 ipss
786 2311 1055 2376 fortasse
1117 2310 1474 2378 rettulerat.
1538 2310 1635 2378 Of.
1700 2310 1987 2392 Fabia,
2052 2313 2161 2397 qui
2208 2314 2367 2376 citat
2412 2309 2627 2377 locum
2674 2309 2987 2376 Pseudoli

585 2420 1021 2484 notissimum.

673 2523 839 2591 Ibid.
891 2523 932 2590 9
1003 2523 1128 2605 Qui
1171 2525 1604 2613 abstergerem
1655 2521 1965 2591 vulnera?

677 2631 774 2713 (4)
834 2629 1120 2711 Quorum
1167 2630 1476 2697 vulnera?
1539 2631 1778 2697 Utrum
1828 2631 2165 2717 utriusque
2210 2634 2413 2718 partis
2460 2652 2574 2709 an,
2624 2630 2792 2718 quod
2841 2651 2985 2696 ma-

583 2741 688 2825 gis
735 2736 1085 2803 ridiculum
1132 2744 1264 2817 est,
1313 2736 1623 2827 suorum?
1808 2737 2247 2825 Languidum.

675 2842 836 2909 Ibid.
890 2843 974 2909 10
1037 2842 1226 2909 Solus
1271 2843 1511 2911 Sannio
1559 2851 1773 2910 servat
1822 2844 2000 2910 domi

675 2950 836 3017 Don.
877 2949 973 3030 (3)
1011 2972 1126 3037 pro
1167 2957 1548 3017 remanet
1587 2957 1666 3016 et
1706 2950 2140 3028 observat,
2181 2964 2331 3015 nam
2377 2955 2630 3028 „servat
2654 2948 2973 3015 domum'’

581 3063 830 3122 rectum
878 3062 1046 3135 erat,
1093 3078 1219 3121 non
1269 3062 1525 3135 „servat
1573 3055 1816 3135 domi’',
1868 3059 1920 3122 si
1968 3054 2350 3121 custodit
2394 3055 2901 3142 intellegeretur.

583 3162 682 3227 IP
729 3161 827 3242 (4)
875 3161 994 3229 Vel
1044 3164 1341 3241 „servat”
1393 3184 1508 3249 pro
1555 3162 1792 3228 sedet
1841 3168 1921 3227 et
1967 3167 2287 3239 servat,
2328 3162 2407 3227 ab
2448 3182 2521 3227 eo
2565 3159 2731 3247 quod
2770 3162 2989 3245 sequi-

581 3274 690 3333 tur
733 3268 800 3333 id
850 3268 1018 3353 quod
1065 3268 1424 3354 praecedit:
1472 3290 1620 3334 nam
1673 3290 1796 3334 non
1842 3274 2059 3334 servat
2107 3270 2231 3333 nisi
2272 3270 2381 3353 qui
2424 3270 2602 3353 prius
2640 3270 2707 3332 in
2748 3264 2985 3332 eodem

578 3374 714 3440 loco
753 3372 1019 3439 sederit!
1139 3372 1232 3440 Of.
1281 3397 1343 3461 p.
1386 3373 1518 3442 227
1568 3375 1712 3441 adn.
1760 3373 1853 3440 De
1895 3374 2013 3440 hoc
2052 3395 2175 3439 usu
2216 3374 2396 3439 verbi
2444 3394 2786 3440 servare
2826 3372 2982 3439 vide

580 3480 877 3566 exempla
920 3478 1226 3546 Plautina
1272 3481 1442 3567 apud
1489 3481 1855 3547 Fabiam.

667 3586 828 3653 Ibid.
885 3586 967 3651 12
1036 3585 1181 3673 Ipse
1228 3589 1352 3653 sibi
1397 3590 1573 3654 eavit
1616 3586 1757 3653 loco

669 3692 862 3759 Recte
923 3692 1216 3758 Fabia:
1289 3693 1346 3759 Il
1394 3715 1431 3760 a
1478 3715 1734 3780 pourvu
1781 3694 1821 3759 a
1869 3714 1937 3759 sa
1982 3714 2211 3779 propre
2258 3692 2471 3759 sfirete
2521 3712 2637 3787 par
2681 3690 2747 3758 la
2791 3690 2977 3777 place

576 3800 734 3887 qu’il
779 3821 817 3865 a
864 3803 1055 3887 prise.
1151 3800 1292 3866 Hoc
1338 3800 1546 3867 voluit
1594 3801 1781 3880 Don.,
1830 3822 1976 3865 cum
2027 3800 2365 3865 scriberet:
2416 3800 2513 3882 (l)
2558 3797 2775 3876 „loco”
2818 3800 2983 3864 sim-

574 3905 851 3993 pliciter,
916 3909 1068 3992 quia
1130 3914 1277 3992 post
1325 3909 1641 3993 principia
1692 3912 1813 3987 (vs.
1865 3905 1995 3987 11).
2136 3905 2238 3971 IP
2287 3904 2467 3971 docte
2514 3908 2728 3991 magis
2774 3924 2981 3991 quam

574 4014 895 4098 apposite:
962 4012 1062 4093 (3)
1126 4014 1224 4078 An
1279 4012 1501 4090 „loco”
1553 4015 1637 4077 in
1684 4010 1906 4090 loco,
1957 4018 2472 4098 opportune,
2521 4014 2848 4091 εὐκαίρως,
2896 4014 2983 4074 ut

578 4121 959 4205 „pecuniam
1007 4122 1074 4184 in
1123 4118 1264 4185 loco
1311 4120 1687 4206 negligere'’
1739 4118 1887 4200 (Ad.
1937 4118 2000 4184 ΙΙ
2050 4118 2112 4183 2.
2139 4116 2247 4199 8)?
2386 4117 2642 4184 'I'ertius
2687 4119 2754 4181 in
2804 4135 2982 4181 mar-

573 4229 726 4313 gine
773 4225 1064 4291 dederat:
1113 4226 1210 4307 (3)
1258 4228 1358 4291 An
1408 4248 1521 4312 pro
1569 4226 1664 4291 de
1711 4223 1942 4292 loco?

663 4330 823 4397 Ibid.
881 4330 962 4397 13
1030 4331 1210 4399 Idem
1258 4333 1376 4399 hoc
1420 4336 1552 4399 iam
1601 4332 1895 4420 Pyrrhus
1943 4332 2267 4398 factitavit

665 4439 760 4521 (l)
819 4438 1050 4504 Irridet
1110 4439 1370 4524 quidem
1417 4447 1605 4525 poeta
1626 4424 1643 4515 ⁴,
1695 4446 2147 4505 verumtamen
2196 4437 2477 4505 ostendit
2522 4436 2803 4527 officium
2852 4438 2981 4501 im-
