3246 5085
611 305 747 372 260
1653 322 1949 373 rueme.

705 487 812 566 62,
843 485 882 552 7
921 512 1000 539 =
1036 489 1271 553 Aneod.
1315 487 1516 554 Bekk.
1563 485 1717 567 367,
1745 488 1854 554 25.
1898 526 1985 539 --
2025 487 2525 565 ἄπλαστοι-ἐραν
2567 487 2990 558 Νικόλαος

705 592 1123 659 Scribendum
1171 614 1305 659 esee
1356 595 1845 674 Νικόμαχος
1894 597 2164 661 coniecit
2204 592 2481 660 Dindorf
2510 593 2728 660 Fleek.
2772 593 3013 660 Annal.

611 697 697 767 10
741 721 803 785 p.
859 698 991 765 108
1038 699 1326 780 (Naber).

706 912 813 992 64,
839 914 902 978 4.
969 951 1054 962 —
1117 913 1212 979 De
1271 912 1467 1000 longa
1531 913 1751 980 Photii
1812 916 1951 981 eive
2017 912 2371 1002 Phryniohi
2434 918 2877 995 annotatione,
2942 918 3014 980 in

611 1041 738 1107 qua
785 1020 978 1086 verba
1025 1023 1214 1097 ὀργᾶν
1253 1021 1476 1101 qeetire
1514 1027 1571 1084 et
1609 1021 1893 1103 ὅργάζειν
1931 1021 2167 1086 mollire
2208 1021 2479 1088 absurde
2518 1024 3011 1108 permiscentur,

612 1150 736 1194 non
798 1127 1168 1213 disputabO,
1231 1149 1310 1194 ne
1373 1133 1513 1193 acta
1577 1149 1805 1215 agam3
1874 1132 2127 1216 copiose
2188 1132 2363 1194 enim
2431 1128 2636 1196 Cobet
2680 1131 3011 1196 Mnemoe.

617 1233 791 1300 1860
855 1257 916 1320 p.
971 1233 1055 1299 35
1097 1255 1231 1320 sqq.
1292 1241 1646 1319 utrumque
1708 1236 1980 1301 verbum
2044 1235 2406 1302 illustravit
2465 1242 2531 1301 et
2590 1235 3007 1303 librariorum

609 1343 1166 1427 interpretumque
1230 1342 1578 1428 castigavit
1623 1362 1887 1407 errores.
1938 1341 2183 1421 Quibus
2230 1343 2428 1408 etiam
2474 1342 2801 1426 Didymae:
2842 1341 3006 1408 olim

608 1448 808 1513 fuisse
853 1446 1265 1534 implicatum
1308 1447 1487 1513 docet
1529 1448 1726 1513 huius
1765 1448 1842 1513 ad
1885 1446 2389 1514 Demosthenem
2428 1455 2863 1515 commentum
2902 1449 3011 1514 hie

609 1556 792 1619 annis
855 1560 1204 1640 repertum.
1273 1553 1375 1619 Ad
1439 1554 1548 1618 Ar.
1601 1554 1722 1619 Av.
1776 1551 1909 1618 462
1971 1560 2034 1620 et
2098 1552 2231 1619 839
2281 1574 2481 1641 pauca
2531 1590 2615 1603 —·
2663 1576 2778 1641 pro
2824 1554 3013 1620 illius

609 1659 910 1726 editionis
955 1659 1219 1727 consilio
1269 1697 1352 1709 —
1400 1659 1477 1725 de
1523 1664 1799 1745 utroque
1846 1660 2041 1726 verbo
2088 1661 2427 1727 observavi
2470 1661 2792 1747 equidem.

707 1873 814 1954 65,
841 1875 880 1940 3
931 1911 1007 1938 =
1057 1874 1290 1941 Anecd.
1339 1873 1542 1940 Bekk.
1592 1871 1747 1952 3¹73,
1781 1874 1883 1939 14.
1934 1911 2019 1922 —·
2066 1876 2109 1939 a}
2129 1897 2209 1940 κο
2230 1901 2263 1939 υ
2281 1875 2423 1938 σέτ
2442 1900 2475 1947 n
2498 1900 2527 1937 ν
2576 1881 2927 1954 Σοφοκλῆς.

705 1981 910 2048 Soribi
951 1982 993 2046 ἆ
1011 2006 1046 2045 κ
1063 2005 1090 2045 ο
1112 1981 1146 2044 ύ
1164 2005 1201 2044 o·
1217 2005 1246 2044 ε
1264 1982 1344 2045 σθ
1363 2005 1390 2044 ε
1431 1981 1613 2047 iubet
1654 1979 2112 2046 Reitzenstein.
2156 1979 2518 2049 Dobraeum
2559 1982 2602 2045 ἆ
2619 2004 2655 2046 κ
2670 2003 2699 2046 ο
2718 2004 2804 2046 vc
2819 1982 2959 2046 εἰει
2974 2005 3007 2044 u

614 2090 953 2155 coniecisse
995 2091 1256 2152 annotat
1304 2087 1363 2153 N
1366 2088 1536 2153 aber.

681 2297 816 2386 66,
843 2271 1004 2372 2‘=
1041 2306 1244 2372 Bekk.
1289 2305 1522 2373 Aneod.
1560 2306 1714 2386 373,
1748 2306 1850 2372 13.
1894 2344 1979 2355 -
2023 2306 2305 2372 ἆκουσίσι.
2349 2308 2418 2371 τὸ
2460 2313 2759 2388 πρᾶγμα.
2806 2317 3009 2389 Σοφο-

614 2421 791 2487 κλῆς.
855 2413 1031 2479 Haeo
1094 2419 1166 2479 ut
1227 2417 1472 2501 possint
1531 2412 1868 2500 intellegi,
1932 2412 2363 2499 supplendum
2410 2421 2543 2479 eet:
2594 2417 2663 2480 τὸ
2714 2417 3010 2496 <dnod-

612 2527 890 2703 ἕὲκνῐ)
913 2525 1206 2601 πρᾶγμα.
1287 2518 1548 2587 Ellendt
1633 2523 1701 2586 in
1770 2520 1976 2589 lexico
2047 2519 2400 2608 Sophocleo
2472 2523 2859 2608 proponebat
2930 2523 3005 2588 τὸ

705 2830 813 2913 67,
845 2832 878 2897 l
923 2866 1002 2894 ==
1039 2831 1274 2897 Aneed.
1317 2830 1519 2897 Bekk.
1564 2831 1719 2911 369,
1746 2832 1855 2898 22.
1901 2870 1982 2883 —-
2025 2834 2297 2911 ἀκρατὴς
2339 2832 2585 2910 γάμων.
2624 2832 2731 2899 Sic
2762 2832 3005 2900 mulier

608 2939 948 3006 libidinosa
1013 2939 1248 3005 dieitur
1319 2940 1675 3005 verecunde
1744 2943 1961 3005 voeari
2023 2961 2203 3026 posse
2226 2990 2243 3017 ,
2312 2939 2483 3025 apud
2547 2940 3005 3027 Phrynichum

611 3052 831 3113 autem
895 3045 1131 3113 Aneod.
1196 3045 1396 3111 Bekk.
1448 3044 1558 3124 28,
1586 3046 1674 3111 24
1736 3044 1980 3112 lemma
2027 3053 2125 3111 est
2171 3047 2445 3125 ἀκρατὴς
2492 3048 2753 3124 γάμος.
2806 3047 2890 3113 Et
2932 3047 3007 3113 id

609 3152 873 3239 quidem
918 3158 1134 3238 aperte
1184 3154 1492 3218 vitiosum
1512 3203 1528 3232 ,
1577 3155 1881 3238 quoniam
1922 3154 2313 3218 necessarius
2350 3161 2448 3217 est
2484 3154 2853 3240 genitivum
2894 3154 3007 3219 sed

608 3258 956 3346 singularis
991 3261 1205 3344 potius
1245 3261 1596 3344 requiritur
1628 3280 1821 3344 quam
1846 3258 2135 3345 plut-alie.
2178 3257 2510 3324 Scribatur
2530 3260 2742 3346 igitur
2764 3260 3005 3338 γάμου.

609 3365 666 3431 Ε
711 3362 860 3444 γάῤ,
909 3372 1260 3450 utrumque
1310 3367 1548 3431 vitium
1601 3402 1685 3417 —
1732 3368 1881 3445 γάρὶ
1928 3372 1992 3431 et
2040 3362 2188 3444 γῶρῗ
2238 3403 2322 3415 -
2370 3354 2617 3432 fluxit.'

703 3584 924 3663 68,13
971 3611 1051 3638 =
1095 3586 1332 3653 Aneed.
1391 3586 1597 3654 Bekk.
1649 3586 1801 3666 372,
1833 3586 1866 3651 l
1918 3614 1997 3639 =
2044 3584 2221 3652 Suid.
2290 3624 2374 3636 —
2438 3582 2819 3665 ἀκρόνυξ·
2884 3580 3001 3651 οἷον

608 3692 777 3772 ἁρχὴ
825 3694 1060 3765 νυκτός.
1114 3700 1464 3773 Σοφοκλῆς.

699 3798 1025 3866 Adscribit
1085 3799 1518 3866 Reitzenstein
1580 3802 1725 3878 „AL
1792 3798 1992 3879 285‘’,
2060 3800 2173 3864 ubi
2236 3820 2385 3864 eum
2449 3797 2709 3885 legatur
2755 3796 2995 3879 „dapne

608 3904 892 3985 νυκτός”,
941 3906 1116 3993 patet
1163 3928 1314 3972 eum
1363 3906 1604 3972 lemma
1642 3910 1734 3973 eie
1775 3905 2227 3994 corrigendum
2266 3906 2527 3972 ducere:
2578 3904 2794 3983 ἄκρα
2842 3905 2999 3984 νύξ.

608 4012 778 4092 Quin
839 4014 1050 4099 igitur
1109 4016 1200 4079 eie
1257 4012 1499 4079 edidit?
1561 4014 1728 4080 Nam
1794 4036 2021 4081 verum
2089 4015 2245 4101 quin
2304 4012 2683 4079 indicaverit
2732 4034 2858 4078 non
2904 4020 3005 4079 eet

611 4120 907 4185 dubium.

703 4320 812 4401 68,
841 4321 926 4387 27
975 4346 1054 4373 ··-—··
1102 4322 1338 4389 Anecd.
1387 4322 1587 4389 Bekk.
1641 4322 1793 4403 373,
1824 4324 1931 4389 15.
1984 4360 2071 4373 —
2118 4323 2483 4404 ἅκροφύσιον
2534 4324 2661 4389 κτὲ.

705 4429 883 4495 Adde
931 4451 991 4515 p.
1045 4428 1199 4508 415,
1226 4429 1334 4507 29,
1384 4431 1496 4495 ubi
1545 4428 1735 4515 plura
1780 4430 2065 4512 <Naber).
