3246 5085
1269 324 1644 375 rnAroch.
2512 304 2639 372 123

255 490 553 558 clausula
597 491 647 555 εἰ
687 490 911 568 μέλλει
951 489 1254 567 εὐδαίμων
1293 485 1476 568 εἶναι,
1518 510 1683 576 quae
1721 486 2165 575 magistellum
2204 490 2416 575 magis
2442 508 2637 573 quam

252 600 474 684 ipsum
520 595 973 684 philosophum
1019 617 1238 681 sapere
1284 597 1451 661 mihi
1499 595 1775 662 videtur.

347 816 421 883 P.
475 814 704 881 508D.
765 813 1036 882 Malim:
1098 812 1409 887 πολλάκις
1447 813 1560 892 μὲν
1613 813 1723 891 ἤδη
1773 810 2044 894 εἴρηται,
2095 811 2260 878 οὐδὲν
2308 811 2371 877 δὲ
2421 810 2637 878 κωλύει

251 922 362 987 καὶ
416 926 613 999 (νῦν)
663 920 753 987 ἔτι
795 921 1121 997 λέγεσθαι.

349 1122 424 1187 Ρ.
476 1121 606 1188 513
625 1123 699 1189 E.
754 1132 904 1189 ΣΩ.
944 1119 1088 1203 ’Ἆρ’
1135 1120 1232 1189 οὖν
1268 1121 1458 1195 οὕτως
1500 1120 1920 1203 ἐπιχειρητέον
1960 1126 2106 1197 ἡμῖν
2146 1120 2308 1183 ἔστιν
2344 1129 2421 1201 τῇ
2462 1118 2645 1186 πόλει

254 1229 362 1293 καὶ
424 1236 551 1301 τοῖς
613 1229 901 1299 πολίταις
952 1228 1334 1312 [θεραπεύειν
1384 1227 1507 1294 del.
1558 1226 1813 1312 Cobet],
1863 1229 1943 1299 ὥς
1991 1227 2365 1305 βελτίστους
2416 1224 2643 1298 αὐτοὺς

257 1336 444 1407 τοὺς
492 1335 852 1406 πολίτας
901 1340 1258 1415 ποιοῦντας,

345 1440 618 1525 Respuit
678 1440 873 1505 huius
932 1438 1061 1506 loci
1119 1441 1432 1506 sententia
1491 1440 1654 1521 ipsos
1716 1440 1870 1503 cives
1891 1487 1906 1515 ‚
1956 1440 2281 1522 requirens
2330 1459 2427 1501 eoe
2474 1436 2637 1518 (scil.

256 1547 458 1626 cives).
509 1546 715 1626 Quare
759 1553 836 1612 ut
878 1546 1198 1632 glossema
1244 1545 1596 1612 deleverim
1643 1544 1785 1617 τοὺς
1833 1543 2120 1615 πολίτας.
2177 1634 2185 1641 ἡ

341 1763 416 1829 P.
469 1762 598 1831 527
617 1766 693 1829 A.
743 1762 1126 1849 Recipienda
1173 1766 1270 1828 est
1315 1784 1394 1828 ex
1440 1760 1627 1828 libris
1674 1762 1793 1827 BF
1840 1762 2049 1827 forme
2096 1763 2399 1826 sincerior
2445 1762 2641 1840 εἱλιγ-

264 1869 510 1949 γιάσεις
557 1891 673 1956 pro
722 1870 1129 1949 ἷλιγγιοὶσεις.

344 1975 595 2043 Ibidem
638 1976 915 2065 legitur:
965 1980 1066 2041 νῦν
1113 1975 1174 2041 δὲ
1223 1975 1365 2059 δρᾷς
1413 1971 1502 2040 ὅτι
1546 1982 1709 2054 τρεῖς
1757 1972 1926 2047 ὄντες
1976 1975 2188 2051 ὑμεῖς,
2238 2021 2253 2037 .
2285 2020 2298 2037 .
2331 2020 2345 2037 .
2377 2023 2391 2038 .
2441 1971 2517 2038 σύ
2562 1998 2633 2039 τε

256 2083 362 2147 καὶ
425 2090 637 2155 Πῶλος
703 2082 805 2147 καὶ
874 2082 1175 2163 Γοργίας,
1233 2082 1339 2146 οὐκ
1388 2080 1573 2160 ἔχετε
1621 2078 1946 2155 ἀποδεῖξαι
1994 2082 2072 2151 ὦς
2122 2078 2219 2143 δεῖ
2257 2076 2451 2143 ἄλλον
2500 2080 2638 2143 τινὰ

252 2188 389 2266 βίον
456 2188 561 2271 ζῆν
621 2190 656 2263 ἢ
721 2193 954 2267 τοῦτον,
1019 2184 1208 2267 ὅσπερ
1270 2186 1374 2252 καὶ
1440 2189 1638 2251 ἐκεῖσε
1702 2188 1770 2267 (i.
1819 2207 1874 2250 e.
1924 2186 2013 2258 εἷς
2056 2183 2295 2264 Ἃιδου)
2340 2185 2638 2265 φαίνεται

256 2294 614 2376 συμφέρειν.

340 2400 571 2468 Nescio
618 2420 694 2465 an
742 2404 1053 2485 praestet:
1105 2394 1289 2477 ὅσπερ
1339 2396 1442 2463 καὶ
1495 2398 1691 2463 ἐκεῖσε
1742 2400 1993 2477 (ἰοῦσι)
2044 2399 2341 2477 φαίνεται
2390 2394 2637 2476 συμφέ-

252 2530 390 2587 ρειν.
439 2506 772 2573 Facillime
818 2513 966 2593 post
1008 2505 1226 2572 literas
1271 2504 1516 2571 similes
1565 2512 1761 2570 ΕΙΣΕ
1813 2503 1979 2572 elabi
2024 2505 2237 2590 potuit
2282 2511 2538 2568 ΙΟΤΣΙ.

347 2721 626 2798 ΜΒΝΟΝ,
675 2742 740 2806 p.
784 2716 963 2786 70A.
1015 2727 1164 2784 ΣΩ.
1203 2713 1309 2782 Ὠ
1361 2718 1591 2796 Μένων,
1644 2718 1753 2796 πρὸ
1800 2722 1905 2781 τοῦ
1955 2717 2067 2793 μὲν
2117 2715 2426 2781 Θετταλοὶ
2476 2715 2641 2782 εὐδό-

256 2849 416 2902 κιμοι
481 2823 635 2899 ἦσαν
699 2826 758 2890 ἐν
822 2832 951 2897 τοῖς
1009 2820 1316 2898 Ἕλλησιν
1361 2823 1465 2888 καὶ
1517 2820 1931 2902 ἐθαυμάζοντο
1983 2823 2086 2902 ἐφ’
2134 2823 2361 2902 ἱππικῇ
2410 2847 2480 2886 τε
2530 2821 2636 2886 καὶ

257 2930 538 3012 πλούτῳ,
604 2934 708 2994 νῦν
769 2929 868 3009 δέ,
931 2932 1011 3001 ὥς
1073 2928 1206 3006 ἐμοὶ
1253 2928 1450 3006 δοκεῖ,
1503 2927 1606 2992 καὶ
1658 2928 1756 2992 ἐπὶ
1806 2928 2041 3012 σοφίᾳ,
2092 2929 2191 2992 καὶ
2241 2929 2363 3010 οὐχ
2413 2927 2638 3002 ἥκιστα

255 3038 305 3101 οἱ
367 3041 474 3102 τοῦ
507 3039 644 3102 ,σοῦ
708 3036 944 3115 ἑταίρου
1009 3036 1552 3113 ’Λριστίππου
1601 3042 1857 3099 πολῖται
1908 3042 2373 3115 Λαρισαῖοι.
2422 3034 2639 3098 τούτου

257 3143 318 3207 δὲ
357 3143 499 3220 ὑμῖν
541 3139 732 3212 αἴτιός
774 3143 905 3206 ἐστι
947 3142 1240 3219 Γοργίας·
1286 3140 1665 3220 ἀφικόμενος
1704 3141 1830 3219 γὰρ
1874 3140 1961 3212 είς
2002 3143 2111 3213 τὴν
2152 3141 2330 3206 πόλιν
2372 3139 2638 3218 ἐραστὰς

257 3249 356 3313 ἐπὶ
415 3249 606 3330 σοφία
661 3245 918 3324 εἴληφεν
967 3244 1319 3311 ’Λλευαδῶν
1368 3269 1439 3311 τε
1487 3246 1626 3316 τοὺς
1676 3246 1979 3324 πρώτους,
2031 3241 2106 3309 ὦν
2154 3246 2182 3311 ὃ
2230 3247 2329 3318 σὸς
2381 3247 2640 3324 ἐραστής

259 3355 422 3418 ἐστιν
467 3353 1036 3433 Ἀρίστιππος,
1087 3351 1189 3415 καὶ
1239 3357 1355 3415 τῶν
1428 3349 1639 3415 ἄλλων
1690 3357 2047 3417 Θετταλῶν.

345 3459 533 3525 Facio
597 3481 747 3525 cum
802 3458 1054 3524 Nebero
1101 3480 1225 3524 non
1275 3465 1547 3544 utroque
1594 3458 1735 3524 loco
1784 3459 2183 3537 Ἀρίστιππον
2233 3479 2368 3524 esse
2415 3460 2638 3546 genui-

262 3587 452 3644 num,
513 3564 622 3630 sed
667 3564 811 3630 data
859 3567 1114 3650 optione
1159 3567 1374 3649 potius
1419 3566 1488 3628 in
1533 3568 1885 3650 posteriore
1932 3562 2282 3632 deleverim
2328 3585 2520 3650 quam
2567 3567 2637 3630 in

259 3675 466 3757 priore
525 3692 674 3736 cum
733 3672 890 3756 ipso.
957 3671 1356 3736 Retinuerim
1407 3679 1655 3749 contra,
1707 3670 1874 3757 quod
1920 3671 2094 3736 idem
2143 3670 2418 3750 delevit,
2466 3671 2639 3736 Lari-

255 3797 549 3843 saeorum
592 3798 860 3854 nomen,
911 3776 1079 3862 quod
1119 3799 1244 3841 non
1285 3779 1419 3842 sine
1461 3778 1847 3843 obscuritate
1886 3777 2162 3863 quadam
2203 3779 2419 3844 abesse
2460 3799 2644 3863 posse

258 3883 534 3962 videtur,
581 3904 694 3948 nec
741 3885 957 3948 minus
1002 3884 1363 3969 genuinum
1403 3884 1678 3950 arbitror
1726 3892 2014 3962 πολῖται,
2065 3883 2233 3969 quod
2278 3885 2647 3970 proscripsit

255 3992 322 4056 in
369 3991 646 4056 editione
691 4010 808 4055 sue
853 3989 1116 4056 Burnet.

344 4209 418 4274 P.
474 4207 650 4274 9413.
701 4208 1078 4287 Πάραλον
1124 4209 1228 4273 καὶ
1282 4208 1647 4276 Ξάνθιππον.

347 4313 682 4382 Constanti
742 4336 950 4380 errore
1005 4317 1096 4380 sic
1144 4320 1209 4380 et
1255 4313 1410 4381 alibi
1457 4315 1626 4400 apud
1672 4314 2009 4380 Platonem
2056 4315 2300 4403 legitur
2346 4337 2458 4402 pro
2506 4326 2636 4382 Πα-

254 4422 493 4501 ράλιος,
545 4422 718 4507 quod
766 4442 996 4490 verum
1040 4443 1273 4488 nomen
1320 4443 1454 4488 esse
1502 4425 1818 4488 testantur
1862 4419 2041 4488 tituli
2088 4424 2311 4488 Attici.
