3246 5085
670 296 797 365 134
1714 318 1995 369 snmus.

667 482 813 547 kins
858 484 926 547 in
973 464 1293 569 Postgatii
1339 481 1617 569 Corpore
1663 487 1985 550 recensuit
2030 490 2096 550 et
2143 487 2338 551 ceteri
2379 484 2654 550 editores
2691 489 2838 549 ante
2874 505 3066 549 eum.

757 589 895 654 Iam
955 592 1393 656 annotationes
1453 596 1811 676 sequuntur
1871 611 2112 676 paucae
2131 639 2149 669 ,
2199 591 2430 677 quibus
2477 594 2614 676 ipse
2657 592 2796 657 sive
2841 610 3070 655 emen-

665 694 919 761 datione
978 698 1304 781 proposita
1362 698 1499 763 sive
1558 717 1723 762 nova
1770 697 1941 781 quod
1987 700 2184 763 sciam
2229 699 2754 783 interpretatione
2800 695 3068 782 prolata

665 800 742 866 ad
792 821 1054 866 manum
1104 807 1326 887 poetae
1370 802 1837 867 restituendam
1883 802 1988 868 vel
2035 801 2114 869 ad
2163 805 2358 870 verba
2403 806 2544 869 eius
2589 804 2823 867 rectius
2861 800 3068 867 intel-

665 900 935 993 legenda
979 904 1224 992 aliquid
1270 906 1551 972 conferre
1600 907 1892 973 conabor.

752 1118 975 1185 Thetis
1020 1126 1362 1207 postquam
1411 1120 1519 1186 diu
1568 1119 1951 1187 deliberavit
1995 1142 2120 1206 quo
2168 1122 2309 1188 loco
2356 1119 2569 1186 filium
2615 1120 3057 1201 absconderet,

662 1224 921 1291 tandem
967 1223 1214 1311 Scyron
1256 1225 1535 1292 insulam
1582 1226 1772 1313 eligit
1787 1247 1804 1305 3
1853 1229 2146 1312 sequitur
2190 1228 2346 1292 haec
2393 1228 2816 1313 comparatio:

934 1329 1143 1417 qualis
1189 1334 1401 1398 vicino
1447 1331 1736 1399 volucris
1782 1335 1914 1398 iam
1961 1332 2183 1399 sedula
2228 1337 2420 1419 partu
2441 1383 2456 1412 ,

931 1439 1189 1522 iamque
1234 1440 1505 1518 timens,
1553 1460 1680 1525 qua
1724 1439 1946 1505 fronde
1996 1439 2263 1506 domum
2309 1438 2657 1523 suspendat
2691 1423 2985 1518 inan'em,

932 1527 1227 1627 protridot
1272 1544 1378 1610 hic
1426 1550 1685 1623 ventos,
1734 1546 1840 1610 hic
1887 1548 2080 1611 anxia
2127 1548 2370 1631 cogitat
2415 1546 2646 1631 anguis
2666 1593 2683 1622 ,

753 1645 884 1713 215
933 1648 1039 1713 hic
1087 1649 1412 1714 homines:
1460 1650 1722 1716 tandem
1770 1650 2056 1715 dubiae
2101 1648 2311 1735 placet
2357 1651 2620 1727 umbra,
2667 1650 2980 1733 novisque

935 1757 1048 1820 vix
1096 1757 1278 1820 stetit
1322 1758 1390 1820 in
1436 1757 1636 1822 ramis
1683 1761 1748 1821 et
1794 1758 2086 1841 protinus
2136 1756 2325 1821 arbor
2362 1762 2635 1821 amatur.

662 1861 1069 1945 Quamquam
1130 1860 1241 1925 diu
1304 1882 1408 1926 me
1468 1864 1753 1928 veritum
1813 1882 1949 1927 esse
2009 1883 2089 1927 ne
2144 1864 2361 1946 ipsum
2409 1868 2668 1948 poetam
2713 1861 3054 1947 proposito

663 1987 807 2032 meo
870 1966 1297 2044 emendarem,
1357 1969 1644 2054 ingenue
1704 1967 2022 2053 profiteor,
2085 1967 2357 2051 denique
2403 1969 2698 2032 animum
2744 1965 3054 2030 inducere

660 2094 785 2138 non
830 2074 1015 2157 potui
1060 2078 1135 2137 ut
1181 2092 1444 2139 versum
1480 2093 1748 2138 numero
1787 2094 1904 2139 suo
1941 2077 2238 2138 notatum
2278 2094 2314 2138 a
2349 2071 2556 2139 Statio
2593 2075 2686 2137 ita
2723 2073 3054 2157 scriptum

663 2183 979 2264 putarem.
1043 2177 1359 2243 Umbram
1419 2199 1534 2263 pro
1599 2178 1821 2244 arbore
1884 2199 1921 2243 a
1982 2180 2189 2263 poetis
2254 2178 2426 2242 haud
2489 2197 2632 2243 raro
2680 2178 2808 2242 dici
2848 2178 3053 2262 probe

662 2286 832 2363 sci0,
912 2283 1022 2349 sed
1083 2286 1371 2369 primum
1432 2286 1544 2350 vix
1592 2282 1897 2349 credibile
1944 2290 2074 2362 est,
2123 2289 2464 2369 postquam
2511 2288 2610 2349 tot
2652 2285 2786 2347 iam
2830 2283 3054 2347 verbis

662 2410 884 2455 curam
949 2392 1086 2455 eius
1104 2440 1120 2468 ,
1170 2392 1472 2456 timorem
1493 2439 1509 2467 ,
1558 2389 2024 2455 dubitationem
2071 2393 2260 2474 poeta
2305 2392 2638 2475 expressit,
2692 2391 2835 2475 ipso
2881 2394 3054 2453 tem-

660 2516 814 2583 pore
884 2516 1011 2580 quo
1080 2495 1339 2562 tandem
1405 2494 1750 2562 consilium
1809 2498 1868 2561 ei
1935 2498 2254 2562 constaret
2315 2500 2509 2580 atque
2569 2500 2815 2561 remota
2875 2499 3054 2559 esset

660 2604 869 2669 omnis
915 2602 1266 2680 dubitatio,
1307 2623 1495 2667 avem
1532 2602 1851 2668 adiectivo
1891 2603 2104 2666 dubiae
2141 2601 2567 2687 significatam
2606 2622 2772 2680 esse;
2815 2599 3052 2665 deinde

658 2708 777 2772 hoc
834 2705 973 2773 loco
1035 2708 1447 2772 vehementer
1506 2705 1804 2793 displicet
1865 2705 2254 2772 vocabulum
2315 2707 2520 2770 mbo-a
2564 2704 2747 2770 nullo
2793 2705 3049 2770 adiecto

660 2813 947 2899 epitheto
1019 2832 1143 2898 quo
1212 2816 1571 2878 accuratius
1642 2813 1827 2877 arbor
1895 2811 2233 2877 definiatur
2301 2832 2464 2898 quae
2535 2816 2669 2876 tam
2731 2831 2768 2875 a
2828 2814 3050 2876 ventis

659 2938 857 3003 quam
926 2918 1004 2983 ab
1063 2919 1385 3004 anguibus
1442 2918 1938 3002 hominibusque
2003 2915 2230 2982 nidum
2299 2937 2371 2982 ac
2432 2916 2641 3003 pullos
2701 2915 3048 2982 defendere

657 3025 879 3109 possit.
943 3022 1119 3088 Haec
1178 3023 1346 3088 nihil
1404 3021 1587 3088 dubii
1648 3022 1818 3108 apud
1877 3043 1982 3088 me
2041 3026 2186 3102 iam
2238 3022 2637 3108 reliquerunt
2681 3023 2840 3108 quin
2884 3041 3043 3089 vere

657 3130 980 3214 scripserit
1023 3132 1243 3214 poeta:
1292 3128 1552 3194 tandem
1600 3127 1845 3194 tiliae
1890 3127 2100 3214 placet
2147 3129 2398 3194 umbra.

746 3339 821 3404 In
882 3360 957 3405 eo
1016 3342 1149 3405 iam
1209 3346 1307 3406 est
1358 3345 1435 3406 ut
1478 3343 1545 3405 in
1592 3339 1836 3427 Scyron
1881 3339 2162 3406 insulam
2206 3339 2431 3406 Thetis
2475 3361 2627 3426 cum
2674 3340 2806 3406 filio
2849 3340 3044 3426 profl-

656 3447 952 3524 ciscatur,
1001 3465 1159 3530 quos
1206 3445 1284 3511 ad
1328 3467 1506 3512 mare
1553 3467 1756 3530 usque
1801 3448 2148 3512 comitatur
2191 3444 2429 3512 Chiron
2448 3494 2465 3524 ,

1366 3554 1774 3637 prosequitur
1817 3551 2034 3618 divam
2080 3551 2426 3637 celerisque
2466 3572 2758 3618 recursus

747 3655 881 3722 233
928 3676 1189 3723 securus
1232 3655 1451 3743 pelagi
1498 3654 1736 3724 Chiron
1783 3662 2012 3723 rotat
2058 3657 2308 3741 udaque
2354 3655 2518 3722 celat

925 3761 1177 3828 lumina
1222 3768 1289 3828 et
1332 3762 1626 3848 abreptos
1672 3762 1886 3828 subito
1931 3763 2061 3838 iam
2105 3763 2365 3847 iamque
2408 3760 2670 3827 latentis

924 3873 1131 3933 erecto
1176 3872 1535 3954 prospectat
1579 3886 1776 3952 equo,
1827 3888 1954 3953 qua
1997 3889 2152 3933 cana
2197 3889 2542 3953 parumper

926 3980 1229 4061 spumant
1275 3976 1460 4060 signa
1507 3973 1698 4061 fugae
1745 3977 1810 4038 et
1853 3972 2099 4060 liquido
2147 3976 2320 4062 perit
2359 3975 2564 4040 orbita
2608 3979 2820 4059 ponto.

652 4081 753 4145 Ita
816 4079 1122 4159 editores,
1182 4081 1552 4146 auctoritati
1620 4079 1925 4145 Puteanei
1977 4081 2211 4145 codicis
2257 4101 2507 4146 morem
2554 4079 2711 4145 dum
2754 4085 3036 4166 gerunt,

657 4192 979 4252 recensent
1017 4189 1293 4272 ascripta
1330 4186 1460 4251 fere
1500 4187 1817 4270 scriptura
1855 4186 2148 4252 codicum
2190 4185 2385 4266 EKQ
2421 4193 2592 4268 νομαί
2615 4192 2682 4251 et
2703 4185 3042 4253 Schenklii

654 4293 1019 4358 coniectura
1060 4299 1248 4371 notat,
1295 4291 1529 4376 quibus
1578 4289 1824 4357 Garrod
1869 4294 2067 4358 etiam
2113 4283 2542 4378 suspicionem
2589 4289 2869 4369 addidit,
2909 4292 3041 4358 for-

652 4401 821 4464 tasse
862 4397 1209 4486 legendum
1245 4417 1380 4464 esse
1426 4397 1601 4482 reqit.
