3246 5085
321 927 722 1019 FORMA
779 928 1562 1030 ANTIQUISSIMA
1621 930 1983 1021 HYMNI
2043 930 2573 1023 HOMERIGI

1048 1065 1162 1157 IN
1219 1066 1873 1158 MERCURIUM

249 1277 614 1328 summm
672 1280 728 1329 o.
791 1279 1131 1329 nonnum
1183 1281 1252 1328 m
1307 1281 1534 1330 unm
1585 1281 2013 1333 nnnommnm
2068 1283 2182 1332 m
2234 1283 2294 1332 ι’.
2344 1263 2475 1332 389
2513 1281 2650 1342 soo.

1131 1504 1282 1546 Now
1289 1503 1374 1546 HS
1411 1505 1791 1548 ILmS'rRAvn

915 1731 1004 1796 Η.
1051 1729 1256 1799 VAN
1315 1731 2009 1800 HERWERDEN.

1305 2032 1620 2076 —⁴-4-0-

342 2293 632 2361 Gratum
672 2314 779 2359 me
815 2294 1142 2361 facturum
1181 2295 1474 2379 suspicor
1502 2292 1851 2381 philologis
1888 2295 2301 2374 nostratibus,
2342 2297 2397 2361 si
2420 2316 2645 2362 eorum

253 2400 459 2466 oculis
516 2401 898 2467 subiecerim
962 2400 1146 2487 plene
1206 2401 1594 2485 exscriptam
1613 2447 1631 2478 ,
1687 2421 1883 2486 qnam
1932 2399 2004 2468 O.
2054 2399 2295 2466 Robert
2338 2400 2433 2467 l.1.
2481 2402 2645 2468 indi-

255 2509 434 2573 cavit
497 2509 901 2594 primitivam
973 2506 1170 2572 huius
1236 2504 1625 2592 lepidissimi
1692 2507 1924 2594 hymni
1990 2508 2421 2573 recensionem
2440 2556 2457 2587 ‚
2531 2511 2645 2593 qui

255 2612 470 2698 qualis
527 2613 716 2681 hodie
775 2633 813 2678 a
873 2613 1216 2679 serioribus
1275 2614 1481 2698 poetis
1545 2615 1823 2700 pessime
1884 2616 2355 2680 contaminatus
2400 2614 2645 2702 legitur

254 2724 460 2784 scatet
504 2718 1110 2785 contradictionibus
1154 2725 1218 2784 et
1263 2717 1767 2785 difficultatibus.

344 2823 596 2890 Invicta
613 2872 632 2903 ‚
701 2828 779 2889 ut
846 2825 1012 2890 mihi
1072 2823 1332 2910 quidem
1394 2824 1715 2903 videntur,
1778 2830 2161 2912 argumenta
2178 2874 2195 2905 ,
2257 2827 2493 2911 quibus
2537 2830 2643 2893 vir

255 2932 816 3016 ingeniosissimus
853 2930 1068 2995 thesin
1105 2949 1289 2995 suam
1328 2929 1825 3009 demonstravit,
1865 2929 2167 3018 legantur
2200 2932 2370 3018 apud
2399 2934 2637 3018 ipsum.

345 3036 570 3101 Brevis
616 3056 762 3101 mea
806 3034 1133 3101 adnotatio
1179 3034 1258 3100 ad
1300 3037 1552 3121 insigne
1597 3036 1717 3102 hoc
1762 3039 2005 3121 priscae
2049 3040 2406 3124 impietatis
2454 3036 2641 3103 docu-

257 3147 554 3207 mentum
589 3147 836 3227 spectat
872 3141 1247 3227 praesertim
1284 3139 1455 3206 locos
1491 3140 1838 3207 nonnullos
1868 3142 2167 3210 obscuros
2190 3149 2255 3209 et
2277 3147 2640 3212 controver-

256 3268 364 3313 sos
411 3250 814 3333 continetque
855 3248 1276 3314 correctiones
1315 3245 1627 3332 quasdam
1666 3250 1865 3314 etiam
1902 3268 2077 3315 meas
2118 3255 2185 3315 et
2223 3252 2636 3318 coniecturas.

259 3351 360 3417 De
405 3352 662 3440 reliquis
707 3352 1130 3419 consulantur
1176 3352 1508 3418 editiones.

618 3569 850 3644 Ἑρμῆν
898 3562 1104 3644 ὕμνει,
1153 3569 1416 3643 Μοῦσα,
1468 3567 1615 3637 Διὸς
1661 3564 1765 3629 καὶ
1814 3566 2102 3639 Μαιάδος
2151 3567 2295 3648 υίόν,

533 3672 850 3746 Κυλλήνης
897 3670 1195 3747 μεδέοντα
1243 3670 1348 3735 καὶ
1396 3671 1727 3751 Ἀρκαδίης
1771 3674 2154 3751 πολυμήλου,

530 3774 808 3853 ἄγγελον
854 3774 1176 3842 ἆθανάτων
1227 3776 1515 3856 ἐριούνιον,
1564 3774 1626 3842 ὃν
1674 3778 1815 3841 τέκε
1864 3785 2081 3855 Μαῖα,

532 3883 739 3961 νύμφη
789 3881 1221 3960 ἐϋπλόκαμος,
1285 3883 1432 3954 Διὸς
1481 3884 1540 3946 ἐν
1585 3881 1881 3961 Φιλότητι
1928 3890 2230 3961 μιγεῖσα,

452 3984 487 4049 5
531 3987 755 4061 αἰδοίη·
803 3987 1100 4066 μακάρων
1146 3988 1210 4052 δὲ
1257 3989 1397 4053 θεῶν
1443 3990 1697 4063 ἠλεύαθ’
1740 3983 1952 4065 ὅμιλον

529 4090 738 4175 ἄντρου
787 4091 899 4157 ἔσω
950 4094 1201 4159 ναίουσα
1252 4094 1618 4159 παλισκίου·
1663 4093 1803 4158 ἔνθα
1852 4094 2101 4172 Κρονίων

534 4198 738 4282 νύμφη
785 4198 1166 4278 ε’ὔπλοκάμῳ
1211 4198 1596 4278 μισγέσκετο
1646 4201 1859 4272 νυκτὸς
1906 4202 2207 4280 ἀμολγῷ,

532 4302 688 4385 ὄφρα
736 4306 906 4371 κατὰ
955 4306 1197 4383 γλυκὺς
1245 4302 1429 4379 ὕπνος
1477 4305 1609 4387 ἔχοι
1659 4306 2025 4371 λευκώλενον
2069 4304 2277 4387 Ἥρην,

535 4411 716 4484 λήθων
761 4410 1109 4485 ἀθανάτους
1155 4435 1225 4476 τε
1272 4412 1439 4485 θεοὺς
1487 4413 1733 4487 θνητούς
1781 4415 1837 4476 τ’
1886 4412 2246 4493 ἀνθρώπους.
