3246 5085
1273 353 1618 403 uouemus.
2541 339 2630 406 47

247 519 522 595 lesoens,
568 517 848 584 tardiora
885 517 1048 583 finnt
1087 538 1332 605 genua:
1369 522 1588 604 itaque
1625 519 1919 584 laborum
1960 518 2345 585 Martiorurn
2380 526 2629 604 partem

249 626 560 689 maiorem
619 624 978 688 iunioribus
1036 645 1204 688 nuno
1259 623 1596 708 relinquit,
1660 661 1747 672 —
1809 623 1981 689 idem
2045 632 2258 691 tamen
2322 623 2501 690 πόνου
2563 625 2631 690 οὔ

249 753 398 793 ποτε
423 731 650 805 λέγων
681 727 728 810 ¹)
767 731 1046 814 satisque
1083 731 1280 794 etiam
1317 735 1616 795 strenuus
1640 729 1720 795 ad
1740 731 2131 796 invadendos
2152 729 2630 816 repellendosve

248 834 493 912 hostes,
557 837 613 899 si
674 855 774 900 res
818 833 884 899 id
930 835 1112 901 ferat.
1176 833 1612 920 Compositam
1660 843 1933 901 aetatem
1956 885 1972 914 ,
2024 839 2133 910 τὴν
2180 840 2627 911 καθεστηκυῖαν

249 943 492 1015 ἠλικίαν
554 942 753 1005 etiam
813 943 985 1026 agit:
1047 940 1331 1006 nondum
1394 962 1615 1007 versus
1683 963 2013 1026 vesperam
2075 945 2133 1007 ei
2196 945 2410 1028 vergit
2458 944 2627 1006 vitae

246 1045 394 1124 lux,
458 1045 568 1112 sed
627 1048 825 1111 etiam
884 1049 952 1110 in
1009 1045 1221 1111 medio
1269 1052 1510 1132 perstat
1557 1046 1747 1113 caelo.
1796 1048 1941 1113 Non
1990 1047 2371 1126 „narizan”
2420 1050 2629 1134 igitur

248 1152 465 1216 ἑαυτὸν
525 1152 594 1215 τὸ
656 1159 855 1229 γῆρας
873 1197 891 1229 ,
955 1173 1080 1217 non
1138 1152 1461 1215 subiectum
1520 1152 1639 1216 sibi
1698 1159 2049 1217 senectutem
2094 1175 2157 1216 se
2204 1153 2420 1217 habere
2475 1153 2633 1218 dicit

191 1315 198 1324 .
243 1261 412 1342 ipse,
455 1257 566 1323 sed
605 1257 939 1335 „lxdvetv'',
979 1257 1464 1342 appropinquare
1501 1257 1618 1320 sibi
1644 1257 1697 1337 ²)
1739 1296 1823 1308 —
1866 1258 2026 1324 dona
2065 1257 2429 1324 afferentem
2454 1258 2630 1323 haud

241 1362 722 1430 contemnenda.
772 1363 1042 1429 Numeri
1087 1366 1142 1427 si
1187 1365 1620 1448 requiruntur,
1671 1364 1959 1430 dieamus
2007 1367 2629 1451 quinquagenarium

241 1475 388 1547 aut,
428 1470 825 1547 maximum,
869 1472 1392 1554 sexagenarium,
1433 1465 1542 1532 ἕνα
1581 1473 1700 1534 τῶν
1740 1471 2067 1547 τριάκοντα
2104 1472 2291 1550 μεχρ)
2331 1471 2633 1552 τετταρά-

243 1599 432 1640 κοντα
479 1577 599 1655 ἀφ’
649 1571 843 1652 ἥβης,
893 1573 1437 1659 quemadmodum
1474 1579 1714 1661 posteri
1750 1575 1931 1662 loqui
1967 1575 2258 1642 solebant
2282 1573 2353 1656 ³).
2404 1575 2631 1642 'Palem
2704 1629 2717 1642 .

241 1680 538 1746 videmus
597 1683 666 1745 in
727 1682 950 1746 castris
1009 1685 1156 1746 ante
1201 1679 1457 1747 'Proiam
1476 1729 1492 1762 ‚
1544 1680 1742 1746 talem
1788 1681 1940 1768 Pyli
1986 1680 2283 1748 videmus
2330 1685 2399 1746 in
2447 1685 2626 1768 regia

247 1807 363 1852 sua
399 1791 543 1872 post
579 1785 827 1852 bellum
872 1785 1134 1851 finitum
1178 1787 1476 1851 reducem
1524 1794 1588 1851 et
1634 1790 1814 1873 genti
1860 1809 2013 1853 suae
2055 1791 2513 1874 imperantem,
2543 1827 2627 1839 —

245 1914 371 1958 non
415 1895 510 1958 ita
557 1893 940 1957 diuturnum
985 1894 1192 1978 igitur
1214 1890 1400 1984 ‘illud
1448 1891 1695 1956 bellum
1740 1892 1935 1958 fnisse
1982 1895 2324 1958 sentientes
2350 1892 2423 1974 ⁴).

337 1997 608 2064 Summa
653 2003 868 2063 autem
915 1999 981 2061 in
1021 1996 1190 2062 bello
1227 2000 1287 2063 ei
1323 2003 1420 2062 est
1458 2001 1803 2063 auotoritas
1822 2046 1838 2076 ‚
1878 2001 2164 2064 maxima
2201 2003 2373 2064 enim
2412 2021 2627 2065 rerum

245 2103 625 2169 bellicarum
686 2109 783 2167 est
831 2094 1094 2187 peritia.
1158 2101 1380 2166 Verbis
1441 2104 1572 2168 iam
1634 2101 1781 2187 plus
1845 2101 2017 2168 valet
2081 2123 2273 2188 quam
2336 2104 2590 2170 lacertis
2609 2154 2626 2184 ,

242 2208 473 2295 lingua
531 2229 723 2293 quam
784 2207 1054 2293 pedibus
1115 2209 1493 2273 manibusve
1553 2211 1933 2292 promptior,
1998 2209 2128 2273 dux
2190 2213 2398 2295 igitur
2451 2217 2628 2276 tanto

243 2335 414 2380 nuno
475 2335 669 2399 quam
727 2312 885 2378 olim
945 2312 1168 2378 utilior
1230 2318 1468 2397 quanto
1515 2333 1696 2378 mens
1742 2320 2023 2398 praestat
2072 2317 2337 2399 corpori.
2399 2315 2628 2394 Quam·

246 2442 439 2507 quam
487 2423 854 2486 etiamnunc
899 2421 1167 2484 minime
1212 2424 1468 2503 torpent
1514 2422 1574 2484 ei
1619 2441 1871 2499 manus,
1909 2425 1975 2485 et
2013 2418 2165 2485 licet
2202 2441 2326 2486 non
2367 2424 2626 2486 omnino

245 2527 508 2604 ἔμπεδος
556 2529 618 2592 ei
663 2529 1086 2611 permanserit
1128 2525 1238 2601 βίη
1268 2525 1341 2607 ³),
1390 2527 1606 2611 pergit
1654 2530 1868 2591 tamen
1912 2528 1981 2591 in
2028 2547 2247 2611 pugna
2284 2529 2384 2591 uti
2422 2526 2625 2612 olipeo

241 2632 394 2712 illo,
446 2653 570 2717 quo
615 2632 834 2698 nullus
881 2652 954 2697 ea
999 2636 1206 2697 aetate
1252 2631 1380 2696 fuit
1415 2629 1645 2696 clarior
1670 2630 1742 2711 ⁰),
1784 2637 1849 2695 et
1874 2637 2027 2716 post
2066 2653 2356 2718 pugnam
2392 2631 2623 2717 poculo

241 2737 390 2815 ino,
454 2738 621 2823 quod
680 2738 1001 2802 auditores
1061 2739 1170 2802 vix
1232 2736 1370 2802 looo
1429 2741 1717 2802 moturos
1777 2736 1975 2800 fuisse
2034 2739 2126 2801 ait
2171 2742 2357 2821 poeta
2386 2735 2470 2817 τ);
2516 2737 2626 2802 sed

243 2864 494 2909 currere
563 2848 628 2908 et
694 2842 918 2920 ferire,
982 2836 1244 2922 ,αἴήμὰς
1309 2840 1651 2921 αἰχμάζειν
1714 2841 1817 2904 καὶ
1884 2841 2235 2916 μέλπεσθαι
2289 2841 2493 2921 “Ἀρηί“,
2555 2842 2625 2907 id

241 2950 572 3014 iuniorum
633 2955 763 3013 est:
825 2949 1148 3013 seniorum
1213 2950 1312 3012 est
1371 2944 1637 3011 consilia
1680 2948 1875 3023 inire,
1923 2948 2135 3029 copias
2182 2946 2515 3032 disponere
2559 2954 2625 3011 et

241 3054 562 3119 exhortari
579 3102 597 3132 ,
644 3058 846 3119 castra
889 3055 1126 3118 tutari.-

330 3160 418 3225 Et
477 3180 614 3225 rem
677 3161 1003 3245 provisam
1052 3160 1354 3243 quoniam
1400 3156 1574 3223 haud
1619 3159 1829 3223 invita
1876 3162 2232 3243 sequuntur
2277 3158 2471 3224 verba
2490 3206 2506 3235 ‚
2552 3160 2623 3222 in

239 3266 458 3351 paneis
504 3272 600 3330 est
620 3292 624 3295 ·
647 3264 952 3331 disertus:
999 3265 1136 3349 ipse
1183 3265 1354 3329 enim
1403 3265 1577 3329 vitae
1621 3284 1778 3329 usus
1825 3262 2137 3327 disertum
2182 3263 2351 3349 feeit.
2398 3261 2622 3347 Itaque

238 3373 306 3434 in
351 3391 582 3456 regum
627 3370 924 3447 oonsilio,
987 3390 1138 3434 oum
1182 3369 1461 3434 Achivos
1507 3390 1544 3433 a
1590 3367 1881 3433 Troianis
1926 3367 2297 3453 profligatos
2350 3368 2619 3433 domum

238 3474 444 3541 redire
487 3477 680 3541 iussit
724 3476 1169 3560 Agamemnon
1213 3476 1503 3539 animum
1551 3472 1941 3559 despondens
1959 3520 1978 3550 ,
2016 3472 2355 3539 Diomedes
2396 3478 2616 3537 autem

310 3702 364 3765 1)
395 3708 438 3751 K
457 3703 572 3752 1⁶4.
631 3702 650 3721 ⁶

304 3784 360 3846 Β)
630 3783 782 3833 ,τότε
813 3783 982 3845 κοῦρος
1013 3778 1094 3838 ἴα,
1127 3782 1207 3829 νῦν
1240 3774 1371 3831 αὖτέ
1403 3796 1469 3841 με
1501 3781 1660 3843 ’γῆρας
1698 3778 1888 3830 ἰθύνεθ’

235 3872 278 3914 Δ
296 3866 410 3917 821.
457 3890 525 3904 —
567 3866 708 3931 Quod
753 3864 947 3914 verbum
993 3864 1098 3913 viro
1145 3863 1312 3913 multia
1357 3862 1494 3912 annis
1535 3866 1749 3925 gravato,
1784 3861 1941 3927 qualia
1972 3860 2089 3925 fingi
2122 3860 2241 3911 solet
2277 3862 2473 3920 Nestor,
2506 3846 2617 3911 enm

233 3962 403 4012 parum
447 3947 700 3997 convenire
749 3946 950 3996 sentiret
994 3945 1316 4006 Aristarchus,
1348 3944 1538 4009 scripsit
1571 3942 1771 4007 ὀπάζει,
1804 3944 1854 3993 id
1887 3942 2015 4007 quod
2052 3943 2232 4007 legitur
2266 3949 2312 3991 Θ
2332 3943 2431 3993 108
2467 3970 2530 3981 -
2564 3943 2621 3992 in

245 4030 402 4081 min·-
433 4045 516 4079 οη
550 4030 616 4080 ibi
649 4029 971 4094 aptissimum.

303 4112 359 4175 8)
393 4111 467 4161 Gt.
502 4127 544 4160 a.
579 4126 626 4174 g.
662 4109 780 4159 Xon.
815 4109 949 4159 Heu,
987 4109 1060 4158 VI
1092 4111 1126 4157 4
1159 4107 1286 4169 §17-

296 4195 354 4253 4)
387 4192 462 4240 Of.
495 4178 654 4257 capnt.
685 4190 832 4241 XXV.
859 4214 930 4232 --
961 4189 1223 4241 Telemachi
1249 4204 1483 4239 annornm
1510 4188 1747 4269 rationem
1776 4204 1901 4238 nuno
1931 4188 2117 4239 nnllam
2132 4187 2388 4238 habeamus
2404 4190 2621 4253 oportet.

304 4274 360 4335 ὅ)
396 4274 558 4323 nau
595 4280 640 4320 H
667 4272 755 4324 15⁷
791 4271 854 4321 al.

302 4354 359 4415 6)
394 4359 440 4401 Θ
461 4354 556 4403 102
583 4368 654 4417 aq.

301 4434 358 4497 7)
388 4440 440 4483 Δ
479 4435 595 4487 887.
