3246 5085
1309 353 1619 403 nonnus.
2518 340 2646 407 415

246 517 557 605 exemplo
618 538 809 583 usum
870 538 1044 596 esse,
1108 520 1174 583 in
1239 538 1363 603 quo
1425 540 1674 585 curae
1736 521 1996 585 omnino
2041 542 2166 586 non
2213 524 2650 599 nominantur,

242 625 495 691 idcirco
540 624 788 690 addidit
833 624 1383 691 adseverationem
1432 646 1545 711 per
1591 625 1766 690 enim.

355 729 514 797 Ibid.
562 728 650 795 IV
699 730 760 795 4.
794 730 878 796 12
948 730 1237 797 Turbent
1286 754 1471 817 porro
1518 753 1713 817 quam
1763 732 1972 799 velint

356 837 516 903 Don.
566 837 665 917 (1)
716 837 967 917 „Quam
1016 835 1261 902 velint''
1311 839 1378 903 in
1429 843 1744 923 quantum
1784 838 2006 905 velint.
2148 841 2264 907 Ed.
2292 842 2390 923 (2)
2419 841 2647 931 (Aut)

246 964 403 1009 eam
451 964 647 1029 quam
694 942 899 1009 velint
944 941 1305 1009 mulierem.
1359 942 1483 1009 Sed
1532 944 1766 1010 melius
1813 951 1909 1011 est
1957 948 2125 1032 quod
2171 971 2356 1030 cupra
2395 951 2488 1029 (in
2512 949 2651 1029 (1))

244 1050 537 1114 dia-imus.
677 1049 955 1115 Pravam
1002 1052 1435 1115 coniecturam
1485 1052 1726 1136 profert
1775 1051 1975 1117 simul
2016 1060 2081 1117 et
2128 1054 2444 1139 repudiat.

351 1156 512 1221 Ibid.
561 1154 616 1217 V
668 1156 730 1221 2.
758 1154 846 1232 26
918 1156 1002 1221 Et
1053 1163 1115 1221 te
1164 1154 1363 1222 simul
1412 1159 1772 1242 suspicione
1819 1157 2108 1225 exsolves

350 1264 449 1344 (l)
496 1262 637 1328 Hoc
684 1269 779 1327 est
826 1262 993 1348 quod
1040 1284 1232 1349 supra
1281 1269 1403 1343 (ys.
1458 1261 1568 1342 13)
1616 1262 1784 1329 dixit
1828 1268 2164 1331 crimen.
2215 1267 2348 1333 Nos
2397 1288 2651 1353 quoque

242 1372 681 1456 suspicionem
730 1369 1117 1451 interpretati
1162 1392 1382 1433 sumus.
1520 1371 1855 1436 Postrema
1899 1372 2046 1437 inde
2095 1394 2131 1438 a
2181 1373 2309 1439 Nos
2355 1376 2487 1439 iam
2537 1372 2649 1439 eli-

242 1479 530 1542 minavit
576 1475 1092 1542 Wessnerus.

346 1581 441 1649 Of.
484 1582 565 1647 ad
603 1581 891 1649 Donatus
930 1604 1025 1648 vs.
1055 1582 1139 1647 13
1186 1582 1395 1661 „Nam
1434 1585 1488 1648 si
1530 1587 1912 1670 compererit
1953 1587 2210 1651 crimini
2251 1592 2364 1653 tua
2396 1609 2463 1655 se
2489 1609 2652 1654 uxor

244 1688 615 1766 credidisse,
679 1691 943 1755 missam
1003 1690 1169 1755 iram
1233 1689 1490 1767 faciat”,
1554 1689 1651 1771 (2)
1715 1688 2041 1757 Crimen
2105 1714 2273 1759 nunc
2319 1715 2435 1779 pro
2482 1694 2645 1760 falsa

250 1797 619 1881 suspicione
666 1797 918 1881 posuit,
967 1793 1291 1882 Vergilius
1340 1801 1724 1881 (sequuntur
1770 1797 1896 1862 duo
1944 1806 2137 1879 cxx.).

353 1901 753 1966 Phormio
799 1898 831 1965 I
878 1900 939 1965 4.
972 1897 1054 1965 37
1126 1901 1250 1967 Sed
1298 1904 1445 1987 quis
1488 1902 1592 1967 hic
1638 1909 1737 1967 est
1783 1924 1974 1968 senex

350 2006 447 2087 (l)
510 2005 672 2084 Sed,
719 2014 788 2069 uc
832 2007 1123 2084 diximus,
1174 2009 1521 2072 transitum
1572 2007 1892 2094 significat
1941 2008 2021 2073 ad
2067 2008 2334 2076 alteram
2381 2030 2516 2075 rem
2567 2012 2644 2076 ab

256 2135 335 2181 ea
382 2134 544 2200 quae
591 2114 921 2201 agebatur.

353 2220 684 2307 Repetivit
744 2220 861 2285 Ed.
922 2241 997 2285 ex
1028 2212 1077 2284 Ἰ
1124 2218 1186 2285 2.
1218 2218 1253 2285 7
1281 2220 1376 2299 (2)
1426 2219 1638 2299 „Sed”
1693 2220 2005 2305 particula
2054 2224 2400 2288 transitum
2449 2225 2648 2309 signi-

258 2330 365 2391 cat
410 2326 489 2391 ad
537 2328 927 2392 mentionem
975 2324 1239 2391 alterius
1286 2329 1401 2392 rei.
1453 2324 1548 2393 Cf.
1599 2347 1795 2411 supra
1840 2348 1903 2412 p.
1953 2325 2085 2392 284
2131 2328 2211 2393 ad
2257 2328 2287 2393 I
2336 2328 2396 2393 4.
2429 2328 2535 2395 15.

351 2545 524 2632 Ergo
578 2549 843 2611 unicum
905 2546 1139 2612 Donati
1195 2547 1567 2633 exemplum
1629 2524 1762 2615 A'd.
1803 2547 1896 2614 III
1935 2548 1998 2614 2.
2026 2546 2113 2614 27
2163 2549 2261 2629 (2)
2310 2549 2642 2617 Editor-em

255 2652 339 2717 ad
387 2653 660 2718 abusum
709 2653 905 2718 huius
952 2650 1265 2718 formulae
1311 2653 1652 2739 perduxit,
1702 2676 1775 2720 eo
1823 2654 2067 2720 scilicet
2114 2654 2377 2720 consilio
2427 2662 2502 2720 ut
2551 2664 2646 2722 to-

251 2760 389 2824 tius
435 2762 787 2824 commenti
834 2779 899 2824 se
946 2766 1272 2825 auctorem
1320 2761 1735 2846 praedicaret.

342 3076 636 3164 Ipsorum
696 3077 1085 3145 scholiorum
1146 3081 1559 3165 inquisitione
1623 3081 1703 3147 ad
1752 3081 1940 3148 finem
1995 3081 2301 3168 perducta
2349 3081 2529 3148 lubet
2573 3085 2642 3146 in

250 3205 514 3250 censum
579 3205 805 3251 vocare
868 3206 941 3250 ea
1004 3189 1354 3252 commenti
1414 3187 1694 3266 scholia,
1757 3190 1870 3253 ubi
1932 3189 2214 3253 fontes
2281 3187 2646 3253 indicantur

251 3293 633 3358 nominatim
689 3292 792 3357 vel
841 3313 954 3378 per
1001 3292 1309 3358 formulas
1353 3294 1615 3379 quidam,
1665 3294 1802 3372 alii,
1850 3302 1989 3358 eunt
2027 3296 2150 3380 qui,
2193 3296 2337 3360 sim.
2387 3295 2485 3359 Ex
2524 3295 2642 3359 hac

252 3405 477 3463 autem
538 3401 901 3464 recensione
963 3420 1087 3464 non
1134 3397 1423 3464 multum
1468 3400 1632 3466 lucis
1681 3399 2014 3487 effulgebit
2059 3401 2136 3468 ad
2184 3400 2640 3467 difficillimum

250 3503 330 3570 de
402 3508 751 3570 commenti
821 3505 1107 3571 fontibus
1178 3508 1612 3591 quaestionem
1678 3505 2146 3573 illustrandam.
2218 3507 2641 3595 Intellegetur

250 3611 700 3677 tantummodo
747 3611 1071 3676 Donatum
1120 3633 1243 3678 non
1289 3633 1491 3700 pauca
1539 3614 1858 3692 subsidia,
1905 3614 2013 3679 sed
2063 3614 2425 3681 multorum
2472 3635 2642 3679 com-

250 3725 723 3797 mentatorum,
770 3721 1385 3804 grammaticorum,
1435 3720 1926 3786 scholia-starum
1984 3742 2272 3806 quoque,
2318 3723 2385 3785 ni
2433 3719 2638 3797 fallor,

248 3826 623 3890 testimonia
681 3823 1081 3902 adhibuisse,
1147 3845 1258 3890 nec
1321 3847 1446 3890 non
1506 3824 1838 3891 Editorem
1885 3833 1950 3892 et
1997 3830 2340 3912 magistros
2388 3829 2640 3911 saepius
2765 3823 2783 3838 “

250 3931 329 3994 ad
391 3933 677 3996 auctores
739 3929 1044 4015 quosdam
1108 3952 1516 4016 provocasse;
1582 3937 1905 4019 praeterea
1961 3932 2283 3998 Donatum
2333 3954 2411 3998 ex
2457 3953 2636 3998 more

248 4043 616 4122 temporum
648 4034 695 4116 ¹)
733 4039 917 4101 iuxta
956 4036 1232 4102 aliorum
1272 4040 1598 4124 opiniones
1637 4061 1764 4104 non
1806 4059 1945 4104 raro
1984 4060 2166 4104 suam
2191 4042 2477 4125 posuisse
2501 4040 2637 4104 sine

248 4142 598 4220 decision03
663 4164 852 4228 porro
914 4164 1223 4229 quosnam
1286 4145 1493 4209 fontes
1540 4146 1878 4231 praecipue
1926 4149 2151 4232 magni
2196 4146 2438 4223 fecerit,
2489 4145 2638 4211 Pro-

316 4403 373 4464 1)
418 4401 492 4451 Cf.
540 4403 690 4451 Locus
738 4400 1112 4466 Hieronymi
1158 4417 1299 4466 quem
1344 4401 1473 4450 infra
1506 4401 1662 4452 citabo
1699 4401 1750 4452 in
1784 4403 2107 4464 adnotatione,
2139 4403 2302 4468 ibique
2335 4419 2456 4468 quae
2491 4403 2637 4454 verba
2701 4407 2708 4413 '

246 4485 473 4549 leguntur
508 4483 566 4533 ab
601 4484 741 4534 initio
773 4487 825 4532 et
859 4485 967 4533 fine.
