3246 5085
1294 333 1602 384 nonnus.
1760 315 1763 318 ’
2512 319 2643 386 223

253 505 528 591 Pythias
564 501 826 568 laudare
865 504 1122 588 cogitur
1160 500 1765 588 pseudeunuchum,
1809 522 2002 587 quem
2042 507 2423 568 exsecratur.
2473 502 2644 568 Hinc

258 610 586 678 Donatus:

349 717 446 799 (1)
508 715 848 784 Commota
908 713 1215 781 adversus
1263 714 1644 780 Phaedriam
1694 716 1948 800 cogitur
1996 735 2144 780 eum
2195 713 2491 794 laudare,
2542 718 2647 782 cui

255 826 421 889 irata
469 833 602 901 est,
651 829 717 889 et
759 822 903 888 ideo
953 827 1168 887 totum
1214 820 1443 886 callide
1473 821 1541 900 ¹).

349 930 532 1010 Quod
601 932 924 1016 sequitur:
998 928 1096 1010 (2)
1167 927 1429 1006 Facete,
1504 929 1687 1012 quasi
1750 928 1919 994 hunc
1976 950 2089 994 nec
2134 931 2259 1014 ipsi
2307 932 2418 1014 qui
2465 931 2647 994 misit

255 1042 668 1122 conspectum
715 1035 911 1114 velit,
1005 1033 1492 1120 Interpolatoris
1539 1039 1671 1112 est,
1718 1037 1828 1119 qui
1870 1036 2032 1100 mire
2073 1041 2294 1120 putat,
2338 1035 2643 1123 Pythiam

253 1148 419 1212 serio
490 1142 700 1220 nolle,
772 1150 848 1208 ut
919 1141 1202 1209 Chaerea
1263 1141 1613 1207 Phaedriae
1678 1144 1743 1206 in
1808 1149 2223 1228 conspectum
2286 1146 2538 1222 veniat,
2587 1151 2651 1206 et

253 1251 538 1337 leporem
585 1250 757 1314 hunc
805 1269 978 1327 esse,
1029 1248 1199 1335 quod
1248 1245 1366 1312 illa
1405 1247 1526 1313 hoc
1565 1247 1735 1312 dicat
1774 1251 1833 1314 ei
1871 1251 1981 1334 qui
2022 1251 2157 1334 ipse
2199 1251 2379 1314 misit
2424 1250 2651 1336 pseud-

254 1357 650 1424 eunuchum.
1400 1407 1412 1418 .

343 1464 573 1531 Eidem
637 1468 753 1528 aut
813 1462 926 1528 alii
989 1463 1302 1548 magistro
1351 1461 1634 1527 dandum
1678 1467 1775 1528 cst
1821 1461 1917 1543 (3)
1966 1463 2064 1528 An
2118 1462 2401 1541 „velles”
2452 1461 2649 1528 talem

259 1570 618 1658 (qualem)
665 1566 935 1656 loquor?
1028 1567 1408 1636 Coniectura
1455 1571 1568 1633 vix
1615 1570 1801 1634 seria.

353 1676 576 1744 Aelius
637 1676 844 1742 denuo
905 1677 1237 1762 praebuit:
1300 1676 1396 1756 (4)
1459 1675 1598 1758 [Et]
1670 1676 1951 1741 breviter
1998 1677 2203 1742 forma
2246 1675 2505 1742 laudata
2552 1681 2651 1742 est

265 1783 626 1865 <huius?>,
690 1806 840 1850 cum
907 1782 1219 1869 prolixius
1280 1781 1466 1848 illius
1511 1785 1598 1846 sit
1646 1782 2054 1849 describenda
2102 1783 2511 1849 deformitas:-
2556 1782 2651 1863 (5)

261 1912 413 1958 vere
477 1889 746 1978 pulcher
791 1897 923 1967 est,
973 1893 1160 1955 cuius
1205 1889 1409 1956 forma
1455 1909 1572 1954 nec
1615 1889 1835 1954 odium
1877 1911 1990 1956 nec
2042 1892 2327 1956 convitia
2374 1909 2653 1955 comme-

255 2001 418 2064 ruit.
465 1997 793 2062 Lucilius:
847 1997 978 2075 „At
1021 1995 1375 2083 Hymnidis
1422 1997 1552 2062 acri
1577 1995 1630 2075 ²)
1677 2016 1753 2060 ex
1800 1995 1961 2062 facie
2008 1995 2227 2062 florem
2271 1995 2653 2083 delegeris”.

351 2103 637 2170 Tandem
703 2103 838 2185 (6):
903 2102 1109 2183 Quare
1160 2099 1364 2179 „tu”?
1418 2104 1512 2166 An
1559 2103 1713 2188 quia
1757 2104 1919 2168 istae
1964 2105 2096 2168 iam
2142 2103 2405 2182 nolunt,
2453 2106 2653 2169 iratae

262 2210 509 2276 scilicet
555 2211 634 2276 ob
681 2211 981 2276 vitiatam
1028 2205 1390 2295 virginem?
1438 2210 1537 2273 An
1589 2207 1749 2286 „tu”
1800 2210 1983 2293 quasi
2032 2215 2387 2295 „spectator
2425 2209 2655 2274 forma-

259 2339 412 2383 rum
477 2308 777 2404 eleg-ari&
841 2321 964 2397 (vs.
1015 2314 1168 2395 566,
1231 2316 1342 2380 ubi
1409 2322 1625 2381 tamen
1688 2311 1969 2381 Chaerea
2028 2316 2147 2382 hoc
2207 2316 2530 2402 praedicat
2576 2315 2653 2380 de

257 2429 376 2504 re),
417 2430 492 2489 ut
530 2425 645 2509 qui
681 2428 930 2488 amator
967 2425 1053 2487 sis
1095 2419 1400 2488 Thaidis?
1515 2419 1881 2508 Utrumque
1918 2425 2235 2509 ineptum,
2276 2425 2651 2509 praesertim

259 2533 473 2618 prima
533 2531 846 2616 suspicio,
908 2552 986 2595 ex
1050 2551 1176 2616 qua
1239 2535 1355 2609 „tu
1418 2528 1636 2595 videre
1691 2551 1843 2595 vero
1892 2527 2132 2595 velles‘’
2182 2532 2445 2596 tacitam
2492 2532 2653 2595 anti-

259 2638 472 2703 thesin
513 2638 678 2703 hanc
716 2637 1010 2703 haberet:
1061 2642 1170 2715 „at
1206 2658 1324 2703 uos
1353 2638 1556 2703 iratae
1593 2636 1965 2715 nolumus’'‚
2008 2658 2168 2723 quae
2194 2636 2435 2703 scilicet
2458 2635 2653 2702 illum

260 2743 512 2809 dudum
561 2740 902 2809 viderunt!

353 2852 579 2937 Itaque
641 2850 872 2915 Editor
930 2852 1217 2935 primum
1265 2849 1572 2916 Donateis
1618 2849 1715 2930 (l)
1762 2855 1827 2915 et
1873 2850 1968 2932 (4)
2014 2852 2397 2936 interposuit
2444 2849 2541 2931 (2)
2588 2854 2655 2914 et

258 2957 380 3039 (3),
431 2956 576 3023 dein
625 2977 860 3043 agmen
908 2955 1142 3022 clausit
1187 2956 1432 3022 scholio
1481 2963 1823 3042 postremo.
1873 2956 2042 3021 Tum
2089 2959 2297 3042 igitur
2338 2953 2659 3041 Compila-

259 3066 419 3130 toris
465 3083 656 3149 opera
699 3061 882 3128 nulla
926 3063 1054 3128 fuit
1099 3065 1377 3150 propria.

349 3169 512 3235 Ibid.
559 3169 644 3235 21
719 3168 845 3235 Hic
892 3174 988 3236 est
1035 3171 1250 3235 vietus
1297 3174 1488 3235 vetus
1535 3175 1909 3235 veternosus
1956 3190 2149 3235 senex

350 3276 546 3342 Hunc
607 3297 869 3343 versum
931 3275 1223 3342 Donatus
1289 3277 1508 3342 ordine
1570 3279 1661 3341 sic
1709 3278 2049 3355 tractavit,
2098 3283 2173 3342 ut
2219 3278 2509 3361 primum
2557 3276 2652 3344 lo·

259 3390 566 3471 queretur
632 3381 709 3476 de
773 3384 1288 3468 pronuntiatione
1351 3383 1470 3464 (l),
1533 3382 1678 3447 dein
1741 3382 1817 3447 de
1878 3385 2259 3469 synonymis
2328 3383 2653 3461 ,‚vietus'',

263 3489 563 3569 „vetus'’‚
630 3488 1089 3567 „veternosus”
1155 3495 1221 3555 et
1282 3489 1358 3556 de
1405 3511 1557 3556 voce
1609 3489 1907 3567 ,‚senex’'.
1956 3489 2079 3555 His
2124 3488 2383 3555 scholiis
2430 3490 2657 3555 Editor

256 3600 646 3683 interposuit
691 3595 1082 3663 emblemata
1131 3596 1256 3662 duo
1300 3599 1368 3661 in
1415 3594 1512 3677 (3)
1559 3603 1626 3661 et
1669 3598 1737 3660 in
1786 3594 1903 3677 (6),
1951 3607 2113 3681 quae
2158 3597 2391 3661 referre
2442 3616 2655 3680 super-

259 3704 483 3779 sede0,
553 3724 703 3768 cum
771 3701 1094 3768 inclinatis
1163 3702 1402 3767 litteris
1460 3704 1593 3767 iam
1656 3702 2019 3767 indicentur
2081 3724 2118 3768 a
2180 3702 2652 3767 WessnerO.

263 3810 391 3875 His
437 3818 654 3875 tamen
700 3830 829 3874 non
877 3808 1507 3874 contentus-addidit
1552 3807 1747 3875 schol.
1797 3806 1927 3890 (7):
1984 3807 2215 3874 Utrum
2262 3829 2411 3875 vere
2457 3828 2651 3873 senex

260 3940 342 3985 an
391 3918 544 4003 quia
586 3918 682 3982 ita
729 3916 990 3981 videtur
1038 3916 1118 3982 ob
1165 3914 1677 3994 deformitatem,
1730 3952 1817 3963 —
1865 3936 1992 4000 quo
2036 3918 2103 3981 in
2151 3916 2421 3981 dubium
2461 3920 2651 3981 vocat-

259 4024 425 4091 Don.
479 4024 610 4106 (6):
667 4023 1001 4101 „senex”
1048 4044 1127 4088 ex
1172 4020 1343 4087 malo
1388 4022 1917 4109 aegritudineque
1960 4043 2253 4110 rugosus.

349 4130 515 4195 Ibid.
568 4128 655 4193 44
725 4130 942 4209 Heus,
989 4135 1223 4215 negato
1270 4150 1532 4194 rursum

328 4392 384 4457 1)
420 4392 558 4442 Idem
589 4389 858 4441 observavit
895 4387 1147 4439 Daeier
1178 4390 1237 4439 ad
1272 4389 1324 4440 h.
1341 4389 1374 4439 l.
1412 4388 1522 4439 vid.
1559 4388 1781 4439 Fabia.

327 4476 384 4539 2)
418 4474 499 4523 Sic
529 4477 759 4539 corrupta
790 4470 932 4522 verba
965 4480 1071 4537 post
1106 4472 1228 4521 alios
1259 4472 1467 4522 correxit
1499 4473 1553 4521 M
1572 4488 1600 4521 a
1620 4488 1691 4521 rx
1726 4487 1793 4523 vs.
1833 4474 1979 4522 1115.
