3246 5085
296 1059 375 1142 O
452 1052 1061 1138 ΑΙΤΝΑΙΟΣ
1143 1052 1794 1137 ΜΕΓΙΣΤΟΣ
1872 1054 2570 1137 ΚΑΝΘΑΡΟΣ.

1310 1289 1559 1331 sompsl‘r

1076 1473 1135 1538 J.
1198 1417 1782 1539 VUR'PHEIM.

1282 1777 1602 1822 ἧ,-

332 2043 431 2110 Ex
476 2044 559 2109 iis
608 2062 770 2128 quae
815 2041 1234 2110 Leeuwenius
1276 2041 1344 2105 in
1385 2041 1505 2106 hoc
1542 2038 1744 2108 diario
1786 2040 2142 2129 disputavit
2183 2041 2258 2108 de
2299 2039 2632 2107 scarabaeo

234 2153 523 2217 Aetnaeo
593 2151 835 2236 optime
903 2151 1041 2236 ipse
1112 2148 1349 2214 effecit:
1442 2152 1727 2227 „certam
1798 2147 2082 2235 aliquam
2149 2148 2632 2215 scarabaeorum

233 2259 521 2344 speciem
560 2258 884 2320 Aetnaeum
927 2275 1401 2342 quamcumque
1440 2254 1518 2319 ob
1558 2274 1818 2319 causam
1857 2254 2093 2320 dictam
2134 2276 2268 2320 esse
2293 2254 2632 2321 Athenis''.

236 2363 527 2450 Roganti
590 2381 777 2428 vero:
842 2361 1037 2448 „quid
1101 2360 1431 2426 scarabaeo
1478 2381 1629 2425 cum
1677 2359 1926 2426 Aetna?
1972 2381 2098 2447 qua
2141 2363 2456 2448 imagine,
2509 2381 2634 2447 qua

236 2471 605 2535 narratione
667 2470 834 2534 inter
893 2474 1120 2534 nautas
1184 2470 1342 2553 puta
1405 2463 1678 2553 vulgata
1737 2470 1901 2533 moti
1949 2474 2101 2533 sunt
2146 2473 2244 2534 tot
2289 2473 2512 2555 poetae
2560 2472 2636 2532 ut

238 2578 523 2644 ridentes
585 2613 670 2624 —-
732 2574 839 2642 vel
897 2575 1236 2641 irridentes
1300 2612 1386 2622 —
1448 2572 1866 2660 loquerentur
1929 2575 2006 2641 de
2067 2596 2302 2662 magno
2364 2575 2634 2641 ateucho

241 2682 447 2750 siculo
466 2680 559 2760 ?'',
606 2705 671 2749 v.
718 2682 797 2748 cl.
847 2682 1218 2768 respondet:
1271 2702 1440 2759 „non
1485 2680 1754 2767 liquet''.

278 2800 285 2805 '
338 2788 613 2855 Causam
661 2793 880 2854 autem
924 2787 1174 2853 iocandi
1220 2788 1577 2865 exstitisse,
1628 2807 1922 2864 causam,
1973 2786 2145 2864 dico,
2196 2786 2403 2873 qualis
2444 2788 2636 2853 Athe-

241 2897 566 2961 niensium
627 2892 886 2959 nullum
948 2894 1174 2980 fugere
1235 2898 1486 2978 posset,
1538 2895 1682 2978 quis
1731 2891 2036 2980 negabit?
2081 2892 2227 2960 Non
2274 2896 2472 2979 inepti
2526 2894 2634 2959 sed

240 3004 453 3067 insani
513 3001 793 3066 hominis
854 3001 1083 3065 fuisset
1143 2997 1322 3084 loqui
1382 3003 1574 3084 atque
1633 3002 1842 3064 risum
1903 2999 2308 3065 audientium
2358 3003 2635 3067 excitare

240 3107 413 3175 velle
476 3107 551 3172 de
614 3106 945 3173 scarabaeo
1005 3110 1304 3183 aetnae0,
1370 3107 1425 3170 si
1483 3108 1654 3170 inter
1715 3112 1998 3171 montem
2061 3112 2126 3172 et
2172 3104 2636 3172 animalculum

241 3216 410 3280 ratio
468 3211 889 3279 intercederet
1124 3210 1324 3276 nulla.
1391 3211 1680 3277 Proferre
1741 3213 1951 3299 igitur
2005 3212 2171 3277 mihi
2233 3212 2458 3293 liceat,
2510 3234 2636 3299 quo

244 3319 437 3386 modo
495 3321 628 3385 iam
691 3319 802 3383 diu
864 3320 1162 3405 aenigma
1209 3316 1456 3384 solvere
1504 3324 1770 3385 conatus
1813 3320 1959 3383 sim.
2010 3318 2216 3400 Quam
2264 3320 2640 3386 brevissime

242 3448 384 3492 rem
453 3425 800 3491 conficiam.
873 3424 1102 3490 Statue
1170 3425 1272 3490 τὸν
1338 3420 1626 3504 κάνθαρον
1697 3431 1980 3511 spect-are
2048 3447 2174 3491 non
2243 3426 2322 3492 ad
2393 3434 2638 3492 montem

245 3536 522 3599 Aetnam
594 3532 702 3597 sed
771 3530 853 3597 ad
921 3532 1117 3596 urbem
1186 3532 1463 3596 Aetnam
1534 3534 1771 3597 montis
1833 3534 1900 3596 in
1959 3532 2280 3598 radicibus
2339 3536 2637 3619 positam.

244 3637 517 3707 Condita
562 3638 719 3703 haec
764 3638 916 3702 urbs
962 3644 1097 3703 erat
1138 3658 1174 3703 a
1215 3636 1742 3705 Chalcidensibus
1780 3642 1845 3703 et
1880 3637 2139 3717 Naxiis,
2183 3638 2351 3704 unde
2390 3640 2530 3704 veri
2568 3638 2642 3703 fit

245 3744 461 3811 simile
507 3743 827 3809 coloniam
874 3745 1117 3829 insigni
1164 3743 1440 3830 quodam
1487 3750 1595 3819 τῆς
1645 3746 2075 3822 μητροπόλεως
2125 3747 2503 3811 memoriam
2553 3747 2644 3810 vi-

247 3873 398 3919 vam
458 3872 764 3917 servasse.
829 3850 1123 3937 Rogatur
1186 3853 1413 3937 igitur,
1480 3853 1775 3937 quisnam
1837 3852 2033 3916 fuerit
2093 3851 2285 3929 deus,
2351 3854 2456 3917 cui
2501 3862 2640 3917 tam

245 3956 500 4025 Chalcis
539 3978 733 4043 quam
776 3958 997 4023 Naxus
1038 3977 1385 4043 omnesque
1424 3955 1827 4024 Chalcidicae
1867 3959 2056 4023 urbes
2096 3965 2304 4023 essent
2329 3957 2644 4036 addictae,

246 4068 431 4132 cuius
476 4066 763 4129 numinis
809 4066 1003 4129 sacris
1044 4069 1235 4150 atque
1277 4063 1591 4150 symbolis
1629 4062 2081 4151 gloriarentur.
2131 4064 2461 4130 Nimirum
2505 4071 2641 4130 erat

245 4171 572 4260 Dionysus
620 4169 725 4237 vel
772 4169 928 4235 deus
976 4169 1232 4256 libycus
1276 4172 1586 4249 Ammon3
1638 4171 1871 4236 horum
1912 4173 2086 4237 enim
2126 4171 2392 4237 deorum
2435 4173 2645 4258 capita

242 4300 554 4366 perquam
590 4276 833 4343 similia
859 4312 944 4327 -
972 4276 1251 4344 alterum
1276 4280 1531 4344 taurina
1554 4278 1676 4342 fert
1699 4299 1934 4344 cornua
1957 4278 2234 4345 alterum
2257 4281 2527 4345 arietina
2557 4314 2641 4329 --

245 4384 480 4451 hedera
518 4389 819 4449 coronata
856 4384 1123 4450 urbium
1160 4406 1460 4451 nummos
1500 4386 1825 4450 ornabant.
1874 4384 2186 4474 Exemplo
2228 4387 2356 4450 sint
2386 4387 2644 4450 nummi

245 4491 528 4578 Aphytis
571 4491 911 4556 Ammonis
958 4496 1253 4577 gerentes
1298 4496 1493 4577 caput
1536 4490 1749 4574 (Head
1795 4490 1881 4557 H.
1908 4489 1989 4559 N.
2039 4514 2106 4579 p.
2159 4490 2336 4573 186),
2386 4492 2647 4557 nummi
