3246 5085
617 319 747 386 336
1392 337 1482 384 ns
1526 337 1867 386 6111111160
1913 336 2228 386 Arx-russo.

616 502 786 569 Naxi
832 502 1114 582 insulae,
1164 503 1398 595 quibus
1446 503 1554 570 vel
1601 502 1805 570 Sileni
1853 503 1958 570 vel
2005 503 2281 592 Dionysi
2327 507 2522 591 caput
2563 509 2662 570 est
2707 505 3016 571 incusum

614 609 795 690 (ibid.
856 631 915 696 p.
969 609 1129 690 416)
1191 614 1257 675 et
1307 659 1505 676 .....
1554 613 1810 676 nummi
1872 610 2177 689 Aetnaei,
2242 613 2354 697 qui
2417 616 2612 697 caput
2671 612 3017 698 proferunt

612 717 954 782 barbatum
1016 715 1239 782 Sileni.
1302 713 1395 781 At
1440 724 1769 802 praeterea
1811 719 1878 781 in
1930 719 2215 783 nummis
2263 715 2624 805 Aphytaeis
2669 725 2734 783 et
2781 719 3016 784 Naxiis

613 826 843 909 aspicis
901 822 1174 910 Dionysi
1224 824 1615 889 attributum
1665 821 2021 909 peculiare,
2071 845 2301 910 nempe
2351 825 2661 904 κάνθαρον,
2710 845 2839 890 11011
2880 825 3020 891 bes-

613 929 841 996 tiolam
901 930 1015 995 sed>
1071 929 1399 1015 poculum.
1463 929 1592 995 Ubi
1653 930 1771 996 hoc
1826 932 1893 994 in
1949 929 2438 996 tetradrachtnis
2485 927 2831 996 Aetnaeis?
2891 931 3026 996 Ab·

613 1044 791 1104 estne
854 1038 881 1101 ὅ
946 1034 1281 1116 notumve?
1342 1036 1759 1123 Respondebo
1805 1057 1985 1102 more
2033 1039 2205 1104 servi
2253 1037 2623 1123 Euripidei:
2677 1039 2901 1115 „abest
2947 1042 3020 1103 et

614 1167 737 1210 non
801 1140 1057 1210 abest’'!
1120 1143 1289 1209 Nam
1338 1144 1516 1209 vides
1563 1144 1782 1210 abesse
1831 1142 2172 1230 poculum,
2221 1143 2331 1210 sed
2377 1143 2556 1210 adest
2602 1145 2630 1210 ὅ
2680 1144 3016 1224 κάνθωροςε

612 1252 1003 1317 scarabaeus.
1052 1249 1208 1330 Quis
1255 1248 1410 1315 talia
1457 1248 1661 1315 lusit?
1710 1250 2082 1330 Nescimus,
2134 1249 2244 1316 sed
2291 1271 2478 1329 cum,
2528 1256 2602 1316 ut
2640 1253 2706 1316 in
2745 1250 3020 1316 omnibus

614 1358 1101 1424 Mediterraneis
1138 1357 1541 1445 regionibus,
1582 1360 1654 1423 in
1693 1357 1909 1422 Sicilia
1948 1357 3014 1443 (111666611117611116111111κάραβος,

607 1463 1055 1553 intellegimus
1103 1466 1435 1529 materiem
1485 1461 1750 1528 ludendi
1805 1501 1890 1513 —
1937 1462 2046 1530 vel
2094 1466 2149 1529 si
2195 1465 2404 1530 mavis
2449 1466 2697 1549 copiam
2737 1469 2802 1530 et
2840 1485 3022 1531 occa-

610 1575 859 1637 sionem
922 1572 1197 1656 insignis
1258 1569 1557 1636 mutandi
1607 1607 1689 1618 --
1739 1561 1810 1635 in⁴
1867 1577 2173 1658 promptu
2235 1571 2453 1636 fuisse.
2520 1570 2688 1636 Nam
2727 1571 3016 1653 poculum

611 1680 852 1765 optime
900 1679 1197 1742 convenit
1242 1677 1510 1762 Dionyso
1557 1681 1621 1742 et
1667 1677 1992 1761 cantharus
2039 1677 2443 1758 (scarabaeus)
2484 1697 2607 1742 non
2647 1675 2817 1742 male
2857 1676 3014 1744 Dio-

612 1787 761 1872 nysi
801 1783 1071 1865 παρέδρῳ
1117 1784 1386 1848 Ammoni
1430 1783 1728 1869 aeqyptio.
1775 1783 1863 1849 Et
1908 1805 2161 1862 revera,
2213 1785 2467 1849 nummi
2503 1781 2808 1850 Catenaei
2847 1785 2919 1863 (1.
2947 1803 3006 1850 6.

616 1892 909 1972 Aetnaei)
948 1893 1125 1956 aenei
1162 1890 1602 1957 Romanorum
1643 1890 1760 1956 sub
1798 1892 2072 1976 imperio
2111 1892 2250 1956 cusi
2287 1889 2488 1956 Sileni
2527 1911 2778 1976 quoque
2809 1897 3012 1978 caput

614 2020 764 2064 cum
810 1997 1117 2062 Ammonis
1164 1996 1279 2064 illo
1325 2000 1778 2063 immutarunt.

707 2105 1060 2170 Ludicrum
1130 2104 1521 2170 attributum
1591 2104 1672 2169 ab
1730 2102 2014 2170 Hierone
2076 2103 2340 2169 fortasse
2400 2105 2743 2169 inventum
2809 2103 3012 2170 Athe-
3064 2167 3074 2177 ,

614 2213 863 2277 nienses
930 2212 1156 2297 fugere
1221 2232 1348 2276 non
1416 2213 1667 2297 potuit3
1738 2208 2175 2275 subridiculus
2242 2209 2586 2276 videbatur
2649 2214 3010 2297 tyrannus,

614 2319 722 2405 qui
769 2319 1023 2404 foetido
1092 2319 1337 2382 ateucho
1403 2319 1491 2382 ad
1554 2317 1816 2382 nummos
1883 2317 2022 2382 novi
2083 2316 2329 2400 imperii
2388 2317 2487 2381 sui
2547 2319 2848 2382 ornandos
2903 2317 3008 2381 uti

612 2432 929 2491 statuerat.

702 2531 1097 2598 Irridebatur
1136 2532 1345 2619 igitur
1388 2529 1621 2597 leniter
1665 2531 1742 2597 ab
1790 2528 2108 2619 Aeschylo
2158 2552 2193 2597 a
2232 2531 2493 2597 comicis
2533 2531 2753 2597 acerbe
2791 2553 3008 2598 novus

609 2638 722 2705 1116
766 2640 996 2718 1101110,
1046 2641 1159 2725 qui
1204 2638 1594 2718 doctrinam,
1643 2646 1844 2717 artes,
1894 2637 2147 2703 cultum
2185 2637 2548 2704 Ionicorum
2588 2645 2894 2725 appetens
2932 2642 3009 2705 in

612 2769 741 2813 uno
804 2767 1073 2812 nummo
1131 2745 1286 2831 quid
1347 2768 1474 2811 non
1534 2750 1963 2831 expresserat3
2011 2766 2164 2810 nam
2211 2750 2462 2831 praeter
2507 2744 2800 2810 Silenum
2847 2766 3010 2811 cum

612 2855 939 2921 scarabaeo
983 2855 1075 2919 ibi
1118 2853 1567 2941 inveniebatur
1612 2851 1901 2938 Iuppiter
1945 2852 2113 2939 pelle
2159 2858 2367 2919 tectus
2413 2851 2704 2932 leonina,
2751 2851 3012 2919 fulmen

612 2960 897 3039 alatum,
964 2960 1215 3046 aquila,
1280 2962 1490 3045 pinus.
1566 2958 1744 3038 „Ohe
1806 2962 1938 3025 iam
2000 2961 2190 3039 satis,
2255 2981 2292 3025 o
2354 2957 2699 3026 barbarel'’
2771 2959 3013 3026 clama-

611 3069 763 3134 bant
823 3069 1059 3145 Attici,
1127 3066 1341 3151 „quod
1402 3086 1553 3132 vero
1601 3065 1680 3131 ad
1727 3066 2134 3131 scarabaeum
2183 3070 2370 3131 tuum
2419 3068 2689 3145 attinet,
2737 3088 2863 3132 non
2909 3069 3014 3133 sic

612 3172 894 3241 abibisl''

703 3282 938 3349 Eratne
1004 3284 1214 3370 igitur
1280 3279 1747 3346 animalculum
1815 3279 1982 3345 illud
2048 3280 2407 3346 Aetnaeum
2471 3318 2557 3330 —
2619 3302 2788 3347 nunc
2847 3280 3009 3349 volo

607 3392 839 3456 vivum
878 3388 1261 3466 ateuchum,
1304 3409 1497 3473 quem
1536 3389 1776 3453 montis
1815 3388 1933 3452 sub
1975 3386 2294 3453 radicibus
2333 3366 2671 3473 captabant
2703 3390 2885 3473 pueri
2909 3426 3006 3437 ——-

608 3497 794 3563 solito
848 3492 1099 3561 maius?
1160 3492 1472 3560 Minime!
1538 3496 1627 3559 At
1676 3514 1836 3579 quae
1884 3492 2144 3559 tandem
2191 3495 2318 3559 fuit
2363 3514 2584 3573 causa,
2631 3514 2746 3559 cur
2793 3496 3010 3561 maior

608 3604 952 3669 haberetur
1013 3601 1040 3665 ὁ
1105 3602 1389 3673 Αἰτναῖος
1441 3598 1776 3681 κάνθαροςῗ
1835 3600 2001 3681 Quia
2047 3600 2220 3665 fama
2267 3605 2558 3665 crescunt
2605 3604 2840 3678 omnia,
2889 3602 3007 3667 vel

609 3712 901 3774 minima.
986 3707 1127 3774 Non
1209 3710 1382 3773 enim
1462 3712 1748 3793 poterat,
1832 3708 1989 3792 quin
2070 3708 2237 3771 mira
2307 3704 2575 3773 bestiola
2644 3726 3006 3793 permagna

608 3814 818 3894 fieret,
888 3813 1157 3881 simulac
1213 3812 1473 3885 laudem
1535 3814 1675 3878 eius
1734 3832 1958 3879 canere
2001 3814 2375 3898 inceperunt
2419 3812 2710 3879 homines
2758 3813 3011 3880 Aristo—

607 3921 861 4008 phanei.
