3246 5085
1257 411 1272 418 ⁵
1360 345 1651 398 monus.
2562 331 2695 400 263

413 510 520 592 79,
548 511 589 578 9
635 538 716 564 =
759 513 998 580 Aneod.
1039 513 1440 611 Bekk4379,
1474 515 1576 581 11.
1629 553 1713 564 -
1763 513 1991 588 ἄλλος·
2031 517 2167 581 ἀντὶ
2208 521 2315 582 τοῦ
2341 515 2535 598 ἕτερος
2566 519 2694 584 κτὲ.

407 620 624 686 Etiam
671 621 908 687 Aneod.
959 621 1163 688 Bekk.
1213 621 1322 700 82,
1351 621 1386 688 1
1439 623 1592 689 haee
1630 621 1764 710 legi
1798 622 1971 689 idem
2010 623 2335 703 observat,
2375 631 2698 710 praeterea

303 727 623 793 Photium
671 749 721 793 s.
769 749 832 793 v.
880 724 1074 808 ἔτερος
1124 729 1472 796 conferens.

397 944 620 1024 81,18
667 979 750 1007 =
797 947 1036 1014 Anecd.
1100 947 1306 1014 Bekk.
1357 947 1509 1029 381,
1537 947 1631 1015 22
1676 973 1758 1000 =
1805 947 1986 1016 Suid.
2051 985 2136 999 --
2201 951 2688 1018 ἅλοστατεῒ·

299 1053 887 1132 στρατεύεται

389 1157 556 1224 Sana
602 1159 758 1225 haec
803 1161 1048 1225 nemini
1097 1159 1430 1239 videntur3
1481 1164 1876 1226 αλλοστατεῒ
1910 1159 2213 1240 Dindorf‚
2256 1164 2361 1227 oui
2400 1162 2691 1229 dubitan-

295 1271 397 1331 ter
442 1265 876 1352 adstipulatur
913 1266 1365 1333 Reitzenstein.
1413 1267 1731 1353 Equidem
1770 1270 2057 1354 suspioor
2092 1269 2503 1348 στρατεύεται
2538 1275 2691 1335 noto

295 1392 506 1437 errore
541 1392 620 1438 ex
659 1373 1128 1450 στραγγεύεται
1170 1395 1305 1439 esse
1336 1381 1560 1439 natum
1581 1423 1598 1454 ,
1640 1377 1859 1460 itaque
1882 1395 2267 1462 magnopere
2290 1375 2455 1440 mih‘i
2480 1375 2691 1462 placet

295 1475 539 1562 'I'oupii
585 1480 980 1546 coniectura:
1029 1494 1442 1559 μελλοστρ
1465 1486 1687 1544 ατεῒ·
1736 1480 2397 1558 στραγγεύεται.

388 1691 498 1773 83,
525 1693 589 1760 2.
642 1731 727 1744 -
782 1692 965 1768 ἄλυς.
1015 1697 1049 1770 ἧ
1099 1693 1225 1770 ἄλη
1275 1695 1380 1760 καὶ
1432 1695 1460 1760 ὃ
1506 1693 2093 1776 ῥιπ<τ>ασμός.

391 1914 501 1992 84,
533 1913 566 1979 1
617 1938 700 1965 =
757 1913 992 1980 Aneod.
1056 1913 1259 1980 Bekk.
1324 1911 1478 1993 386,
1523 1913 1608 1980 18
1655 1939 1737 1966 =
1781 1913 2063 2001 Hesyeh.
2130 1951 2209 1964 -
2280 1914 2583 1995 α’λφινία·
2648 1917 2682 1990 ἧ

291 2021 566 2094 λευκή

391 2125 548 2213 Lag.
596 2141 682 2191 a.
706 2125 739 2191 ιι
759 2150 796 2190 κ
815 2151 849 2200 n
897 2089 1182 2206 (Nabar).

386 2329 495 2409 85,
523 2330 563 2397 3
603 2355 684 2382 =
721 2329 958 2396 Aneod.
1003 2328 1205 2395 Bekk.
1251 2327 1404 2408 381,
1435 2328 1515 2394 11
1555 2358 1638 2384 =
1673 2327 1853 2395 Suid.
1893 2365 1973 2391 =
2011 2329 2196 2395 Eust.
2234 2328 2429 2409 1968,
2456 2330 2563 2398 40.
2590 2370 2677 2384 --

291 2437 866 2518 ἄλωπόχρους·
915 2435 944 2500 ὅ
993 2435 1224 2508 πολιός.

384 2541 852 2631 Corrigendum
911 2565 1045 2610 esse
1091 2544 1134 2608 ὦ
1151 2558 1192 2607 λ
1211 2552 1352 2624 φιτ
1368 2541 1401 2607 ό
1415 2568 1466 2625 χ
1481 2568 1511 2620 ρ
1530 2566 1558 2608 ο
1575 2568 1609 2607 υ
1628 2566 1657 2613 ς
1706 2548 2137 2624 (off—con),
2185 2547 2457 2630 spectari
2504 2548 2676 2612 enim

289 2650 740 2737 Aristophanis
778 2672 998 2717 vocem
1041 2650 1147 2732 (fr.
1176 2649 1371 2729 533):
1413 2649 1892 2731 ἀλφιτόχρωτος
1935 2655 2255 2730 κεφαλῆς,
2301 2672 2461 2736 quae
2483 2672 2676 2739 supra

291 2755 472 2835 84,9
541 2764 638 2823 est
701 2754 927 2835 allata,
992 2755 1212 2823 docuit
1257 2753 1457 2823 Cobet
1507 2756 1822 2823 Mnemos.
1878 2755 2051 2823 1856
2096 2778 2158 2841 p.
2212 2755 2341 2822 190
2389 2764 2455 2823 et
2500 2757 2671 2824 1861

287 2886 354 2952 p.
403 2862 511 2930 69.

386 3066 495 3148 85,
525 3067 564 3136 '7
611 3094 693 3122 =
741 3016 922 3134 said.
971 3098 1051 3124 =
1097 3068 1333 3135 Aneod.
1383 3068 1588 3135 Βοιὼ.
1639 3067 1793 3148 218,
1820 3066 1929 3134 29.
1993 3104 2078 3117 -
2142 3065 2404 3145 ἀλώπηξ
2463 3068 2674 3150 20.st

287 3176 694 3243 δοκεῒται·
759 3176 860 3241 ἐπὶ
926 3180 1041 3239 τῶν
1105 3175 1317 3258 ῥαδίως
1369 3173 1562 3255 δώροις
1611 3174 2048 3258 ἁλισκομένων.
2099 3182 2389 3255 Κρατῖνος
2438 3174 2668 3255 Νόμοις

283 3284 391 3364 (fr.
443 3281 600 3363 128)
613 3304 628 3321 ·

561 3388 724 3466 ὑμῶν
770 3382 1020 3465 εἷς-μὲν
1066 3383 1324 3457 ἕκαστος
1376 3382 1643 3464 ἀλώπηξ
1690 3385 2297 3467 δωροδοκεῖται.

382 3495 494 3559 Bis
556 3493 968 3561 scribendum
1024 3514 1159 3560 esse
1217 3492 1759 3574 δωροδοκείτω
1824 3500 2038 3560 censet
2096 3494 2310 3560 Naber
2352 3494 2670 3563 Mnemos.

292 3600 470 3669 1880
530 3623 594 3687 p.
644 3598 732 3666 23
755 3622 871 3686 sq„
934 3606 1082 3666 ante
1139 3600 1353 3683 ῥᾳδίως
1411 3606 1631 3665 autem
1677 3600 2091 3667 inserendum
2135 3620 2269 3666 esse
2315 3603 2455 3677 μὴ,
2505 3602 2671 3688 quod

284 3713 499 3775 exstat
557 3706 728 3793 apud
788 3705 1088 3785 Suidam3
1144 3727 1271 3772 non
1333 3708 1508 3772 enim
1556 3706 1741 3773 facile
1790 3707 1998 3793 decipi
2044 3706 2439 3794 vulpeculae.
2487 3706 2673 3775 Kook

285 3812 598 3894 δωροδοκεῖ
639 3836 702 3878 τι
751 3816 976 3878 tentat.
1024 3812 1110 3878 Et
1155 3814 1445 3879 activum
1493 3812 1753 3899 quidem
1798 3815 2040 3900 requiri
2085 3820 2331 3881 eertum
2380 3821 2497 3881 est.

378 3920 700 4007 Equidem
759 3926 982 4006 poetae
1045 3919 1238 3986 verba
1297 3922 1389 3986 sio
1434 3922 1651 4006 potius
1696 3919 2067 4007 intellegam
2088 3970 2106 3999 ‚
2153 3928 2229 3985 ut
2275 3927 2409 3987 tam
2455 3921 2672 3990 callidi

281 4048 482 4113 quam
517 4025 748 4113 vulpes
788 4026 1082 4092 dicantur
1119 4029 1542 4113 magistratus
1580 4027 2003 4093 Athenienses
2042 4026 2119 4092 ad
2152 4025 2315 4093 dona
2337 4030 2667 4115 captanda,

284 4135 512 4215 dubito
576 4138 792 4199 autem
851 4153 934 4198 an
975 4152 1200 4199 versus
1247 4136 1460 4198 exitus
1505 4132 1876 4198 scribendus
1920 4134 2009 4197 sit
2051 4133 2537 4214 δωροδοκῆσαι,
2588 4162 2668 4188 =

277 4240 602 4311 α’λώπεκές
652 4240 792 4305 ἐστε
842 4240 983 4319 πρὸς
1038 4241 1107 4305 τὸ
1158 4239 1578 4317 δωροδοκῆσαι.
1628 4238 1750 4305 Sed
1799 4239 2113 4304 eiusmodi
2160 4241 2316 4326 quid
2363 4244 2420 4306 si
2457 4240 2669 4307 voluit

285 4350 607 4425 comicus,
679 4345 844 4411 nihil
916 4346 1042 4411 huo
1109 4346 1263 4412 facit
1333 4344 1472 4411 οὔτε
1545 4346 1614 4410 τὸ
1684 4346 1895 4430 ῥᾳδίως
1960 4344 2099 4411 οὔτε
2164 4346 2235 4410 τὸ
2296 4348 2386 4425 μὴ
2449 4348 2661 4431 ῥᾳδίως

280 4452 680 4534 antennam,
729 4452 840 4520 sed
884 4472 1122 4520 errasse
1167 4452 1471 4521 dicendus
1515 4454 1640 4519 erit
1685 4454 2020 4539 interpres.
2068 4452 2293 4539 Itaque
2339 4454 2571 4537 ἐπέχω.
