3246 5085
653 283 694 348 6
1674 304 1985 354 nouimus.

650 469 822 534 binis
887 467 1202 533 columnis
1262 471 1447 534 iuxta
1492 470 1719 554 positis
1766 490 1841 534 ex
1890 468 2211 534 codicibus
2256 469 2767 549 transscriberet,
2814 469 3077 535 deinde

652 574 1185 640 Terentianorum
1246 596 1554 640 versuum
1617 575 1908 641 ordinem
1963 584 2220 642 secutus
2265 575 2708 656 confunderet;
2759 577 2827 643 id
2874 577 3073 662 quod

651 685 712 748 ei
759 704 886 747 non
937 703 1189 768 semper
1233 684 1524 767 contigit.
1574 681 1788 747 Simul
1834 685 2216 748 comissuras
2262 704 2457 769 quam
2504 686 2783 748 maxime
2830 681 3067 748 occul-

649 795 784 855 tare
834 793 1096 853 conatus
1145 794 1276 866 est,
1326 794 1400 852 ut
1446 789 1643 852 unius
1693 794 1757 853 et
1803 788 2113 873 simplicis
2162 793 2368 876 operis
2408 792 2687 875 speciem
2726 789 3019 854 efficeret
3038 810 3059 866 ;

648 896 914 960 fortasse
979 896 1177 959 etiam
1238 893 1364 959 alia
1425 893 1733 960 nonnulla
1794 895 1872 960 de
1918 916 2033 960 suo
2081 894 2343 962 addidit.
2410 893 2805 985 Compilator
2850 917 3015 960 vero
3036 943 3057 973 ,

655 1022 846 1080 „cum
911 1022 1023 1086 per
1085 1005 1388 1084 quattuor
1452 1000 1583 1080 (vel
1641 1003 1958 1086 quinque,
2022 1001 2263 1067 scilicet
2322 1002 2520 1066 Andr.
2581 1002 2745 1067 Eun.
2794 1001 3054 1066 Heaut.

651 1107 771 1172 Ad.
835 1106 992 1172 Hec.
1013 1127 1029 1182 3
1093 1108 1172 1172 cf.
1237 1127 1429 1191 supra
1491 1109 1526 1191 g
1571 1106 1684 1186 51)
1747 1107 1995 1173 fabulas
2058 1101 2125 1171 id
2172 1111 2408 1192 egisset
2454 1107 2709 1187 sedulo,
2758 1115 2833 1172 ut
2881 1108 3061 1174 duos

655 1215 1148 1279 commentarios
1211 1214 1278 1276 in
1341 1233 1543 1276 unum
1608 1214 2014 1278 concinnaret
2080 1218 2145 1278 et
2190 1217 2685 1291 contaminaret,
2730 1217 2799 1278 in
2846 1213 3067 1278 Phor-

654 1321 893 1384 mionis
956 1317 1019 1381 II
1085 1317 1123 1382 3
1195 1319 1445 1384 abiecta
1492 1319 1709 1384 subito
1758 1317 2074 1384 industria
2119 1321 2407 1404 integros
2453 1322 2705 1404 posuit,
2754 1322 3063 1405 primum

651 1425 927 1490 alterum
989 1445 1024 1488 a
1074 1446 1167 1489 vs.
1219 1421 1257 1490 7
1310 1431 1484 1502 (nam
1531 1425 1657 1488 huc
1703 1445 1907 1508 usque
1951 1427 2373 1490 contaminati
2420 1432 2597 1506 sunt)
2645 1425 2725 1490 ad
2781 1446 2876 1490 vs.
2930 1424 3050 1502 93,

651 1530 876 1596 deinde
941 1529 1220 1596 alterum
1260 1551 1297 1594 a
1343 1551 1437 1595 vs.
1490 1530 1526 1595 5
1578 1531 1658 1595 ad
1705 1552 1802 1596 vs.
1852 1529 1970 1609 93;
2024 1530 2251 1596 dehinc
2296 1535 2516 1596 autem
2564 1551 2725 1616 quae
2772 1552 3055 1617 sequun-

651 1643 761 1700 tur
807 1634 1051 1700 scholia
1099 1656 1300 1720 usque
1351 1635 1430 1700 ad
1477 1636 1672 1701 finem
1720 1635 2003 1712 fabulae,
2062 1658 2136 1702 ea
2182 1640 2275 1702 ita
2318 1645 2682 1722 comparata
2728 1642 2881 1702 sunt
2901 1686 2917 1715 ,
2968 1643 3055 1701 ut

656 1764 862 1808 unum
904 1743 1438 1807 commentarium
1480 1740 1767 1807 adhiberi
1805 1741 2168 1828 intellegas.
2213 1742 2418 1822 Quare
2456 1749 2704 1810 certum
2730 1749 2827 1808 est
2849 1743 3051 1808 Phor-

652 1850 887 1913 mionis
949 1853 1388 1912 commentum
1449 1847 1649 1912 fuisse
1701 1846 2047 1926 ultimum,
2105 1848 2184 1914 ad
2229 1849 2400 1934 quod
2446 1870 2595 1914 cum
2645 1851 3047 1935 pervenisset

653 1953 1051 2039 compilator,
1113 1952 1368 2017 fastidio
1431 1959 1731 2037 concepto
1794 1953 2193 2032 destituerit,
2260 1975 2454 2040 quam
2514 1969 2715 2040 usque
2784 1953 3047 2020 dederat

654 2058 958 2144 operam''
1025 2058 1327 2138 (Rabbow
1376 2079 1436 2142 p.
1489 2057 1647 2138 331)
1675 2056 1746 2137 ¹).
1811 2058 1982 2123 Hinc
2035 2062 2242 2145 igitur
2288 2062 2845 2126 numerosissimae
2889 2059 3051 2125 illae

652 2167 1082 2251 repetitiones,
1165 2164 1317 2228 hinc
1394 2184 1849 2249 saepenumero
1918 2167 2328 2250 perturbatus
2396 2165 2783 2231 scholiorum
2854 2166 3011 2230 ordo
3032 2214 3050 2242 ,

653 2272 802 2335 hinc
863 2291 1048 2354 porro
1109 2271 1275 2335 mira
1336 2268 1452 2334 illa
1513 2269 1592 2334 ad
1646 2269 1907 2335 Phorm.
1970 2269 2033 2335 II
2081 2269 2121 2336 3
2184 2273 2533 2336 commenti
2595 2271 2798 2336 forma
2818 2317 2834 2348 ,
2894 2271 3053 2336 hinc

656 2377 926 2460 denique
973 2377 1353 2440 rarescentis
1398 2375 1476 2440 ad
1525 2375 1793 2441 Phorm.
1836 2375 2082 2440 III—-V
2128 2377 2414 2442 scholia''
2445 2375 2517 2457 ²).

745 2481 1113 2548 Secundum
1145 2480 1322 2547 hanc
1367 2482 1576 2567 igitur
1612 2484 2044 2549 coniecturam
2082 2485 2416 2570 integrum
2451 2482 2688 2549 Donati
2725 2503 3045 2557 commen·

653 2596 799 2654 tum
867 2587 1209 2673 aliquando
1270 2589 1498 2672 periit,
1562 2607 1793 2672 nempe
1854 2595 1998 2653 tum
2060 2609 2210 2654 cum
2270 2590 2579 2655 incideret
2636 2592 2703 2653 in
2765 2590 3049 2655 duorum

655 2701 1098 2779 excerptorum
1162 2713 1427 2771 manus,
1490 2696 1603 2778 qui
1662 2714 1814 2758 cum
1874 2697 2187 2759 nimirum
2248 2715 2433 2779 saepe
2480 2695 2699 2760 eadem
2746 2694 2894 2759 inde
2942 2716 3051 2759 ex-

658 2807 984 2885 cerperent
1047 2820 1321 2884 cumque
1385 2804 1637 2884 postea,
1702 2798 1953 2864 saeculo
2018 2806 2220 2877 sexte,
2280 2800 2659 2885 compilator
2720 2802 2873 2866 haec
2936 2822 3046 2867 ex-

656 2913 904 2991 cerpta,
944 2907 1119 2970 varie
1158 2907 1523 2990 ceteroquin
1562 2905 1982 2990 interpolata,
2022 2907 2091 2969 in
2133 2926 2337 2970 unum
2364 2906 2571 2972 denuo
2596 2909 3043 2993 coniungeret,

656 3011 794 3076 fieri
852 3032 977 3075 non
1038 3012 1250 3095 potuit
1310 3012 1468 3095 quin
1528 3019 1859 3075 orerentur
1921 3013 2492 3095 repetitiones
2538 3015 3035 3077 numerosis-

657 3120 936 3182 simae.
1000 3114 1171 3180 Tum
1237 3114 1432 3179 ordo
1496 3119 1949 3180 commenti
2011 3118 2560 3202 perturbatus
2624 3120 2937 3202 repetitur
3000 3140 3039 3185 e

655 3224 899 3288 ratione
946 3242 1072 3306 qua
1118 3219 1501 3305 compilator
1546 3221 1674 3286 duo
1722 3219 1838 3285 illa
1886 3228 2200 3307 excerpta,
2250 3243 2398 3287 cum
2445 3222 2721 3287 aliorum
2765 3226 3046 3308 interpo-

654 3329 1002 3396 lationibus
1072 3348 1107 3393 e
1175 3326 1451 3393 duorum
1532 3326 1824 3393 codicum
1893 3328 2296 3413 marginibus
2366 3350 2673 3394 versuum
2748 3329 3040 3395 ordinem

724 3589 779 3648 1)
821 3586 877 3637 P.
915 3585 1178 3635 Rabbow
1224 3586 1282 3634 de
1316 3584 1492 3634 Donati
1527 3588 1797 3635 commento
1832 3585 1882 3635 in
1917 3585 2195 3636 Terentium
2229 3602 2355 3652 spec.
2390 3586 2569 3637 observ.
2606 3588 2834 3651 primum,
2869 3590 3042 3654 repeti-

653 3672 761 3719 tum
797 3684 853 3717 ex
885 3669 1008 3718 Anu.
1045 3667 1167 3733 phil.
1203 3670 1251 3717 ct
1285 3667 1420 3732 paed.
1454 3666 1548 3715 vol.
1585 3666 1707 3715 CLX
1754 3667 1893 3719 1807.

724 3750 780 3809 2)
834 3750 1019 3813 Nempe
1069 3748 1248 3797 scholis
1299 3764 1420 3813 quae
1465 3748 1710 3813 pertinent
1754 3750 1812 3797 sd
1860 3748 2166 3799 Phormionis
2209 3756 2343 3799 actus
2387 3750 2441 3798 11
2486 3765 2671 3799 scenam
2705 3750 2783 3799 111
2818 3749 2867 3799 in
2900 3750 3040 3803 libris

655 3832 868 3882 melioris
915 3834 1055 3881 notae
1100 3830 1358 3880 distributa
1404 3834 1514 3881 suut
1559 3831 1609 3880 in
1658 3832 1776 3880 duos
1823 3832 2029 3890 ordines,
2063 3847 2269 3895 quorum
2303 3832 2428 3882 alter
2460 3832 2670 3882 alterum
2706 3832 2894 3898 excipit.
2930 3834 3038 3885 Hos

655 3914 793 3963 Wes
811 3929 898 3963 sn.
951 3913 1086 3963 iuxta
1132 3914 1374 3977 ponendos
1421 3913 1611 3962 curavit
1661 3913 1906 3963 distinctos
1956 3913 2135 3963 litteris
2180 3915 2221 3963 A
2271 3917 2319 3963 et
2366 3916 2423 3963 B.
2460 3916 2531 3965 ef.
2568 3915 2726 3964 Praef.
2761 3916 2821 3963 ad
2855 3915 2945 3965 vol.
2982 3917 3037 3966 Π

655 4013 704 4063 p.
735 4010 788 4045 vx
823 4011 892 4060 sq.
943 3995 1246 4046 Scholiorum
1297 3995 1488 4044 ordines
1532 3994 1664 4044 inter
1713 4009 1763 4044 se
1807 3994 2117 4045 diversissimi
2162 4000 2287 4045 sunt.
2334 3996 2453 4045 Inde
2499 3995 2557 4045 ab
2604 4000 2714 4046 actu
2748 3996 2826 4045 111
2859 3996 3036 4047 scholis

655 4077 963 4128 Phormionis
996 4076 1150 4126 multo
1184 4076 1370 4126 rariora
1403 4079 1452 4125 et
1483 4076 1707 4126 breviora
1740 4080 1854 4126 sunt
1886 4093 2029 4141 quam
2065 4078 2123 4125 ed
2156 4086 2245 4127 act.
2284 4076 2311 4125 1
2342 4076 2394 4125 11
2422 4081 2470 4126 et
2498 4078 2557 4126 ed
2593 4077 2800 4142 reliques
2828 4077 3032 4139 fabulam

657 4159 768 4209 hinc
811 4162 918 4209 ort-s
963 4162 1034 4207 est
1078 4157 1299 4224 suspicio,
1345 4158 1709 4224 compilatorem
1754 4159 1877 4208 hanc
1922 4158 2132 4209 fabulam
2174 4164 2463 4225 postremam
2499 4162 2725 4227 tractasse
2759 4163 2810 4209 et
2841 4159 2945 4209 inde
2978 4160 3037 4210 ab

657 4246 766 4292 actu
811 4240 867 4289 11
912 4241 942 4290 3
985 4239 1146 4305 primo
1191 4241 1372 4290 scholis
1417 4241 1713 4291 describendi
1759 4241 1995 4291 rationem
2040 4245 2262 4302 mutasse,
2298 4240 2407 4291 dein
2440 4246 2489 4291 et
2523 4241 2581 4292 ab
2614 4246 2721 4293 actu
2757 4241 2836 4291 111
2868 4242 3043 4294 laboris

655 4324 813 4373 taedio
860 4323 1080 4371 defecisse
1125 4327 1174 4371 et
1223 4338 1278 4373 ex
1326 4323 1507 4376 duobus
1540 4323 1642 4373 illis
1674 4323 1909 4387 excerptis
1942 4326 2087 4387 (quse
2122 4339 2176 4372 ex
2212 4324 2300 4372 hac
2334 4324 2573 4389 imprimis
2608 4324 2895 4374 scholiorum
2926 4339 3035 4375 con-

653 4405 839 4455 dicione
853 4388 962 4454 ⁸sibi
994 4409 1301 4469 sumpserunt
1337 4404 1482 4455 Sabb.
1518 4404 1667 4455 Rebb.
1706 4421 1764 4454 en
1808 4405 2005 4467 Wessn.)
2040 4405 2248 4455 alterum
2282 4408 2473 4455 tantum
2506 4405 2821 4471 descripsisse.
