3246 5085
746 1072 891 1166 DE
942 1075 1249 1170 ENNII
1306 1075 2022 1172 FRAGMENTIS.

1261 1317 1510 1360 sompsrr

1038 1503 1098 1570 J.
1148 1503 1247 1570 W.
1311 1501 1744 1572 BIERMA.

1195 1809 1587 1852 -οοοο-οωοι-

1566 2065 1696 2117 Enna·
1729 2065 1887 2118 Pone
1920 2068 2180 2134 Reliquiae.
2231 2068 2428 2120 Iteratis
2461 2068 2590 2120 curin

1507 2149 1745 2200 recensuit
1789 2149 2067 2202 Ionamus
2095 2151 2330 2203 Vsum.
2383 2149 2590 2218 Lipsiae,

1502 2232 1564 2282 G.
1596 2230 1815 2282 Teubner
1852 2233 1997 2284 1908.

298 2426 500 2494 Editio
570 2425 771 2493 altera
838 2428 1353 2514 fragmentorum
1416 2427 1890 2507 Ennianorum,
1951 2448 2148 2514 quam
2213 2431 2470 2494 curavit
2533 2427 2590 2494 Ι.

226 2531 474 2613 Vahlen,
516 2541 705 2621 poeta
741 2534 861 2600 hoc
898 2540 963 2600 et
1000 2536 1443 2601 vetustissimo
1482 2541 1549 2601 et
1588 2537 2044 2602 venustissimo
2085 2558 2344 2622 prorsus
2367 2535 2592 2624 digna.
2633 2521 2636 2523 Α

226 2639 282 2705 Si
337 2662 459 2727 qua
519 2644 586 2705 in
646 2662 722 2707 ea
781 2644 1151 2707 etiamnunc
1198 2640 1547 2720 desideres,
1594 2641 1767 2727 quod
1815 2642 2087 2708 hnmani
2128 2644 2378 2730 ingenii
2424 2662 2586 2729 opus

223 2748 299 2812 ita
352 2746 721 2814 absolutum
781 2751 915 2825 est,
978 2752 1055 2812 ut
1108 2746 1273 2811 nihil
1315 2750 1383 2812 in
1430 2769 1505 2813 eo
1550 2749 1740 2834 argui
1787 2745 2034 2835 possit?
2097 2746 2192 2813 De
2240 2750 2320 2813 iis
2365 2754 2586 2813 autem

225 2873 359 2937 quae
414 2856 483 2919 in
544 2853 665 2919 hoc
724 2852 890 2918 libro
948 2873 1075 2918 non
1121 2856 1215 2917 ita
1261 2853 1427 2918 mihi
1474 2851 1842 2939 placebant,
1894 2874 2045 2919 cum
2091 2855 2222 2918 iam
2269 2851 2398 2918 alio
2427 2851 2586 2943 ⁴loco

224 2962 419 3046 scripsi
448 2958 517 3043 ¹),
580 2966 725 3026 tum
784 2960 891 3025 hic
942 2981 1105 3047 quae
1149 2962 1219 3025 in
1266 2959 1673 3047 disponendis
1719 2960 2103 3048 fragmentis
2151 2962 2368 3025 minus
2412 2964 2584 3026 recte

226 3067 365 3132 mihi
408 3068 633 3133 fecisse
680 3066 887 3132 editor
930 3066 1208 3146 videtur,
1258 3072 1654 3134 tractaturus
1697 3088 1842 3133 sum
1863 3117 1880 3148 ,
1921 3066 2228 3134 nonnulla
2264 3068 2485 3133 critica
2525 3071 2591 3133 et

228 3176 528 3261 exegetica
580 3172 809 3239 deinde
855 3172 1243 3239 adiecturus.

298 3392 365 3459 In
408 3394 775 3481 fragmento
827 3390 955 3460 157
994 3390 1050 3475 ⁸)
2112 3474 2116 3479 ,

562 3500 647 3565 Et
694 3500 801 3587 qui
844 3507 1047 3565 sextus
1096 3507 1227 3565 era-t
1272 3500 1495 3566 Romae
1540 3522 1794 3585 reynare
1838 3501 2178 3588 quadratae

228 3609 461 3673 omnino
529 3627 792 3672 securus
855 3626 991 3672 esse
1049 3606 1256 3672 editor
1317 3606 1594 3685 videtur,
1647 3609 1759 3692 qui
1805 3608 2248 3693 fragmentum
2297 3607 2468 3693 quod
2514 3607 2594 3673 ad

227 3719 455 3779 sextum
494 3734 717 3799 regem
757 3716 1137 3799 pertineret,
1176 3716 1243 3777 in
1285 3716 1477 3779 tertio
1516 3712 1684 3780 libro
1727 3714 2155 3781 collocaverit.
2204 3714 2291 3778 At
2325 3712 2594 3779 traditae

229 3826 357 3885 sunt
410 3822 481 3884 in
545 3840 666 3884 ms.
732 3816 909 3884 Festi
967 3818 1221 3885 litterae
1284 3826 1342 3883 et
1386 3819 1521 3906 quie
1568 3826 1662 3884 est
1705 3828 1836 3885 erat
1881 3822 1962 3885 R.
2021 3819 2192 3885 Hinc
2239 3818 2592 3884 Salmasius

232 3925 429 3991 elicuit
488 3933 546 3989 et
606 3925 712 4011 qui
764 3948 825 3989 ee
886 3933 1112 4009 sperat,
1176 3923 1289 3991 alii
1336 3925 1483 3992 alia.
1533 3927 1708 3992 Mihi
1751 3925 2078 4013 paulisper
2123 3926 2338 3990 arrisit
2385 3932 2442 3989 et
2487 3924 2594 4010 qui

234 4032 487 4111 desierat,
552 4031 661 4097 sed
706 4052 807 4097 res
852 4033 1049 4097 nimis
1096 4034 1368 4113 incerta,·
1418 4031 1611 4120 longe
1664 4054 1812 4098 vero
1855 4033 2158 4097 incertior
2203 4028 2381 4097 locus
2427 4030 2596 4118 frag-

232 4140 408 4203 menti
450 4139 589 4203 eius
607 4186 624 4216 ,
673 4140 777 4203 cui
824 4142 1188 4205 coniectura
1225 4160 1451 4205 sensus
1497 4143 1583 4205 sit
1631 4137 2086 4205 restituendus.

299 4414 347 4479 1)
376 4416 593 4466 Muscam
628 4412 742 4475 XII,
777 4416 823 4464 6.

300 4496 348 4562 2)
374 4498 546 4562 Sequor
580 4512 803 4547 numeros
837 4496 909 4547 ed.
944 4496 1032 4547 alt.
1067 4496 1293 4547 Vahleni.
