3246 5085
1284 350 1600 400 nonnus.
2337 341 2350 352 ’
2510 333 2643 401 307

349 516 439 585 IV
488 517 608 583 5.1
688 517 959 598 Quietus
1004 521 1139 583 esto

358 624 716 707 „Quietus”
776 624 843 690 id
905 631 1001 690 est
1052 643 1347 690 securus:
1396 625 1474 690 ab
1520 646 1594 691 eo
1641 625 1809 711 quod
1855 625 2178 713 praecedit
2223 625 2289 690 id
2339 624 2508 710 quod
2559 647 2650 690 se-

254 734 500 818 quitur.
553 730 651 799 Of.
700 751 892 818 supra
937 731 1015 796 ad
1060 731 1226 796 Eun.
1277 730 1364 797 IV
1417 730 1478 797 6.
1510 729 1621 798 24.

354 947 411 1013 V
457 947 519 1014 2.
549 946 589 1011 3
659 947 759 1013 Ita
803 947 1050 1034 fugias,
1098 967 1179 1012 ne
1224 951 1475 1033 praeter
1522 967 1769 1026 casam,
1815 953 1892 1012 ut
1939 950 2122 1014 aiunt

358 1054 519 1120 Don.
582 1053 680 1135 (1)
738 1053 839 1119 Ita
890 1054 1137 1140 fugito,
1187 1074 1267 1118 ne
1313 1055 1786 1138 praetermittas
1832 1075 2043 1120 casam
2092 1061 2310 1133 tuam,
2361 1075 2521 1141 quae
2569 1057 2655 1120 sit

258 1163 389 1227 tibi
447 1162 852 1225 tutissimum
908 1157 1403 1245 receptaculum.
1548 1157 1722 1225 Huic
1768 1158 2282 1246 simplicissimae
2327 1161 2654 1246 proverbii

259 1269 651 1335 enarrationi
708 1265 1133 1351 Interpolator
1194 1265 1351 1332 duas
1413 1268 1753 1351 supposuit
1809 1269 2060 1352 ineptas
2122 1267 2274 1332 has:
2355 1267 2452 1348 (2)
2520 1269 2653 1332 Aut

254 1377 354 1440 ita
416 1373 663 1460 fugias,
723 1393 803 1438 ne
862 1378 1220 1458 praetereas
1282 1392 1493 1436 casam
1544 1376 1725 1437 tuam
1747 1419 1764 1451 ,
1813 1373 1926 1438 ubi
1973 1372 2283 1439 custodiri
2331 1375 2542 1460 magis
2588 1379 2654 1438 et

256 1479 573 1568 prehendi
618 1479 724 1544 fur
769 1485 834 1544 et
878 1477 1154 1545 mulcari
1198 1478 1566 1544 verberibus
1604 1484 1836 1565 potest.
1886 1477 1980 1561 (3)
2028 1481 2162 1545 Aut
2201 1480 2469 1545 verbum
2521 1485 2656 1544 erat

257 1589 470 1673 ipsius
516 1585 799 1652 custodis
844 1579 1054 1651 furem
1101 1587 1491 1671 exagitantis
1535 1591 1600 1651 et
1645 1587 1888 1650 interea
1924 1585 2348 1671 prohibentis,
2390 1607 2469 1651 ne
2509 1590 2656 1651 ante

260 1714 477 1760 casam
524 1698 836 1771 transeat,
885 1713 965 1757 ne
1008 1692 1077 1756 in
1124 1691 1580 1779 praetereundo
1629 1695 1827 1779 etiam
1872 1691 2020 1758 inde
2065 1691 2310 1779 aliquid
2355 1694 2585 1778 rapiat.

357 1800 907 1886 Eugraphius
954 1821 1081 1864 non
1120 1801 1339 1863 minus
1378 1798 1706 1864 mirabile:
1751 1797 2033 1887 „Fugias
2070 1821 2193 1866 non
2235 1804 2380 1865 ante
2420 1820 2654 1880 casam,

263 1905 379 1973 sed
434 1909 501 1971 in
548 1927 757 1972 casam
777 1926 794 1984 ;
844 1907 1015 1970 enim
1062 1903 1342 1971 stultum
1389 1910 1519 1984 est,
1569 1925 1718 1970 cum
1767 1905 2091 1971 auxilium
2135 1907 2366 1972 habere
2414 1907 2653 1993 possis,

267 2019 418 2080 ante
479 2011 659 2078 illam
721 2012 981 2098 fugere,
1044 2033 1170 2076 non
1230 2013 1297 2077 in
1359 2009 1583 2094 illam3
1645 2013 1872 2096 utique
1918 2014 2091 2077 enim
2141 2011 2457 2078 auxilium
2507 2017 2656 2078 tuae

269 2119 503 2186 domus
562 2118 749 2184 debes
810 2123 1061 2204 petere,
1123 2138 1251 2183 non
1315 2115 1673 2184 alienum”.
1739 2115 1906 2184 Cum
1970 2118 2073 2183 his
2121 2139 2420 2204 compara
2465 2119 2657 2185 Pom·

265 2228 489 2313 peium
554 2221 664 2307 (G.
706 2223 777 2290 L.
829 2223 882 2288 V
930 2222 1124 2305 311):
1191 2222 1420 2289 Nescio
1466 2225 1577 2308 qui
1625 2229 1784 2309 puta
1830 2223 1936 2289 fur
1979 2226 2198 2310 rapuit
2243 2226 2454 2290 nescio
2500 2225 2658 2310 quid

264 2339 331 2398 et
393 2332 567 2418 fugit
626 2337 772 2396 ante
832 2329 1100 2396 domum
1158 2331 1296 2395 eius
1356 2331 1462 2394 cui
1524 2335 1856 2414 rapuerat,
1920 2337 1991 2396 tu
2054 2330 2212 2397 dicis
2273 2329 2438 2397 illud
2487 2331 2658 2418 quod

263 2439 553 2526 legimus
596 2440 663 2502 in
711 2435 1008 2502 Terentio
1054 2438 1189 2514 „ita
1240 2435 1285 2500 f.
1335 2457 1397 2500 n.
1449 2457 1511 2522 p.
1560 2437 1684 2502 c.’'.

365 2531 739 2632 Georges
786 2544 1008 2625 (Otto
1069 2545 1145 2610 A.
1210 2544 1252 2608 f.
1302 2541 1374 2609 L.
1403 2541 1475 2609 L.
1526 2541 1581 2609 V
1631 2542 1698 2625 9)
1746 2565 1897 2610 cum
1943 2544 2190 2611 Donato
2238 2535 2504 2624 „Fliehe
2551 2569 2657 2626 so,

266 2654 413 2720 dass
458 2652 544 2718 du
588 2652 768 2718 nicht
816 2672 893 2717 an
942 2650 1053 2717 der
1098 2651 1457 2737 bergenden
1508 2650 1716 2716 Hiitte
1763 2653 1987 2717 vorbei
2033 2658 2286 2731 renuet,
2336 2652 2465 2719 d.i.
2516 2653 2658 2719 dass

198 2824 205 2831 .
265 2761 356 2825 du
404 2758 581 2825 nicht
629 2780 747 2825 vor
782 2758 961 2823 Eifer
996 2780 1075 2823 zu
1112 2758 1526 2823 entkommen
1569 2757 1716 2822 dem
1756 2758 2183 2844 eigentlichen
2221 2757 2659 2845 Zielpunktsl)

269 2866 489 2932 deiner
548 2864 782 2930 Fluoht
842 2862 1214 2929 verfehlst'’.
1279 2862 1652 2929 Sloman:
1721 2863 1836 2941 „In
1900 2867 2186 2951 running
2231 2885 2434 2952 away,
2483 2864 2660 2929 don't

268 2994 417 3061 pass
482 2973 592 3038 the
660 2972 860 3037 house
932 2973 1001 3051 (i.
1028 2992 1083 3036 e.
1144 2992 1312 3058 your
1373 2970 1764 3049 master's)'’‚
1827 2970 1933 3037 vel
2000 2970 2220 3049 „don’t
2280 2992 2428 3057 pass
2489 2992 2660 3058 your

270 3080 579 3168 shanty'’.
628 3077 1030 3145 Dziatzko
1072 3080 1180 3143 vix
1220 3083 1424 3143 recte:
1472 3077 1668 3156 „Wer
1705 3078 1880 3144 einer
1918 3076 2160 3145 Gefahr
2199 3077 2399 3144 durch
2423 3077 2660 3144 Flucht

270 3189 411 3255 sich
458 3210 537 3253 zu
583 3187 913 3253 entziehen
958 3186 1185 3264 sucht,
1234 3184 1359 3251 soll
1393 3184 1668 3251 zusehen
1691 3234 1707 3263 ,
1759 3184 1902 3250 dass
1942 3206 2010 3251 er
2047 3184 2228 3251 nicht
2264 3184 2449 3250 dabei
2487 3188 2660 3251 seins

267 3295 665 3380 Behausung
724 3292 843 3358 den
892 3294 1209 3379 etwaigen
1258 3290 1634 3378 Verfolgern
1682 3291 2023 3359 iiberlasse.
2093 3291 2223 3358 Das
2269 3290 2664 3380 Sprichwort

265 3404 355 3467 ist
416 3399 748 3468 vielleicht
809 3400 1021 3465 einem
1085 3399 1511 3466 verbreiteten
1555 3398 2002 3486 Kinderspiele
2050 3398 2404 3465 entlehnt’'.
2478 3399 2662 3467 Hanc

268 3509 869 3595 interpretationem
926 3507 1228 3592 probavit
1288 3504 1519 3586 Otto,
1584 3507 1754 3594 quod
1814 3509 2034 3588 miror,
2097 3528 2248 3574 cum
2307 3510 2463 3573 scite
2507 3510 2662 3576 citet

273 3613 595 3683 Graecum
640 3614 1088 3701 proverbium:
1137 3611 1279 3678 οἴκοι
1332 3615 1658 3691 γενοίμην
1709 3614 1808 3678 ἐπὶ
1859 3621 1976 3680 τῶν
2022 3614 2326 3697 ἐκφυγεῖν
2368 3617 2452 3679 τὰ
2492 3614 2660 3681 δεινὰ

272 3722 655 3803 εὖχομένων;
715 3726 1002 3787 ceterum
1048 3741 1171 3785 non
1220 3740 1258 3788 a
1302 3718 1539 3805 puerili
1583 3719 1738 3786 ludo
1786 3720 1894 3785 sed
1941 3741 1976 3786 e
2022 3742 2088 3787 re
2134 3718 2405 3785 militari
2451 3726 2662 3801 (casa

266 3831 313 3896 i.
341 3852 395 3896 e.
462 3832 695 3909 castra)
760 3827 1176 3913 desumptum
1223 3847 1360 3892 esse
1410 3832 1614 3912 putat.
1663 3826 1843 3893 Idem
1894 3832 2108 3892 tamen
2156 3829 2388 3892 merito
2436 3827 2663 3913 probat
2749 3886 2763 3907 ,

273 3936 511 4011 Donati
554 3936 1149 4020 interpretationem
1196 3932 1275 3998 ad
1321 3954 1416 3998 vs.
1470 3932 1541 3997 1:
1595 3933 1941 4014 „Quat-itur
1988 3932 2064 3998 de
2111 3954 2177 3998 se
2223 3953 2447 4013 senex,
2493 3933 2662 4019 quod

272 4043 428 4108 dum
476 4042 653 4107 avari
698 4041 1036 4106 infamiam
1081 4039 1292 4125 fugit,
1341 4038 1525 4105 stulti
1572 4038 2129 4125 reprehensionem
2175 4038 2568 4105 incidisset''.

363 4149 697 4215 Nimirum
758 4147 1173 4233 proverbium
1236 4167 1341 4211 eos
1403 4148 1640 4231 carpit,
1706 4148 1852 4232 qui,
1917 4144 2073 4210 dum
2123 4144 2411 4233 Scyllam
2458 4150 2662 4213 vitare

271 4254 663 4323 contendunt
724 4253 1132 4319 festinatione
1196 4259 1259 4318 et
1321 4254 1558 4317 mentis
1619 4253 1944 4317 anxietate
1988 4272 2061 4318 ac
2108 4257 2368 4338 stupore
2415 4254 2664 4340 abrepti

268 4364 339 4429 in
386 4360 783 4449 Charybdim
831 4362 1192 4425 incurrunt.
