3246 5085
1124 394 1211 440 nn
1254 390 1575 441 nummus
1620 392 1937 441 pilumnoe.
2575 372 2708 441 373

312 580 447 645 qua
507 557 796 645 adigitur
855 556 1233 643 Euripides,
1282 562 1359 622 ut
1403 559 1471 622 in
1519 556 1938 623 describendo
1987 557 2164 624 caelo
2216 557 2491 637 stellato,
2540 559 2708 645 qnod

309 672 499 731 tanta
557 664 713 731 colit
772 666 1163 742 reverentia,
1230 666 1427 729 etiam
1496 670 1689 749 atque
1751 666 1946 751 etiam
1997 664 2074 729 ad
2125 662 2377 731 easdem
2424 672 2708 731 recurrat

304 774 652 858 imagines.
702 768 947 837 Cursus
993 791 1244 855 semper
1290 774 1441 837 sunt
1489 775 1555 835 et
1600 771 1867 836 choreae
1916 770 2232 849 siderum,
2283 792 2444 857 quae
2482 774 2538 837 si
2576 794 2706 837 non

307 900 507 945 curru
546 879 891 957 vehuntur,
933 876 1202 943 saltant:
1246 878 1551 956 τέθριππα
1589 883 1741 942 sunt
1781 874 2043 955 ἅρματα
2086 876 2297 942 Ἠλίου
2321 876 2495 959 (Η61.
2523 877 2702 960 341),

306 982 536 1056 ἵππους
587 983 825 1048 ἐλαύνει
869 982 981 1049 Sol
1019 982 1113 1064 (Io
1158 982 1381 1063 1145),
1420 981 1577 1048 alati
1617 984 1758 1047 eius
1795 988 1927 1049 tam
1968 985 2117 1069 equi
2157 982 2282 1063 (El.
2309 982 2468 1065 464)
2508 1006 2704 1071 quam

306 1111 537 1157 currus
598 1088 732 1171 (Or.
790 1088 981 1170 100);
1040 1088 1225 1174 Luna
1286 1089 1459 1175 bigis
1518 1088 1854 1153 invehitur
1915 1088 2011 1169 (Io
2063 1087 2288 1171 1164),
2351 1092 2511 1156 item
2559 1090 2704 1156 Nox

303 1196 545 1278 μακρὸν
584 1195 875 1273 ἵππευμα
918 1195 1111 1260 διώκει
1153 1196 1256 1275 (fr.
1295 1195 1485 1276 114);
1532 1195 1781 1260 Aurora
1818 1195 2167 1271 μονόπωλος
2193 1202 2290 1261 est
2313 1196 2446 1275 (Or.
2479 1196 2701 1278 1000),

304 1303 422 1370 sed
465 1305 776 1369 maritum
827 1304 963 1367 eius
1008 1301 1278 1381 ἀστέρων
1323 1302 1643 1380 τέθριππος
1692 1300 1951 1381 χρύσεος
2000 1301 2146 1383 ὄχος
2193 1304 2262 1365 111
2297 1301 2545 1368 caelum
2587 1302 2704 1369 tol-

303 1410 394 1475 lit
455 1409 709 1489 (Troad.
760 1407 943 1488 856).
1006 1444 1089 1457 —-·
1156 1406 1393 1474 Contra
1455 1405 1776 1487 βαδίζουσι
1825 1406 1936 1473 Sol
1985 1414 2174 1494 atque
2220 1406 2407 1473 Luna
2455 1409 2702 1474 Phoen.

307 1515 465 1595 542,
513 1516 721 1582 Sirius
766 1514 967 1580 ἀίσσει
1011 1514 1153 1601 Iph.
1195 1516 1273 1580 A.
1318 1514 1378 1593 7,
1423 1514 1762 1593 δραμοῦσαι
1804 1514 2133 1580 Peleiades
2171 1520 2324 1580 sunt
2364 1515 2470 1581 Or.
2504 1514 2698 1581 1000.

302 1622 478 1688 Tum
522 1622 691 1687 Solis
730 1643 922 1708 equos
962 1620 1167 1687 alatos
1208 1619 1307 1687 El.
1347 1619 1479 1686 464
1520 1624 1914 1686 comitantur
1953 1620 2189 1700 ἄστρων
2229 1622 2465 1699 αἰθέριοι
2506 1620 2698 1702 χόροι,

302 1737 375 1795 et
436 1728 692 1795 tandem
756 1730 823 1793 in
884 1728 1034 1794 Ione
1101 1726 1275 1795 1077
1339 1728 1557 1795 vivide
1618 1735 1807 1814 poeta
1867 1727 2161 1815 depingit
2221 1726 2505 1806 caelum,
2571 1748 2700 1793 una

300 1858 455 1903 cum
516 1834 903 1901 mortalibus
961 1834 1174 1901 Iacchi
1232 1836 1391 1902 festa
1453 1824 1765 1901 nocturna
1827 1833 2150 1901 celebrans
2203 1832 2344 1915 „Si-e
2397 1835 2500 1901 καὶ
2552 1837 2696 1908 Διὸς

301 1942 653 2022 ἀστερωπὸς
706 1941 1110 2022 ἀνεχόρευσεν
1156 1942 1350 2021 αἰθήρ,
1387 1942 1638 2021 ,χορεύει
1689 1940 1750 2005 δὲ
1801 1940 2124 2007 Σελάνα”.

398 2048 491 2116 De
538 2049 885 2136 fragmenti
932 2046 1064 2113 594
1109 2048 1389 2114 dictione
1438 2050 1550 2115 vix
1600 2044 1791 2134 agere
1840 2068 2102 2133 possum
2149 2048 2274 2112 nisi
2323 2046 2524 2113 simul
2563 2068 2698 2114 sen-

300 2157 578 2222 tentiam
624 2153 1281 2242 meteorologiamque
1312 2156 1367 2219 si
1406 2174 1532 2240 qua
1572 2160 1671 2219 est
1709 2152 2038 2239 Euripidis
2077 2155 2401 2240 attingens
2413 2173 2432 2232 3
2475 2156 2695 2241 itaque

304 2262 387 2327 de
449 2261 763 2327 adiectivo
830 2262 1129 2347 ἀκαμας,
1192 2261 1269 2327 (16
1330 2282 1403 2327 66
1467 2260 1634 2347 quod
1700 2266 1798 2325 est
1862 2258 2078 2325 ἀέναον
2126 2262 2360 2341 ῥεῦμα,
2414 2260 2490 2326 (16
2538 2282 2694 2327 voce

301 2367 657 2439 ὧκύπλανος
727 2389 855 2433 11611
908 2388 1120 2453 agam.
1184 2365 1373 2431 Nunc
1426 2366 1702 2432 sufficiat
1756 2387 2016 2433 monere
2072 2366 2266 2433 verba
2313 2366 2692 2436 ὧκυπλοίνοις

297 2476 622 2556 πτερύγων
690 2478 898 2556 ῥιπαῖς
978 2479 1193 2541 sumta
1262 2496 1397 2541 esse
1458 2473 1658 2539 simul
1719 2495 1798 2539 ex
1863 2473 2181 2563 Aeschylo
2243 2496 2314 2540 ac
2378 2474 2690 2554 Pindaro,

298 2604 460 2669 quos
504 2584 758 2670 saepius
794 2587 1074 2647 sectatus
1115 2587 1211 2647 est
1250 2579 1608 2666 Euripides.
1660 2580 2011 2670 Coniunxit
2049 2584 2222 2647 enim
2258 2581 2690 2669 Aeschyleum

296 2689 544 2770 (Prom.
612 2687 768 2770 126)
830 2689 1135 2770 ἐλαφραῖς
1202 2688 1526 2769 πτερύγων
1587 2691 1794 2768 ῥιπαῖς
1860 2694 1926 2754 et
1987 2687 2404 2754 Pindaricum
2461 2688 2687 2774 (Pyth.

297 2795 362 2861 4.
393 2795 553 2881 346)
598 2794 934 2876 ὠκυπόρους
980 2796 1271 2872 κυμάτων
1310 2797 1543 2876 ῥιπαῖς.
1586 2795 1943 2864 ὦκύπλανος
1985 2799 2203 2861 autem
2243 2799 2347 2875 (ex
2387 2794 2685 2882 analogia

292 2902 802 2991 Aeschyleorum
850 2903 1239 2977 τηλέπλανος
1287 2900 1685 2973 πολύπλανος
1734 2901 2112 2981 formatum)
2161 2900 2332 2966 baud
2387 2903 2682 2987 ineptum

292 3015 395 3076 est
441 3010 517 3076 de
566 3010 879 3075 sideribus
925 3011 1180 3075 etiamsi
1228 3008 1305 3073 (16
1339 3007 1615 3092 planetis
1662 3007 1908 3073 dictum
1957 3029 2089 3073 non
2135 3009 2240 3074 sit.

384 3115 531 3182 Non
594 3116 877 3183 alienum
941 3122 1062 3182 est-
1096 3115 1294 3182 simul
1353 3135 1611 3181 mouere
1669 3113 1754 3181 'de
1816 3114 2133 3181 adiectivo
2193 3113 2424 3195 πλήρης
2491 3113 2684 3194 (594²

291 3223 561 3306 ῥεύματι
620 3225 881 3306 πλήρης)
943 3222 1115 3310 quod
1175 3243 1324 3288 cum
1389 3221 1643 3300 dative,
1713 3228 1787 3288 ut
1849 3221 1990 3300 hic,
2052 3227 2273 3287 contra
2333 3220 2681 3308 vulgatum

290 3351 490 3395 usum
560 3331 974 3396 coniunctum
1042 3328 1355 3395 habemus
1422 3330 1491 3393 in
1560 3327 1792 3394 Bacch.
1857 3327 1963 3408 18,
2035 3330 2206 3394 sicut
2276 3328 2548 3395 verbum
2615 3331 2684 3395 in

295 3435 491 3502 Herc.
543 3433 695 3502 372.

387 3542 733 3608 Extremus
781 3541 977 3606 huius
1017 3541 1364 3626 fragmenti
1411 3561 1638 3607 versus
1685 3540 1788 3605 τὸν
1837 3539 2239 3605 Ἀτλάντειον
2287 3545 2525 3619 τηροῦσι
2575 3541 2683 3608 πό-

292 3666 401 3714 λον
462 3651 603 3734 (qui
666 3650 953 3713 numeris
1015 3667 1293 3733 sonoque
1353 3647 1429 3712 fr.
1498 3645 1654 3713 839.
1687 3647 1767 3712 11
1827 3647 1912 3721 εἷς
1981 3645 2246 3728 οὐράνιον
2295 3646 2488 3712 πάλιν
2539 3644 2680 3721 ἦλθε

292 3755 483 3821 πόλον
546 3757 613 3820 111
676 3757 1055 3821 memoriam
1119 3759 1400 3835 revocat)
1462 3753 1887 3821 conferendus
1949 3759 2048 3820 est
2109 3774 2258 3819 cum
2318 3753 2452 3821 Ion.
2508 3749 2681 3818 1154

294 3861 410 3928 ubi
455 3860 837 3928 describitur
880 3857 1097 3940 ἄρκτος
1146 3864 1499 3942 στρέφουσα
1549 3862 1761 3941 οὐραῖα
1810 3862 2079 3940 χρυσήρη
2129 3859 2316 3941 πόλῳ.
2432 3871 2442 3880 ’

1454 4089 1526 4154 V.

382 4290 892 4356 Praemunienda
930 4295 1067 4355 erat
1106 4291 1213 4356 via
1248 4309 1327 4354 ne
1351 4288 1427 4354 de
1450 4286 1663 4354 indole
1686 4309 1758 4354 ac
1783 4290 2098 4355 sententia
2123 4289 2377 4356 fabulae
2402 4290 2710 4359 Pirithoi*

290 4397 689 4482 disputantes
731 4398 949 4461 inania
992 4394 1209 4461 moliri
1250 4395 1636 4475 videremur,
1683 4416 1834 4462 cum
1875 4395 2172 4482 Euripidi
2209 4396 2680 4464 vindicaremus

290 4502 507 4590 qualia
566 4524 645 4568 ne
704 4501 1000 4570 dictionis
1059 4503 1321 4588 quidem
1368 4502 1575 4567 forma
1620 4507 1810 4589 atque
1857 4508 2118 4569 externa
2165 4503 2680 4591 fragmentorum
