3246 5085
629 323 766 390 224
1672 339 1987 390 nonnus.

718 507 925 574 Verba
983 509 1076 573 ita
1135 505 1611 592 interpretanda
1676 511 1826 570 sunt
1885 511 1963 571 ut
2024 505 2339 571 Phaedria
2400 505 2648 572 Dorum
2706 526 2747 571 a
2804 504 3015 572 latere

625 618 868 682 iterum
937 635 1169 701 negare
1231 613 1487 691 iubeat,
1552 613 1724 698 quod
1785 615 1917 680 iam
1980 611 2179 677 semel
2240 615 2524 699 negavit.
2665 613 2827 679 Don.
2881 613 3020 693 (1):

633 720 1001 800 „Rursum”
1061 742 1185 786 non
1249 720 1326 786 ad
1389 720 1705 806 „negato”
1768 721 2079 804 pertinet,
2128 719 2237 785 sed
2283 720 2363 785 ad
2407 707 3024 806 interrogationem,

629 836 705 894 ut
743 832 860 893 sit:
912 849 1176 907 „rursus
1221 830 1549 912 interrogo
1592 825 1722 892 te”.
1863 825 1962 891 IP
2002 825 2133 906 (2):
2181 825 2551 904 „Rursum”
2602 833 2829 892 retro
2862 826 2911 907 ¹)
2954 826 3030 890 id

627 941 724 1001 est
795 939 926 1011 (e)
995 935 1433 1000 contrario
1505 953 1575 998 ac
1649 954 1763 1018 per
1832 933 1985 998 hoc:
2064 937 2498 1010 „contrarium
2570 933 3023 1019 superioribus

629 1040 892 1106 dicito''.

719 1148 1002 1232 Uterque
1047 1149 1321 1224 erravit,
1371 1143 1480 1210 sed
1527 1143 1755 1211 Editor
1798 1148 2169 1231 graviorem
2220 1144 2455 1211 verbis'
2481 1146 2619 1211 vim
2657 1144 2912 1210 intulit.

720 1253 881 1319 Ibid.
933 1252 1018 1317 53
1045 1273 1140 1339 sq.
1460 1329 1468 1339 ,
2047 1251 2147 1316 'Pu
2193 1250 2337 1336 pol,
2386 1253 2442 1316 si
2490 1253 2695 1336 sapis,

763 1359 947 1440 Quod
985 1362 1108 1424 scis
1147 1360 1380 1436 nescis,
1423 1378 1628 1444 neque
1669 1358 1745 1423 de
1784 1358 2074 1423 eunucho
2113 1379 2319 1443 neque
2357 1357 2433 1423 de
2473 1360 2636 1422 vitio
2679 1359 2955 1442 virginis

718 1467 1051 1532 Habemus
1115 1464 1505 1547 scholiorum
1571 1463 1842 1530 triades:
1910 1463 1996 1529 53
2022 1463 2118 1546 (3)
2177 1463 2323 1530 Non
2377 1484 2721 1551 possumus
2773 1466 3031 1529 nescire

627 1573 799 1659 quod
865 1575 1134 1652 scimus;
1207 1575 1318 1637 sed
1380 1574 1473 1636 ita
1541 1591 1689 1636 sane
1764 1571 2134 1648 „concordia
2196 1571 2475 1636 discors''
2540 1570 2724 1651 (Hor.
2790 1569 3023 1651 Luc.);

627 1679 950 1766 Vergilius
1001 1681 1458 1764 „sequiturque
1507 1677 1921 1763 sequentem''
1976 1678 2111 1758 (11.
2141 1675 2319 1758 695).
2416 1676 2501 1742 54
2528 1676 2622 1758 (3)
2669 1676 2743 1741 In
2792 1675 3028 1742 Heau-

625 1789 1174 1853 tontimorumeno
1234 1787 1480 1863 „nescis
1540 1783 1709 1869 quod
1756 1786 1915 1858 scis,
1968 1783 2245 1862 Dromo,
2295 1787 2350 1849 si
2398 1785 2608 1870 sapis”
2657 1788 2780 1864 (vs.
2834 1781 3025 1863 748),

625 1901 690 1984 et
731 1894 851 1959 hoc
899 1901 996 1959 est
1041 1892 1210 1978 quod
1261 1890 1596 1968 κακόζηλον
1644 1890 1899 1956 dicitur.
1995 1890 2089 1972 (4)
2140 1888 2549 1957 Proverbiale
2596 1897 2695 1955 est
2742 1895 2807 1954 et
2852 1889 3033 1954 mul-

625 2007 769 2067 tum
830 1999 1001 2086 apud
1063 1998 1483 2070 διαλεκτικούς
1551 2003 1933 2077 tractatum,
1999 2005 2073 2062 ut
2140 1998 2344 2075 „facio
2408 2005 2472 2062 et
2525 2019 2651 2062 non
2698 1997 2900 2062 facio’'
2956 2003 3031 2060 et

630 2110 914 2186 „amicus
975 2127 1118 2171 sum
1185 2113 1248 2170 et
1309 2127 1433 2170 non
1489 2105 1680 2170 sum'’
1734 2099 1799 2170 et
1850 2104 2080 2182 „audio
2130 2111 2195 2169 et
2241 2125 2363 2170 non
2412 2103 2646 2169 audio‘'
2696 2112 2763 2169 et
2808 2109 3029 2168 cetera.

625 2211 1018 2279 huiusmodi.
1135 2213 1222 2277 Et
1261 2217 1613 2298 praeterea:
1658 2209 1745 2275 54
1771 2212 1865 2292 (l)
1914 2211 2031 2289 „de
2070 2209 2405 2276 eunucho'’
2435 2209 2603 2295 quod
2626 2210 2821 2275 fuerit
2849 2206 2920 2288 ²).

626 2320 722 2401 (2)
788 2320 904 2397 „de
966 2318 1298 2385 eunucho'’
1363 2318 1531 2404 quod
1593 2316 1876 2384 Chaerea
1938 2321 2057 2396 sit,
2123 2339 2250 2383 non
2296 2317 2650 2384 eunuchus.
2746 2316 2841 2398 (5)
2891 2315 3023 2394 „tle

623 2429 786 2494 vitio
832 2425 1151 2512 virginis”
1203 2424 1370 2511 quod
1419 2427 1550 2490 iam
1596 2423 1835 2490 mulier
1882 2425 2047 2489 facta
2095 2431 2211 2489 est.

719 2533 812 2600 De
873 2533 972 2599 his
1037 2531 1338 2599 Wessn.
1403 2535 1468 2597 in
1531 2530 1931 2619 Appendice:
2000 2529 2398 2611 „Cohaerent
2444 2532 2614 2597 inter
2657 2552 2724 2596 se
2770 2526 3019 2595 scholia

628 2639 688 2718 1,
731 2639 772 2705 2
813 2646 878 2705 et
917 2641 990 2717 5;
1035 2638 1230 2705 schol.
1267 2638 1352 2703 54
1379 2638 1477 2719 (3)
1517 2639 1785 2704 fortasse
1808 2638 2408 2704 olim‘coniunctum
2434 2644 2571 2703 erat
2595 2658 2745 2703 cum
2770 2635 3020 2702 scholio

627 2745 713 2811 53
737 2746 897 2827 (3)”.
947 2746 1088 2811 Hoc
1133 2751 1199 2810 et
1245 2765 1365 2832 ego
1414 2765 1559 2809 sane
1601 2744 1826 2823 credo,
1876 2754 1941 2811 et
1988 2747 2081 2810 ita
2128 2744 2387 2830 quidem
2434 2748 2508 2809 ut
2545 2746 2611 2808 in
2649 2750 3021 2809 commento

625 2853 861 2918 Donati
905 2854 1318 2938 praecesserit
1365 2849 1450 2915 54
1479 2850 1594 2931 (3).
1647 2851 1891 2916 Wessn.
1936 2856 2103 2916 tacet
2143 2850 2217 2915 de
2259 2850 2375 2932 (4),
2413 2850 2582 2935 quod
2622 2853 2714 2915 sic
2752 2851 3019 2935 accipio,

625 2982 775 3025 eum
831 2960 948 3025 hoc
994 2957 1312 3025 scholium
1361 2980 1485 3023 non
1532 2978 1683 3023 cum
1729 2956 1861 3022 illis
1908 2960 2323 3022 coniunctum
2372 2957 2567 3022 fuisse
2614 2958 2897 3041 opinari:
2951 2960 3024 3020 at

625 3064 811 3131 valde
871 3068 1253 3151 contiguum
1317 3068 1411 3129 est
1472 3064 1743 3149 ideoque
1808 3062 2221 3129 tribuendum
2282 3063 2518 3129 Donati
2558 3062 2847 3139 aemulo,
2898 3064 3021 3147 qui

622 3172 897 3238 libenter
932 3175 1024 3237 sic
1063 3170 1455 3258 generaliter
1493 3170 1845 3236 doctrinam
1885 3172 2116 3249 iactat,
2150 3169 2262 3235 sed
2302 3190 2539 3255 vagam
2578 3175 2642 3233 et
2678 3171 3019 3247 incertam,

623 3279 794 3343 unde
840 3277 1005 3343 nihil
1056 3279 1231 3364 frugi
1278 3278 1605 3342 discimus.
1667 3277 1889 3342 Altera
1937 3277 2323 3342 scholiorum
2373 3278 2528 3341 trias
2566 3277 2657 3340 sic
2694 3275 3019 3353 cohaeret,

625 3391 701 3451 ut
761 3384 856 3466 (2)
917 3390 981 3449 et
1040 3383 1135 3465 (5)
1200 3384 1480 3469 profecta
1538 3386 1671 3448 sint
1730 3384 1810 3447 ab
1870 3382 2092 3448 eodem
2155 3382 2522 3468 magistello
2584 3384 2698 3466 qui
2754 3382 3021 3465 scripsit

624 3490 821 3557 schol.
871 3489 966 3556 ΙΙΙ
1015 3490 1076 3554 4.
1105 3490 1281 3554 4-8
1330 3510 1445 3575 per
1494 3489 1729 3575 „quia”
1784 3494 1849 3554 et
1898 3489 2178 3575 ‚‚quod”,
2226 3510 2418 3575 supra
2464 3509 2501 3554 a
2546 3508 2652 3553 me
2688 3488 3012 3566 indicata3

627 3596 704 3663 de
750 3598 848 3679 (1)
896 3597 1042 3663 vide
1087 3598 1254 3662 infra
1299 3596 1801 3662 adnotationem.

713 3811 798 3878 IV
850 3814 910 3879 5.
941 3811 978 3878 5
1053 3811 1239 3881 Certe
1286 3819 1361 3878 tu
1407 3813 1671 3899 quidem
1719 3811 1829 3898 pol
1874 3812 2086 3878 multo
2132 3811 2397 3877 hilarior

717 3918 874 3985 Don.
930 3920 1026 4001 (1)
1087 3921 1170 3985 Et
1220 3920 1474 3998 „certe”
1525 3926 1590 3985 et
1639 3919 1831 4005 „pol”
1880 3920 2036 3985 haec
2081 3919 2408 4005 (Pythias)
2454 3918 2652 3996 dixit,
2700 3922 2777 3982 ut
2822 3936 3021 4002 appa-

623 4032 790 4092 reret
836 4027 998 4091 hanc
1045 4048 1192 4093 vere
1238 4027 1417 4113 loqui
1463 4044 1626 4112 quae
1673 4028 1882 4092 sobria
1931 4031 2061 4104 est,
2109 4024 2297 4091 illum
2348 4046 2497 4091 vero
2536 4046 2613 4091 ex
2652 4026 2805 4089 vino
2845 4022 3011 4089 falli.

691 4321 749 4388 1)
787 4319 862 4372 Of.
899 4320 984 4370 Ad.
1022 4316 1047 4368 Ι
1085 4320 1214 4370 1.46
1247 4320 1317 4383 (8)
1353 4317 1627 4371 „Rursum”
1661 4322 1733 4370 cst
1768 4324 1899 4369 retro
1933 4334 2137 4369 versum.

688 4405 742 4468 2)
791 4403 899 4453 Hoc
942 4418 1036 4453 non
1071 4401 1304 4466 intelligo.
1334 4401 1727 4468 Supplendumne
1768 4401 2059 4462 ,Chaerca'ss
2096 4416 2156 4451 an
2191 4400 2443 4466 legendnm
2484 4400 2618 4466 0qni⁸
2652 4397 2869 4451 ruerit’·?
2902 4398 3017 4451 Uti·

619 4502 712 4553 que
747 4486 970 4553 repetitio
1002 4488 1075 4535 est
1107 4483 1277 4535 scholii
1314 4487 1377 4533 54
1395 4486 1483 4548 (2).
