<?xml version="1.0" encoding="UTF-8"?>
<!DOCTYPE html PUBLIC "-//W3C//DTD XHTML 1.0 Transitional//EN"
    "http://www.w3.org/TR/xhtml1/DTD/xhtml1-transitional.dtd">
<html xmlns="http://www.w3.org/1999/xhtml" xml:lang="en" lang="en">
 <head>
  <title>
</title>
<meta http-equiv="Content-Type" content="text/html;charset=utf-8" />
  <meta name='ocr-system' content='tesseract 3.04.00' />
  <meta name='ocr-capabilities' content='ocr_page ocr_carea ocr_par ocr_line ocrx_word'/>
</head>
<body>
  <div class='ocr_page' id='page_1' title='image "./mnemosynevolume03verdgoog_0279.png"; bbox 0 0 3246 5085; ppageno 0'>
   <div class='ocr_carea' id='block_1_1' title="bbox 855 611 2065 682">
    <p class='ocr_par' dir='ltr' id='par_1_1' title="bbox 855 611 2065 682">
     <span class='ocr_line' id='line_1_1' title="bbox 855 611 2065 682; baseline -0.003 0"><span class='ocrx_word' id='word_1_1' title='bbox 855 633 942 681; x_wconf 65' lang='lat' dir='ltr'><strong>an</strong></span> <span class='ocrx_word' id='word_1_2' title='bbox 989 631 1322 682; x_wconf 68' lang='lat' dir='ltr'><strong>Ams&#39;rorn.</strong></span> <span class='ocrx_word' id='word_1_3' title='bbox 1370 630 1550 680; x_wconf 73' lang='lat' dir='ltr'><strong>rAc1s</strong></span> <span class='ocrx_word' id='word_1_4' title='bbox 1597 611 1683 680; x_wconf 88' lang='grc'><strong>’73</strong></span> <span class='ocrx_word' id='word_1_5' title='bbox 1732 631 2065 681; x_wconf 72' lang='lat' dir='ltr'><strong>souomon.</strong></span> 
     </span>
    </p>
   </div>
   <div class='ocr_carea' id='block_1_2' title="bbox 261 828 2679 4530">
    <p class='ocr_par' dir='ltr' id='par_1_2' title="bbox 261 828 2663 1343">
     <span class='ocr_line' id='line_1_2' title="bbox 358 828 2654 897; baseline -0.001 0"><span class='ocrx_word' id='word_1_6' title='bbox 358 833 542 897; x_wconf 83' lang='lat' dir='ltr'><strong>Pacis</strong></span> <span class='ocrx_word' id='word_1_7' title='bbox 587 829 840 896; x_wconf 90' lang='lat' dir='ltr'><strong>fabulae</strong></span> <span class='ocrx_word' id='word_1_8' title='bbox 887 830 1226 896; x_wconf 84' lang='lat' dir='ltr'><strong>exordium</strong></span> <span class='ocrx_word' id='word_1_9' title='bbox 1265 828 1675 895; x_wconf 81' lang='lat' dir='ltr'><strong>recordamur</strong></span> <span class='ocrx_word' id='word_1_10' title='bbox 1712 849 1952 894; x_wconf 88' lang='lat' dir='ltr'><strong>omnes.</strong></span> <span class='ocrx_word' id='word_1_11' title='bbox 2001 828 2146 894; x_wconf 89' lang='lat' dir='ltr'><strong>Duo</strong></span> <span class='ocrx_word' id='word_1_12' title='bbox 2187 831 2468 895; x_wconf 90' lang='lat' dir='ltr'><strong>ministri</strong></span> <span class='ocrx_word' id='word_1_13' title='bbox 2505 833 2654 894; x_wconf 91' lang='lat' dir='ltr'><strong>ante</strong></span> 
     </span>
     <span class='ocr_line' id='line_1_3' title="bbox 261 933 2655 1022; baseline -0.002 -17"><span class='ocrx_word' id='word_1_14' title='bbox 261 941 509 1006; x_wconf 88' lang='lat' dir='ltr'><strong>ostium</strong></span> <span class='ocrx_word' id='word_1_15' title='bbox 551 942 907 1014; x_wconf 86' lang='lat' dir='ltr'><strong>versantur,</strong></span> <span class='ocrx_word' id='word_1_16' title='bbox 946 957 1221 1022; x_wconf 90' lang='lat' dir='ltr'><strong>quorum</strong></span> <span class='ocrx_word' id='word_1_17' title='bbox 1261 934 1422 1002; x_wconf 90' lang='lat' dir='ltr'><strong>alter</strong></span> <span class='ocrx_word' id='word_1_18' title='bbox 1465 937 1677 1000; x_wconf 78' lang='lat' dir='ltr'><strong>voraci</strong></span> <span class='ocrx_word' id='word_1_19' title='bbox 1715 933 1967 1000; x_wconf 88' lang='lat' dir='ltr'><strong>cuidam</strong></span> <span class='ocrx_word' id='word_1_20' title='bbox 2018 941 2302 1001; x_wconf 87' lang='lat' dir='ltr'><strong>monstro</strong></span> <span class='ocrx_word' id='word_1_21' title='bbox 2340 934 2655 1021; x_wconf 88' lang='lat' dir='ltr'><strong>pabulum</strong></span> 
     </span>
     <span class='ocr_line' id='line_1_4' title="bbox 261 1040 2654 1132; baseline -0.001 -22"><span class='ocrx_word' id='word_1_22' title='bbox 261 1053 482 1132; x_wconf 84' lang='lat' dir='ltr'><strong>parat,</strong></span> <span class='ocrx_word' id='word_1_23' title='bbox 532 1041 695 1109; x_wconf 87' lang='lat' dir='ltr'><strong>alter</strong></span> <span class='ocrx_word' id='word_1_24' title='bbox 739 1045 964 1123; x_wconf 77' lang='lat' dir='ltr'><strong>statim</strong></span> <span class='ocrx_word' id='word_1_25' title='bbox 1011 1047 1261 1129; x_wconf 87' lang='lat' dir='ltr'><strong>paratas</strong></span> <span class='ocrx_word' id='word_1_26' title='bbox 1308 1041 1488 1107; x_wconf 81' lang='lat' dir='ltr'><strong>affert</strong></span> <span class='ocrx_word' id='word_1_27' title='bbox 1525 1041 1697 1106; x_wconf 82' lang='lat' dir='ltr'><strong>offas.</strong></span> <span class='ocrx_word' id='word_1_28' title='bbox 1748 1040 1933 1107; x_wconf 82' lang='lat' dir='ltr'>Intus</span> <span class='ocrx_word' id='word_1_29' title='bbox 1972 1043 2283 1106; x_wconf 89' lang='lat' dir='ltr'><strong>nimirum</strong></span> <span class='ocrx_word' id='word_1_30' title='bbox 2322 1044 2654 1128; x_wconf 91' lang='lat' dir='ltr'><strong>ingentem</strong></span> 
     </span>
     <span class='ocr_line' id='line_1_5' title="bbox 265 1147 2663 1234; baseline -0.001 -18"><span class='ocrx_word' id='word_1_31' title='bbox 265 1151 679 1216; x_wconf 78' lang='lat' dir='ltr'><strong>scarabaeum</strong></span> <span class='ocrx_word' id='word_1_32' title='bbox 724 1147 842 1213; x_wconf 90' lang='lat' dir='ltr'><strong>alit</strong></span> <span class='ocrx_word' id='word_1_33' title='bbox 881 1148 1215 1227; x_wconf 83' lang='lat' dir='ltr'><strong>dominus3</strong></span> <span class='ocrx_word' id='word_1_34' title='bbox 1268 1149 1378 1233; x_wconf 91' lang='lat' dir='ltr'><strong>qui</strong></span> <span class='ocrx_word' id='word_1_35' title='bbox 1418 1148 1596 1234; x_wconf 32' lang='lat' dir='ltr'><strong>miro,</strong></span> <span class='ocrx_word' id='word_1_36' title='bbox 1632 1147 1845 1212; x_wconf 84' lang='lat' dir='ltr'><strong>furore</strong></span> <span class='ocrx_word' id='word_1_37' title='bbox 1886 1153 2215 1233; x_wconf 88' lang='lat' dir='ltr'><strong>correptus</strong></span> <span class='ocrx_word' id='word_1_38' title='bbox 2251 1155 2317 1213; x_wconf 91' lang='lat' dir='ltr'><strong>et</strong></span> <span class='ocrx_word' id='word_1_39' title='bbox 2351 1147 2419 1212; x_wconf 88' lang='lat' dir='ltr'><strong>id</strong></span> <span class='ocrx_word' id='word_1_40' title='bbox 2459 1168 2663 1213; x_wconf 88' lang='lat' dir='ltr'><strong>unum</strong></span> 
     </span>
     <span class='ocr_line' id='line_1_6' title="bbox 264 1252 1491 1343; baseline -0.003 -21"><span class='ocrx_word' id='word_1_41' title='bbox 264 1277 466 1343; x_wconf 87' lang='lat' dir='ltr'><strong>agens</strong></span> <span class='ocrx_word' id='word_1_42' title='bbox 505 1260 582 1320; x_wconf 89' lang='lat' dir='ltr'><strong>ut</strong></span> <span class='ocrx_word' id='word_1_43' title='bbox 627 1252 879 1320; x_wconf 90' lang='lat' dir='ltr'><strong>caelum</strong></span> <span class='ocrx_word' id='word_1_44' title='bbox 931 1254 1150 1329; x_wconf 89' lang='lat' dir='ltr'><strong>adeat,</strong></span> <span class='ocrx_word' id='word_1_45' title='bbox 1195 1252 1491 1319; x_wconf 80' lang='lat' dir='ltr'><strong>alicunde</strong></span> 
     </span>
    </p>

    <p class='ocr_par' dir='ltr' id='par_1_3' title="bbox 723 1357 2073 1438">
     <span class='ocr_line' id='line_1_7' title="bbox 723 1357 2073 1438; baseline 0 -14"><span class='ocrx_word' id='word_1_46' title='bbox 723 1359 1024 1438; x_wconf 70' lang='grc' dir='ltr'><strong>εἰσήγαγ’</strong></span> <span class='ocrx_word' id='word_1_47' title='bbox 1079 1360 1362 1424; x_wconf 70' lang='grc' dir='ltr'><strong><em>Αἰτναῖον</em></strong></span> <span class='ocrx_word' id='word_1_48' title='bbox 1410 1357 1712 1436; x_wconf 60' lang='lat' dir='ltr'><strong>alym-‘rou</strong></span> <span class='ocrx_word' id='word_1_49' title='bbox 1763 1357 2073 1438; x_wconf 68' lang='grc' dir='ltr'><strong><em>κάνθαρον.</em></strong></span> 
     </span>
    </p>

    <p class='ocr_par' dir='ltr' id='par_1_4' title="bbox 264 1464 2668 1957">
     <span class='ocr_line' id='line_1_8' title="bbox 365 1464 2665 1550; baseline 0 -20"><span class='ocrx_word' id='word_1_50' title='bbox 365 1466 604 1545; x_wconf 76' lang='lat' dir='ltr'><strong>„Secum</strong></span> <span class='ocrx_word' id='word_1_51' title='bbox 643 1465 710 1529; x_wconf 76' lang='lat' dir='ltr'><strong>in</strong></span> <span class='ocrx_word' id='word_1_52' title='bbox 746 1466 976 1530; x_wconf 76' lang='lat' dir='ltr'><strong>domum</strong></span> <span class='ocrx_word' id='word_1_53' title='bbox 1014 1464 1274 1528; x_wconf 66' lang='lat' dir='ltr'><strong>adduxit</strong></span> <span class='ocrx_word' id='word_1_54' title='bbox 1307 1464 1596 1545; x_wconf 72' lang='lat' dir='ltr'><strong>inqentem</strong></span> <span class='ocrx_word' id='word_1_55' title='bbox 1636 1465 1933 1550; x_wconf 80' lang='lat' dir='ltr'><strong>quendam</strong></span> <span class='ocrx_word' id='word_1_56' title='bbox 1972 1467 2296 1528; x_wconf 73' lang='lat' dir='ltr'><strong>Aetnaeum</strong></span> <span class='ocrx_word' id='word_1_57' title='bbox 2326 1513 2339 1530; x_wconf 89' lang='lat'><strong>.</strong></span> <span class='ocrx_word' id='word_1_58' title='bbox 2362 1513 2376 1529; x_wconf 89' lang='lat'><strong>.</strong></span> <span class='ocrx_word' id='word_1_59' title='bbox 2400 1465 2459 1530; x_wconf 86' lang='lat'><strong>.’&#39;</strong></span> <span class='ocrx_word' id='word_1_60' title='bbox 2510 1465 2665 1531; x_wconf 89' lang='lat' dir='ltr'><strong>haec</strong></span> 
     </span>
     <span class='ocr_line' id='line_1_9' title="bbox 264 1569 2666 1660; baseline -0.001 -21"><span class='ocrx_word' id='word_1_61' title='bbox 264 1575 381 1660; x_wconf 88' lang='lat' dir='ltr'><strong>qui</strong></span> <span class='ocrx_word' id='word_1_62' title='bbox 443 1572 734 1650; x_wconf 90' lang='lat' dir='ltr'><strong>audivit,</strong></span> <span class='ocrx_word' id='word_1_63' title='bbox 797 1574 1172 1658; x_wconf 86' lang='lat' dir='ltr'><strong>proximum</strong></span> <span class='ocrx_word' id='word_1_64' title='bbox 1221 1569 1608 1636; x_wconf 90' lang='lat' dir='ltr'><strong>vocabulum</strong></span> <span class='ocrx_word' id='word_1_65' title='bbox 1658 1578 1955 1657; x_wconf 80' lang='lat' dir='ltr'><strong>expectat</strong></span> <span class='ocrx_word' id='word_1_66' title='bbox 2002 1593 2209 1656; x_wconf 79' lang='lat' dir='ltr'><strong>equum</strong></span> <span class='ocrx_word' id='word_1_67' title='bbox 2224 1593 2242 1652; x_wconf 80' lang='lat'>3</span> <span class='ocrx_word' id='word_1_68' title='bbox 2300 1593 2451 1636; x_wconf 90' lang='lat' dir='ltr'><strong>nam</strong></span> <span class='ocrx_word' id='word_1_69' title='bbox 2496 1570 2666 1638; x_wconf 92' lang='lat' dir='ltr'><strong>clara</strong></span> 
     </span>
     <span class='ocr_line' id='line_1_10' title="bbox 269 1676 2667 1765; baseline -0.001 -20"><span class='ocrx_word' id='word_1_70' title='bbox 269 1678 389 1746; x_wconf 94' lang='lat' dir='ltr'><strong>illo</strong></span> <span class='ocrx_word' id='word_1_71' title='bbox 453 1686 742 1765; x_wconf 88' lang='lat' dir='ltr'><strong>tempore</strong></span> <span class='ocrx_word' id='word_1_72' title='bbox 789 1685 967 1745; x_wconf 90' lang='lat' dir='ltr'><strong>erant</strong></span> <span class='ocrx_word' id='word_1_73' title='bbox 1013 1680 1306 1744; x_wconf 82' lang='lat' dir='ltr'><strong>iumenta</strong></span> <span class='ocrx_word' id='word_1_74' title='bbox 1350 1678 1671 1756; x_wconf 88' lang='lat' dir='ltr'><strong>Aetnaea,</strong></span> <span class='ocrx_word' id='word_1_75' title='bbox 1721 1697 1883 1763; x_wconf 86' lang='lat' dir='ltr'><strong>quae</strong></span> <span class='ocrx_word' id='word_1_76' title='bbox 1927 1679 1996 1741; x_wconf 91' lang='lat' dir='ltr'><strong>in</strong></span> <span class='ocrx_word' id='word_1_77' title='bbox 2045 1676 2233 1743; x_wconf 90' lang='lat' dir='ltr'><strong>laetis</strong></span> <span class='ocrx_word' id='word_1_78' title='bbox 2279 1681 2521 1763; x_wconf 88' lang='lat' dir='ltr'><strong>campis</strong></span> <span class='ocrx_word' id='word_1_79' title='bbox 2570 1677 2667 1743; x_wconf 84' lang='lat' dir='ltr'><strong>Si·</strong></span> 
     </span>
     <span class='ocr_line' id='line_1_11' title="bbox 270 1779 2668 1871; baseline -0.002 -19"><span class='ocrx_word' id='word_1_80' title='bbox 270 1784 462 1852; x_wconf 86' lang='lat' dir='ltr'><strong>ciliae</strong></span> <span class='ocrx_word' id='word_1_81' title='bbox 523 1783 860 1852; x_wconf 80' lang='lat' dir='ltr'><strong>alebantur</strong></span> <span class='ocrx_word' id='word_1_82' title='bbox 920 1792 986 1850; x_wconf 90' lang='lat' dir='ltr'><strong>et</strong></span> <span class='ocrx_word' id='word_1_83' title='bbox 1053 1805 1259 1870; x_wconf 85' lang='lat' dir='ltr'><strong>nuper</strong></span> <span class='ocrx_word' id='word_1_84' title='bbox 1318 1805 1470 1850; x_wconf 91' lang='lat' dir='ltr'><strong>cum</strong></span> <span class='ocrx_word' id='word_1_85' title='bbox 1525 1779 1672 1871; x_wconf 78' lang='lat' dir='ltr'><strong>&#39;ipsa</strong></span> <span class='ocrx_word' id='word_1_86' title='bbox 1717 1781 1937 1849; x_wconf 85' lang='lat' dir='ltr'><strong>Sicilia</strong></span> <span class='ocrx_word' id='word_1_87' title='bbox 1984 1781 2217 1849; x_wconf 89' lang='lat' dir='ltr'><strong>melius</strong></span> <span class='ocrx_word' id='word_1_88' title='bbox 2261 1787 2668 1850; x_wconf 78' lang='lat' dir='ltr'><strong>innotuerant</strong></span> 
     </span>
     <span class='ocr_line' id='line_1_12' title="bbox 275 1890 802 1957; baseline -0.004 0"><span class='ocrx_word' id='word_1_89' title='bbox 275 1890 802 1957; x_wconf 87' lang='lat' dir='ltr'><strong>Atheniensibus.</strong></span> 
     </span>
    </p>

    <p class='ocr_par' dir='ltr' id='par_1_5' title="bbox 273 1994 2671 2511">
     <span class='ocr_line' id='line_1_13' title="bbox 323 1994 2667 2083; baseline 0 -22"><span class='ocrx_word' id='word_1_90' title='bbox 323 1996 590 2083; x_wconf 88' lang='lat' dir='ltr'><strong>·Itaque</strong></span> <span class='ocrx_word' id='word_1_91' title='bbox 653 2019 803 2062; x_wconf 91' lang='lat' dir='ltr'><strong>cum</strong></span> <span class='ocrx_word' id='word_1_92' title='bbox 863 2019 1090 2063; x_wconf 87' lang='lat' dir='ltr'><strong>servus</strong></span> <span class='ocrx_word' id='word_1_93' title='bbox 1151 1994 1540 2062; x_wconf 88' lang='lat' dir='ltr'><strong>vocabulum</strong></span> <span class='ocrx_word' id='word_1_94' title='bbox 1609 1994 1801 2074; x_wconf 71' lang='lat' dir='ltr'><strong>„aede</strong></span> <span class='ocrx_word' id='word_1_95' title='bbox 1831 2043 1846 2060; x_wconf 94' lang='lat'><strong>.</strong></span> <span class='ocrx_word' id='word_1_96' title='bbox 1877 2043 1893 2060; x_wconf 90' lang='lat'><strong>.</strong></span> <span class='ocrx_word' id='word_1_97' title='bbox 1922 1996 1984 2062; x_wconf 91' lang='grc'><strong>.”</strong></span> <span class='ocrx_word' id='word_1_98' title='bbox 2053 1995 2349 2083; x_wconf 90' lang='lat' dir='ltr'><strong>proloqui</strong></span> <span class='ocrx_word' id='word_1_99' title='bbox 2401 1999 2667 2083; x_wconf 80' lang='lat' dir='ltr'><strong>incipit,</strong></span> 
     </span>
     <span class='ocr_line' id='line_1_14' title="bbox 281 2103 2671 2190; baseline 0 -20"><span class='ocrx_word' id='word_1_100' title='bbox 281 2126 474 2172; x_wconf 90' lang='lat' dir='ltr'><strong>nemo</strong></span> <span class='ocrx_word' id='word_1_101' title='bbox 535 2109 633 2169; x_wconf 87' lang='lat' dir='ltr'><strong>est</strong></span> <span class='ocrx_word' id='word_1_102' title='bbox 693 2107 864 2170; x_wconf 90' lang='lat' dir='ltr'><strong>inter</strong></span> <span class='ocrx_word' id='word_1_103' title='bbox 923 2103 1280 2183; x_wconf 86' lang='lat' dir='ltr'><strong>auditores,</strong></span> <span class='ocrx_word' id='word_1_104' title='bbox 1345 2106 1500 2190; x_wconf 89' lang='lat' dir='ltr'><strong>quin</strong></span> <span class='ocrx_word' id='word_1_105' title='bbox 1567 2104 1972 2182; x_wconf 54' lang='lat' dir='ltr'><strong>„annotina”</strong></span> <span class='ocrx_word' id='word_1_106' title='bbox 2038 2104 2104 2168; x_wconf 93' lang='lat' dir='ltr'><strong>id</strong></span> <span class='ocrx_word' id='word_1_107' title='bbox 2152 2104 2281 2170; x_wconf 84' lang='lat' dir='ltr'><strong>fore</strong></span> <span class='ocrx_word' id='word_1_108' title='bbox 2329 2110 2535 2190; x_wconf 86' lang='lat' dir='ltr'><strong>putet.</strong></span> <span class='ocrx_word' id='word_1_109' title='bbox 2585 2107 2671 2170; x_wconf 88' lang='lat' dir='ltr'><strong>At</strong></span> 
     </span>
     <span class='ocr_line' id='line_1_15' title="bbox 277 2209 2671 2276; baseline -0 0"><span class='ocrx_word' id='word_1_110' title='bbox 277 2215 580 2276; x_wconf 71' lang='lat' dir='ltr'><strong>Aetnaeus</strong></span> <span class='ocrx_word' id='word_1_111' title='bbox 643 2210 748 2275; x_wconf 91' lang='lat' dir='ltr'><strong>hic</strong></span> <span class='ocrx_word' id='word_1_112' title='bbox 809 2231 938 2276; x_wconf 89' lang='lat' dir='ltr'><strong>non</strong></span> <span class='ocrx_word' id='word_1_113' title='bbox 995 2233 1066 2274; x_wconf 78' lang='lat' dir='ltr'><strong>ca</strong></span> <span class='ocrx_word' id='word_1_114' title='bbox 1093 2258 1108 2276; x_wconf 90' lang='lat'><strong>.</strong></span> <span class='ocrx_word' id='word_1_115' title='bbox 1139 2258 1154 2274; x_wconf 90' lang='lat'><strong>.</strong></span> <span class='ocrx_word' id='word_1_116' title='bbox 1185 2259 1200 2275; x_wconf 90' lang='lat'><strong>.</strong></span> <span class='ocrx_word' id='word_1_117' title='bbox 1226 2210 1426 2274; x_wconf 67' lang='lat' dir='ltr'><strong>ballue</strong></span> <span class='ocrx_word' id='word_1_118' title='bbox 1487 2209 1708 2276; x_wconf 86' lang='lat' dir='ltr'><strong>evadit</strong></span> <span class='ocrx_word' id='word_1_119' title='bbox 1754 2209 1864 2276; x_wconf 89' lang='lat' dir='ltr'><strong>sed</strong></span> <span class='ocrx_word' id='word_1_120' title='bbox 1911 2233 1983 2273; x_wconf 82' lang='lat' dir='ltr'><strong>ca</strong></span> <span class='ocrx_word' id='word_1_121' title='bbox 2008 2258 2023 2276; x_wconf 86' lang='lat'><strong>.</strong></span> <span class='ocrx_word' id='word_1_122' title='bbox 2052 2258 2067 2275; x_wconf 95' lang='lat'><strong>.</strong></span> <span class='ocrx_word' id='word_1_123' title='bbox 2096 2259 2111 2275; x_wconf 90' lang='lat'><strong>.</strong></span> <span class='ocrx_word' id='word_1_124' title='bbox 2136 2211 2413 2276; x_wconf 65' lang='lat' dir='ltr'><strong>atham.</strong></span> <span class='ocrx_word' id='word_1_125' title='bbox 2476 2209 2671 2275; x_wconf 90' lang='lat' dir='ltr'><strong>Hunc</strong></span> 
     </span>
     <span class='ocr_line' id='line_1_16' title="bbox 274 2315 2669 2404; baseline -0.001 -20"><span class='ocrx_word' id='word_1_126' title='bbox 274 2317 712 2385; x_wconf 86' lang='lat' dir='ltr'><strong>concreditum</strong></span> <span class='ocrx_word' id='word_1_127' title='bbox 751 2318 875 2383; x_wconf 88' lang='lat' dir='ltr'><strong>sibi</strong></span> <span class='ocrx_word' id='word_1_128' title='bbox 915 2317 1154 2383; x_wconf 87' lang='lat' dir='ltr'><strong>hahent</strong></span> <span class='ocrx_word' id='word_1_129' title='bbox 1191 2319 1474 2382; x_wconf 87' lang='lat' dir='ltr'><strong>ministri</strong></span> <span class='ocrx_word' id='word_1_130' title='bbox 1495 2365 1510 2392; x_wconf 89' lang='lat'><strong>,</strong></span> <span class='ocrx_word' id='word_1_131' title='bbox 1553 2315 1803 2403; x_wconf 82' lang='lat' dir='ltr'><strong>Pegaso</strong></span> <span class='ocrx_word' id='word_1_132' title='bbox 1844 2317 1961 2383; x_wconf 93' lang='lat' dir='ltr'><strong>hoc</strong></span> <span class='ocrx_word' id='word_1_133' title='bbox 1999 2339 2209 2384; x_wconf 89' lang='lat' dir='ltr'><strong>novus</strong></span> <span class='ocrx_word' id='word_1_134' title='bbox 2249 2315 2669 2404; x_wconf 83' lang='lat' dir='ltr'><strong>Bellerophon</strong></span> 
     </span>
     <span class='ocr_line' id='line_1_17' title="bbox 273 2422 1862 2511; baseline -0.002 -20"><span class='ocrx_word' id='word_1_135' title='bbox 273 2447 430 2491; x_wconf 84' lang='lat' dir='ltr'><strong>mox</strong></span> <span class='ocrx_word' id='word_1_136' title='bbox 475 2445 590 2511; x_wconf 87' lang='lat' dir='ltr'><strong>per</strong></span> <span class='ocrx_word' id='word_1_137' title='bbox 634 2429 847 2490; x_wconf 75' lang='lat' dir='ltr'><strong>aerem</strong></span> <span class='ocrx_word' id='word_1_138' title='bbox 898 2424 1170 2490; x_wconf 82' lang='lat' dir='ltr'><strong>vehetur</strong></span> <span class='ocrx_word' id='word_1_139' title='bbox 1217 2423 1297 2488; x_wconf 85' lang='lat' dir='ltr'><strong>ad</strong></span> <span class='ocrx_word' id='word_1_140' title='bbox 1343 2422 1523 2488; x_wconf 84' lang='lat' dir='ltr'><strong>sedes</strong></span> <span class='ocrx_word' id='word_1_141' title='bbox 1574 2423 1862 2489; x_wconf 90' lang='lat' dir='ltr'><strong>deorum.</strong></span> 
     </span>
    </p>

    <p class='ocr_par' dir='ltr' id='par_1_6' title="bbox 370 2527 2669 2618">
     <span class='ocr_line' id='line_1_18' title="bbox 370 2527 2669 2618; baseline 0 -21"><span class='ocrx_word' id='word_1_142' title='bbox 370 2529 716 2597; x_wconf 88' lang='lat' dir='ltr'><strong>Intellectu</strong></span> <span class='ocrx_word' id='word_1_143' title='bbox 750 2530 904 2598; x_wconf 87' lang='lat' dir='ltr'><strong>haec</strong></span> <span class='ocrx_word' id='word_1_144' title='bbox 942 2536 1094 2597; x_wconf 88' lang='lat' dir='ltr'><strong>sunt</strong></span> <span class='ocrx_word' id='word_1_145' title='bbox 1116 2527 1358 2608; x_wconf 85' lang='lat' dir='ltr'><strong>facilia,</strong></span> <span class='ocrx_word' id='word_1_146' title='bbox 1386 2535 1541 2597; x_wconf 87' lang='lat' dir='ltr'><strong>sunt</strong></span> <span class='ocrx_word' id='word_1_147' title='bbox 1561 2527 1806 2617; x_wconf 89' lang='lat' dir='ltr'><strong>lepida,</strong></span> <span class='ocrx_word' id='word_1_148' title='bbox 1831 2535 1985 2596; x_wconf 88' lang='lat' dir='ltr'><strong>sunt</strong></span> <span class='ocrx_word' id='word_1_149' title='bbox 2008 2552 2159 2598; x_wconf 89' lang='lat' dir='ltr'><strong>vere</strong></span> <span class='ocrx_word' id='word_1_150' title='bbox 2183 2530 2669 2618; x_wconf 76' lang='lat' dir='ltr'><strong>Aristophanes.</strong></span> 
     </span>
    </p>

    <p class='ocr_par' dir='ltr' id='par_1_7' title="bbox 277 2618 2675 3149">
     <span class='ocr_line' id='line_1_19' title="bbox 368 2618 2671 2704; baseline 0 -1"><span class='ocrx_word' id='word_1_151' title='bbox 368 2638 582 2704; x_wconf 90' lang='lat' dir='ltr'><strong>Nimis</strong></span> <span class='ocrx_word' id='word_1_152' title='bbox 629 2635 840 2703; x_wconf 87' lang='lat' dir='ltr'><strong>facilia</strong></span> <span class='ocrx_word' id='word_1_153' title='bbox 888 2640 1026 2703; x_wconf 86' lang='lat' dir='ltr'><strong>visa</strong></span> <span class='ocrx_word' id='word_1_154' title='bbox 1071 2643 1224 2702; x_wconf 88' lang='lat' dir='ltr'><strong>sunt</strong></span> <span class='ocrx_word' id='word_1_155' title='bbox 1273 2640 1413 2702; x_wconf 90' lang='lat' dir='ltr'><strong>viro</strong></span> <span class='ocrx_word' id='word_1_156' title='bbox 1439 2618 1918 2704; x_wconf 41' lang='lat' dir='ltr'><strong>&#39;alicui‘vesane</strong></span> <span class='ocrx_word' id='word_1_157' title='bbox 1958 2638 2162 2703; x_wconf 90' lang='lat' dir='ltr'><strong>docto.</strong></span> <span class='ocrx_word' id='word_1_158' title='bbox 2210 2637 2453 2704; x_wconf 86' lang='lat' dir='ltr'><strong>Sonum</strong></span> <span class='ocrx_word' id='word_1_159' title='bbox 2495 2640 2671 2704; x_wconf 87' lang='lat' dir='ltr'><strong>vocis</strong></span> 
     </span>
     <span class='ocr_line' id='line_1_20' title="bbox 277 2742 2671 2831; baseline -0.001 -20"><span class='ocrx_word' id='word_1_160' title='bbox 277 2749 389 2811; x_wconf 76' lang='grc' dir='ltr'><strong>τοῦ</strong></span> <span class='ocrx_word' id='word_1_161' title='bbox 437 2745 856 2825; x_wconf 72' lang='grc' dir='ltr'><strong><em>χωλκεντὲρου</em></strong></span> <span class='ocrx_word' id='word_1_162' title='bbox 907 2742 1128 2809; x_wconf 71' lang='grc' dir='ltr'><strong><em>ἐκείνου</em></strong></span> <span class='ocrx_word' id='word_1_163' title='bbox 1177 2746 1500 2830; x_wconf 90' lang='lat' dir='ltr'><strong>percipere</strong></span> <span class='ocrx_word' id='word_1_164' title='bbox 1538 2743 1707 2808; x_wconf 90' lang='lat' dir='ltr'><strong>mihi</strong></span> <span class='ocrx_word' id='word_1_165' title='bbox 1743 2744 1999 2823; x_wconf 82' lang='lat' dir='ltr'><strong>videor3</strong></span> <span class='ocrx_word' id='word_1_166' title='bbox 2042 2744 2151 2809; x_wconf 88' lang='lat' dir='ltr'><strong>sed</strong></span> <span class='ocrx_word' id='word_1_167' title='bbox 2191 2746 2485 2831; x_wconf 84' lang='lat' dir='ltr'><strong>quisquis</strong></span> <span class='ocrx_word' id='word_1_168' title='bbox 2523 2744 2671 2821; x_wconf 87' lang='lat' dir='ltr'><strong>fuit,</strong></span> 
     </span>
     <span class='ocr_line' id='line_1_21' title="bbox 277 2848 2675 2937; baseline -0.001 -20"><span class='ocrx_word' id='word_1_169' title='bbox 277 2853 512 2917; x_wconf 92' lang='lat' dir='ltr'><strong>comici</strong></span> <span class='ocrx_word' id='word_1_170' title='bbox 574 2850 770 2916; x_wconf 88' lang='lat' dir='ltr'><strong>verba</strong></span> <span class='ocrx_word' id='word_1_171' title='bbox 830 2850 1050 2915; x_wconf 90' lang='lat' dir='ltr'><strong>obruit</strong></span> <span class='ocrx_word' id='word_1_172' title='bbox 1092 2850 1411 2937; x_wconf 86' lang='lat' dir='ltr'><strong>farragine</strong></span> <span class='ocrx_word' id='word_1_173' title='bbox 1459 2848 1782 2915; x_wconf 89' lang='lat' dir='ltr'><strong>doctrinae</strong></span> <span class='ocrx_word' id='word_1_174' title='bbox 1828 2849 1996 2917; x_wconf 88' lang='lat' dir='ltr'><strong>male</strong></span> <span class='ocrx_word' id='word_1_175' title='bbox 2045 2849 2351 2936; x_wconf 81' lang='lat' dir='ltr'><strong>digestae.</strong></span> <span class='ocrx_word' id='word_1_176' title='bbox 2400 2848 2675 2915; x_wconf 88' lang='lat' dir='ltr'><strong>Demon-</strong></span> 
     </span>
     <span class='ocr_line' id='line_1_22' title="bbox 277 2956 2673 3042; baseline -0.001 -19"><span class='ocrx_word' id='word_1_177' title='bbox 277 2964 560 3023; x_wconf 83' lang='lat' dir='ltr'><strong>stratum</strong></span> <span class='ocrx_word' id='word_1_178' title='bbox 623 2958 750 3022; x_wconf 89' lang='lat' dir='ltr'><strong>ivit</strong></span> <span class='ocrx_word' id='word_1_179' title='bbox 802 2958 1148 3034; x_wconf 88' lang='lat' dir='ltr'><strong>nimirum,</strong></span> <span class='ocrx_word' id='word_1_180' title='bbox 1207 2957 1564 3032; x_wconf 85' lang='lat' dir='ltr'><strong>„maximos</strong></span> <span class='ocrx_word' id='word_1_181' title='bbox 1609 2958 1677 3020; x_wconf 90' lang='lat' dir='ltr'><strong>in</strong></span> <span class='ocrx_word' id='word_1_182' title='bbox 1725 2956 1933 3021; x_wconf 84' lang='lat' dir='ltr'><strong>Aetna</strong></span> <span class='ocrx_word' id='word_1_183' title='bbox 1976 2964 2195 3021; x_wconf 88' lang='lat' dir='ltr'><strong>monte</strong></span> <span class='ocrx_word' id='word_1_184' title='bbox 2240 2958 2430 3042; x_wconf 81' lang='lat' dir='ltr'><strong>gigni</strong></span> <span class='ocrx_word' id='word_1_185' title='bbox 2473 2976 2673 3021; x_wconf 85' lang='lat' dir='ltr'><strong>scara-</strong></span> 
     </span>
     <span class='ocr_line' id='line_1_23' title="bbox 278 3060 2673 3149; baseline -0.003 -18"><span class='ocrx_word' id='word_1_186' title='bbox 278 3066 466 3131; x_wconf 88' lang='lat' dir='ltr'><strong>baeos</strong></span> <span class='ocrx_word' id='word_1_187' title='bbox 485 3112 502 3141; x_wconf 93' lang='lat'><strong>,</strong></span> <span class='ocrx_word' id='word_1_188' title='bbox 558 3063 832 3129; x_wconf 83' lang='lat' dir='ltr'><strong>testibus</strong></span> <span class='ocrx_word' id='word_1_189' title='bbox 879 3062 1268 3149; x_wconf 77' lang='lat' dir='ltr'><strong>Epicharmo</strong></span> <span class='ocrx_word' id='word_1_190' title='bbox 1317 3060 1639 3149; x_wconf 84' lang='lat' dir='ltr'><strong>Aeschylo</strong></span> <span class='ocrx_word' id='word_1_191' title='bbox 1687 3060 2001 3148; x_wconf 81' lang='lat' dir='ltr'><strong>Sophocle</strong></span> <span class='ocrx_word' id='word_1_192' title='bbox 2047 3060 2313 3129; x_wconf 89' lang='lat' dir='ltr'><strong>Platone</strong></span> <span class='ocrx_word' id='word_1_193' title='bbox 2358 3060 2673 3128; x_wconf 91' lang='lat' dir='ltr'><strong>comico&#39;&#39;.</strong></span> 
     </span>
    </p>

    <p class='ocr_par' dir='ltr' id='par_1_8' title="bbox 277 3165 2679 4103">
     <span class='ocr_line' id='line_1_24' title="bbox 373 3165 2671 3254; baseline -0 -19"><span class='ocrx_word' id='word_1_194' title='bbox 373 3168 550 3235; x_wconf 89' lang='lat' dir='ltr'><strong>Haec</strong></span> <span class='ocrx_word' id='word_1_195' title='bbox 614 3190 763 3235; x_wconf 85' lang='lat' dir='ltr'><strong>vero</strong></span> <span class='ocrx_word' id='word_1_196' title='bbox 823 3188 1138 3254; x_wconf 88' lang='lat' dir='ltr'><strong>quaenam</strong></span> <span class='ocrx_word' id='word_1_197' title='bbox 1200 3174 1352 3233; x_wconf 88' lang='lat' dir='ltr'><strong>sunt</strong></span> <span class='ocrx_word' id='word_1_198' title='bbox 1411 3165 1774 3233; x_wconf 78' lang='lat' dir='ltr'><strong>insomnia?</strong></span> <span class='ocrx_word' id='word_1_199' title='bbox 1834 3166 2185 3233; x_wconf 84' lang='lat' dir='ltr'><strong>Sumamus</strong></span> <span class='ocrx_word' id='word_1_200' title='bbox 2248 3170 2518 3234; x_wconf 83' lang='lat' dir='ltr'><strong>testibus</strong></span> <span class='ocrx_word' id='word_1_201' title='bbox 2567 3215 2582 3232; x_wconf 89' lang='lat'><strong>.</strong></span> <span class='ocrx_word' id='word_1_202' title='bbox 2611 3214 2626 3232; x_wconf 91' lang='lat'><strong>.</strong></span> <span class='ocrx_word' id='word_1_203' title='bbox 2656 3215 2671 3234; x_wconf 88' lang='lat'><strong>.</strong></span> 
     </span>
     <span class='ocr_line' id='line_1_25' title="bbox 277 3273 2675 3361; baseline -0.001 -22"><span class='ocrx_word' id='word_1_204' title='bbox 277 3296 404 3341; x_wconf 88' lang='lat' dir='ltr'><strong>non</strong></span> <span class='ocrx_word' id='word_1_205' title='bbox 469 3276 674 3361; x_wconf 90' lang='lat' dir='ltr'><strong>poetis</strong></span> <span class='ocrx_word' id='word_1_206' title='bbox 737 3275 1158 3361; x_wconf 89' lang='lat' dir='ltr'><strong>quibusdam,</strong></span> <span class='ocrx_word' id='word_1_207' title='bbox 1223 3274 1330 3340; x_wconf 88' lang='lat' dir='ltr'><strong>sed</strong></span> <span class='ocrx_word' id='word_1_208' title='bbox 1395 3276 1552 3340; x_wconf 89' lang='lat' dir='ltr'><strong>viris</strong></span> <span class='ocrx_word' id='word_1_209' title='bbox 1615 3276 1726 3359; x_wconf 91' lang='lat' dir='ltr'><strong>qui</strong></span> <span class='ocrx_word' id='word_1_210' title='bbox 1773 3295 1989 3340; x_wconf 89' lang='lat' dir='ltr'><strong>rerum</strong></span> <span class='ocrx_word' id='word_1_211' title='bbox 2036 3273 2433 3340; x_wconf 87' lang='lat' dir='ltr'><strong>naturalium</strong></span> <span class='ocrx_word' id='word_1_212' title='bbox 2484 3276 2675 3359; x_wconf 88' lang='lat' dir='ltr'><strong>periti</strong></span> 
     </span>
     <span class='ocr_line' id='line_1_26' title="bbox 279 3372 2677 3467; baseline -0.001 -20"><span class='ocrx_word' id='word_1_213' title='bbox 279 3388 436 3447; x_wconf 85' lang='lat' dir='ltr'><strong>sunt</strong></span> <span class='ocrx_word' id='word_1_214' title='bbox 492 3381 596 3447; x_wconf 89' lang='lat' dir='ltr'><strong>vel</strong></span> <span class='ocrx_word' id='word_1_215' title='bbox 657 3380 817 3447; x_wconf 92' lang='lat' dir='ltr'><strong>olim</strong></span> <span class='ocrx_word' id='word_1_216' title='bbox 881 3382 1170 3459; x_wconf 87' lang='lat' dir='ltr'><strong>fuerunt,</strong></span> <span class='ocrx_word' id='word_1_217' title='bbox 1239 3386 1400 3447; x_wconf 88' lang='lat' dir='ltr'><strong>teste</strong></span> <span class='ocrx_word' id='word_1_218' title='bbox 1447 3380 1792 3447; x_wconf 87' lang='lat' dir='ltr'><strong>Aristotele</strong></span> <span class='ocrx_word' id='word_1_219' title='bbox 1838 3384 2048 3467; x_wconf 91' lang='lat' dir='ltr'><strong>igitur</strong></span> <span class='ocrx_word' id='word_1_220' title='bbox 2096 3380 2198 3447; x_wconf 91' lang='lat' dir='ltr'><strong>vel</strong></span> <span class='ocrx_word' id='word_1_221' title='bbox 2243 3381 2524 3447; x_wconf 89' lang='lat' dir='ltr'><strong>Linnaeo</strong></span> <span class='ocrx_word' id='word_1_222' title='bbox 2571 3372 2677 3447; x_wconf 88' lang='lat' dir='ltr'><strong>vel</strong></span> 
     </span>
     <span class='ocr_line' id='line_1_27' title="bbox 279 3485 2678 3579; baseline -0.001 -26"><span class='ocrx_word' id='word_1_223' title='bbox 279 3486 577 3553; x_wconf 78' lang='lat' dir='ltr'><strong>Evertsio</strong></span> <span class='ocrx_word' id='word_1_224' title='bbox 615 3492 931 3579; x_wconf 67' lang='lat' dir='ltr'><strong>nostrate,</strong></span> <span class='ocrx_word' id='word_1_225' title='bbox 972 3487 1398 3573; x_wconf 87' lang='lat' dir='ltr'><strong>praegrandes</strong></span> <span class='ocrx_word' id='word_1_226' title='bbox 1438 3485 1686 3573; x_wconf 85' lang='lat' dir='ltr'><strong>aliquos</strong></span> <span class='ocrx_word' id='word_1_227' title='bbox 1726 3486 2091 3553; x_wconf 87' lang='lat' dir='ltr'><strong>scarabaeos</strong></span> <span class='ocrx_word' id='word_1_228' title='bbox 2134 3489 2371 3553; x_wconf 87' lang='lat' dir='ltr'><strong>vixisse</strong></span> <span class='ocrx_word' id='word_1_229' title='bbox 2409 3489 2476 3551; x_wconf 89' lang='lat' dir='ltr'><strong>in</strong></span> <span class='ocrx_word' id='word_1_230' title='bbox 2500 3488 2678 3573; x_wconf 90' lang='lat' dir='ltr'><strong>iugis</strong></span> 
     </span>
     <span class='ocr_line' id='line_1_28' title="bbox 287 3591 2679 3670; baseline -0.001 -11"><span class='ocrx_word' id='word_1_231' title='bbox 287 3594 622 3670; x_wconf 82' lang='lat' dir='ltr'><strong>Aetnaeis,</strong></span> <span class='ocrx_word' id='word_1_232' title='bbox 675 3629 759 3641; x_wconf 94' lang='lat'>—</span> <span class='ocrx_word' id='word_1_233' title='bbox 807 3614 1143 3659; x_wconf 80' lang='lat' dir='ltr'><strong>sumamus</strong></span> <span class='ocrx_word' id='word_1_234' title='bbox 1206 3592 1628 3658; x_wconf 83' lang='lat' dir='ltr'><strong>Athenienses</strong></span> <span class='ocrx_word' id='word_1_235' title='bbox 1688 3591 1978 3658; x_wconf 83' lang='lat' dir='ltr'><strong>Siciliam</strong></span> <span class='ocrx_word' id='word_1_236' title='bbox 2037 3595 2318 3660; x_wconf 81' lang='lat' dir='ltr'><strong>visentes</strong></span> <span class='ocrx_word' id='word_1_237' title='bbox 2374 3594 2530 3657; x_wconf 88' lang='lat' dir='ltr'><strong>artis</strong></span> <span class='ocrx_word' id='word_1_238' title='bbox 2577 3613 2679 3657; x_wconf 89' lang='lat' dir='ltr'><strong>en-</strong></span> 
     </span>
     <span class='ocr_line' id='line_1_29' title="bbox 281 3698 2677 3786; baseline -0.001 -20"><span class='ocrx_word' id='word_1_239' title='bbox 281 3698 707 3785; x_wconf 87' lang='lat' dir='ltr'><strong>tomologicae</strong></span> <span class='ocrx_word' id='word_1_240' title='bbox 768 3698 964 3765; x_wconf 87' lang='lat' dir='ltr'><strong>fuisse</strong></span> <span class='ocrx_word' id='word_1_241' title='bbox 1027 3702 1342 3765; x_wconf 90' lang='lat' dir='ltr'><strong>curiosos:</strong></span> <span class='ocrx_word' id='word_1_242' title='bbox 1393 3698 1711 3765; x_wconf 89' lang='lat' dir='ltr'><strong>meliusne</strong></span> <span class='ocrx_word' id='word_1_243' title='bbox 1758 3702 1849 3765; x_wconf 89' lang='lat' dir='ltr'><strong>sic</strong></span> <span class='ocrx_word' id='word_1_244' title='bbox 1894 3698 2313 3786; x_wconf 88' lang='lat' dir='ltr'><strong>intellegetur</strong></span> <span class='ocrx_word' id='word_1_245' title='bbox 2355 3700 2535 3764; x_wconf 90' lang='lat' dir='ltr'><strong>iocus</strong></span> <span class='ocrx_word' id='word_1_246' title='bbox 2578 3718 2677 3763; x_wconf 91' lang='lat' dir='ltr'><strong>co-</strong></span> 
     </span>
     <span class='ocr_line' id='line_1_30' title="bbox 279 3802 2676 3889; baseline -0.001 -18"><span class='ocrx_word' id='word_1_247' title='bbox 279 3802 480 3871; x_wconf 74' lang='lat' dir='ltr'><strong>mici?</strong></span> <span class='ocrx_word' id='word_1_248' title='bbox 526 3804 888 3870; x_wconf 82' lang='lat' dir='ltr'><strong>Faciliusne</strong></span> <span class='ocrx_word' id='word_1_249' title='bbox 935 3806 1208 3870; x_wconf 90' lang='lat' dir='ltr'><strong>vehetur</strong></span> <span class='ocrx_word' id='word_1_250' title='bbox 1251 3807 1532 3870; x_wconf 88' lang='lat' dir='ltr'><strong>rusticus</strong></span> <span class='ocrx_word' id='word_1_251' title='bbox 1580 3806 1837 3870; x_wconf 88' lang='lat' dir='ltr'><strong>Atticus</strong></span> <span class='ocrx_word' id='word_1_252' title='bbox 1876 3804 2181 3883; x_wconf 89' lang='lat' dir='ltr'><strong>bestiola,</strong></span> <span class='ocrx_word' id='word_1_253' title='bbox 2223 3808 2408 3870; x_wconf 90' lang='lat' dir='ltr'><strong>cuius</strong></span> <span class='ocrx_word' id='word_1_254' title='bbox 2448 3824 2676 3889; x_wconf 90' lang='lat' dir='ltr'><strong>corpus</strong></span> 
     </span>
     <span class='ocr_line' id='line_1_31' title="bbox 279 3909 2675 3999; baseline 0 -23"><span class='ocrx_word' id='word_1_255' title='bbox 279 3920 412 3977; x_wconf 89' lang='lat' dir='ltr'><strong>tres</strong></span> <span class='ocrx_word' id='word_1_256' title='bbox 460 3918 816 3996; x_wconf 89' lang='lat' dir='ltr'><strong>quatuorve</strong></span> <span class='ocrx_word' id='word_1_257' title='bbox 865 3917 1256 3977; x_wconf 86' lang='lat' dir='ltr'><strong>transversos</strong></span> <span class='ocrx_word' id='word_1_258' title='bbox 1295 3911 1536 3997; x_wconf 90' lang='lat' dir='ltr'><strong>digitos</strong></span> <span class='ocrx_word' id='word_1_259' title='bbox 1573 3915 1660 3977; x_wconf 86' lang='lat' dir='ltr'><strong>sit</strong></span> <span class='ocrx_word' id='word_1_260' title='bbox 1698 3910 2005 3999; x_wconf 87' lang='lat' dir='ltr'><strong>longum,</strong></span> <span class='ocrx_word' id='word_1_261' title='bbox 2048 3933 2242 3998; x_wconf 90' lang='lat' dir='ltr'><strong>quam</strong></span> <span class='ocrx_word' id='word_1_262' title='bbox 2280 3909 2675 3977; x_wconf 85' lang='lat' dir='ltr'><strong>melolontha</strong></span> 
     </span>
     <span class='ocr_line' id='line_1_32' title="bbox 280 4014 1186 4103; baseline -0.003 -19"><span class='ocrx_word' id='word_1_263' title='bbox 280 4016 544 4103; x_wconf 88' lang='lat' dir='ltr'><strong>vulgari</strong></span> <span class='ocrx_word' id='word_1_264' title='bbox 592 4015 906 4101; x_wconf 78' lang='lat' dir='ltr'><strong>lucanove</strong></span> <span class='ocrx_word' id='word_1_265' title='bbox 954 4014 1186 4084; x_wconf 81' lang='lat' dir='ltr'><strong>cervo?</strong></span> 
     </span>
    </p>

    <p class='ocr_par' dir='ltr' id='par_1_9' title="bbox 279 4123 2677 4422">
     <span class='ocr_line' id='line_1_33' title="bbox 373 4123 2673 4211; baseline 0 -22"><span class='ocrx_word' id='word_1_266' title='bbox 373 4124 510 4189; x_wconf 88' lang='lat' dir='ltr'><strong>Nae</strong></span> <span class='ocrx_word' id='word_1_267' title='bbox 570 4126 804 4210; x_wconf 84' lang='lat' dir='ltr'><strong>nugari</strong></span> <span class='ocrx_word' id='word_1_268' title='bbox 866 4124 1168 4190; x_wconf 88' lang='lat' dir='ltr'><strong>videmur</strong></span> <span class='ocrx_word' id='word_1_269' title='bbox 1226 4124 1382 4189; x_wconf 91' lang='lat' dir='ltr'><strong>dum</strong></span> <span class='ocrx_word' id='word_1_270' title='bbox 1445 4126 1538 4189; x_wconf 89' lang='lat' dir='ltr'><strong>ita</strong></span> <span class='ocrx_word' id='word_1_271' title='bbox 1583 4123 1661 4189; x_wconf 93' lang='lat' dir='ltr'><strong>de</strong></span> <span class='ocrx_word' id='word_1_272' title='bbox 1709 4126 1939 4189; x_wconf 89' lang='lat' dir='ltr'><strong>comici</strong></span> <span class='ocrx_word' id='word_1_273' title='bbox 1987 4124 2198 4189; x_wconf 89' lang='lat' dir='ltr'><strong>verbis</strong></span> <span class='ocrx_word' id='word_1_274' title='bbox 2245 4124 2673 4211; x_wconf 88' lang='lat' dir='ltr'><strong>disputamus.</strong></span> 
     </span>
     <span class='ocr_line' id='line_1_34' title="bbox 279 4229 2677 4317; baseline -0.001 -20"><span class='ocrx_word' id='word_1_275' title='bbox 279 4231 486 4297; x_wconf 80' lang='lat' dir='ltr'><strong>Extra</strong></span> <span class='ocrx_word' id='word_1_276' title='bbox 545 4237 883 4317; x_wconf 89' lang='lat' dir='ltr'><strong>poetarum</strong></span> <span class='ocrx_word' id='word_1_277' title='bbox 943 4239 1165 4297; x_wconf 87' lang='lat' dir='ltr'><strong>autem</strong></span> <span class='ocrx_word' id='word_1_278' title='bbox 1216 4230 1424 4309; x_wconf 91' lang='lat' dir='ltr'><strong>locos,</strong></span> <span class='ocrx_word' id='word_1_279' title='bbox 1475 4232 1586 4316; x_wconf 89' lang='lat' dir='ltr'><strong>qui</strong></span> <span class='ocrx_word' id='word_1_280' title='bbox 1634 4232 1701 4293; x_wconf 88' lang='lat' dir='ltr'><strong>in</strong></span> <span class='ocrx_word' id='word_1_281' title='bbox 1748 4229 1989 4297; x_wconf 90' lang='lat' dir='ltr'><strong>scholio</strong></span> <span class='ocrx_word' id='word_1_282' title='bbox 2034 4229 2405 4309; x_wconf 84' lang='lat' dir='ltr'><strong>afferuntur,</strong></span> <span class='ocrx_word' id='word_1_283' title='bbox 2452 4233 2677 4317; x_wconf 88' lang='lat' dir='ltr'><strong>ingen·</strong></span> 
     </span>
     <span class='ocr_line' id='line_1_35' title="bbox 281 4335 2159 4422; baseline 0.001 -20"><span class='ocrx_word' id='word_1_284' title='bbox 281 4340 456 4403; x_wconf 90' lang='lat' dir='ltr'><strong>tium</strong></span> <span class='ocrx_word' id='word_1_285' title='bbox 500 4335 764 4402; x_wconf 90' lang='lat' dir='ltr'><strong>illorum</strong></span> <span class='ocrx_word' id='word_1_286' title='bbox 811 4336 1295 4402; x_wconf 89' lang='lat' dir='ltr'><strong>scarabaeorum</strong></span> <span class='ocrx_word' id='word_1_287' title='bbox 1342 4336 1697 4422; x_wconf 82' lang='lat' dir='ltr'><strong>vestigium</strong></span> <span class='ocrx_word' id='word_1_288' title='bbox 1737 4340 1835 4401; x_wconf 81' lang='lat' dir='ltr'><strong>est</strong></span> <span class='ocrx_word' id='word_1_289' title='bbox 1882 4336 2159 4403; x_wconf 89' lang='lat' dir='ltr'><strong>nullum.</strong></span> 
     </span>
    </p>

    <p class='ocr_par' dir='ltr' id='par_1_10' title="bbox 377 4441 1544 4530">
     <span class='ocr_line' id='line_1_36' title="bbox 377 4441 1544 4530; baseline 0 -23"><span class='ocrx_word' id='word_1_290' title='bbox 377 4441 534 4508; x_wconf 91' lang='lat' dir='ltr'><strong>Illos</strong></span> <span class='ocrx_word' id='word_1_291' title='bbox 578 4445 787 4530; x_wconf 85' lang='lat' dir='ltr'><strong>igitur</strong></span> <span class='ocrx_word' id='word_1_292' title='bbox 831 4441 1001 4508; x_wconf 88' lang='lat' dir='ltr'><strong>locos</strong></span> <span class='ocrx_word' id='word_1_293' title='bbox 1049 4443 1544 4509; x_wconf 90' lang='lat' dir='ltr'><strong>consideremus.</strong></span> 
     </span>
    </p>
   </div>
  </div>
 </body>
</html>
