3246 5085
589 315 673 380 58
1593 327 1971 376 muman.

691 496 764 563 G.
819 496 927 561 21.
957 496 1018 559 2.
1089 495 1168 557 In
1229 495 1470 557 eandem
1530 492 1879 556 sententiam
1941 499 1997 554 et
2056 492 2343 554 Persaeus
2391 493 2877 574 philosophatur
2952 499 3029 554 et

591 603 858 668 adnectit
903 603 1187 665 inventae
1219 601 1443 684 fraqes
1490 605 1547 662 et
1579 600 1837 683 fraqam
1880 597 2147 678 ipsarum
2192 605 2516 679 repertores
2558 598 2743 661 isdem
2786 597 3025 661 nomi-

587 710 785 785 nibus,
839 715 906 770 ut
951 706 1196 770 comicae
1239 726 1422 768 sermo
1469 711 1572 780 est,
1637 703 1919 766 Venerem
1956 704 2085 766 eine
2120 703 2334 766 Libero
2374 709 2434 766 et
2476 705 2680 766 Cerere
2701 703 3016 787 friyere.

683 812 1008 897 Waltzing
1055 811 1434 876 Baehrensio
1479 815 1736 874 auctore
1783 810 2098 874 recensuit
2130 808 2631 890 philosophatur:
2684 808 2805 873 dici
2862 809 3011 870 ad-

584 921 787 997 nectit,
853 916 1023 1002 quod
1079 916 1351 981 ‘verbum
1413 915 1657 980 Usener
1717 917 1884 979 inter
1938 912 2247 979 vocabula
2291 915 2475 977 isdem
2520 921 2584 979 et
2630 913 3013 978 nominibus

586 1023 992 1090 inserendum
1053 1041 1188 1088 esse
1247 1023 1528 1086 monuit:
1593 1019 1732 1084 loco
1790 1019 2011 1084 eodem
2058 1018 2323 1106 Maehly
2372 1020 2615 1083 audisse
2662 1019 3015 1084 excidisse

589 1130 858 1197 credidit
918 1127 1023 1194 vel
1071 1135 1218 1192 ante
1263 1125 1654 1192 vocabulum
1702 1127 1908 1190 isdem.
1957 1125 2245 1211 Denique
2282 1123 2683 1193 Cornelissen
2730 1124 3009 1190 edidit:

577 1235 1044 1320 philosophatur
1089 1239 1146 1296 et
1191 1232 1496 1314 amplectit
1539 1231 1831 1296 inventae.

681 1341 824 1426 Ego
885 1345 1028 1424 post
1075 1338 1408 1402 nominibus
1452 1343 1711 1422 propter
1761 1335 2216 1401 vocabulorum
2264 1338 2451 1401 initia
2496 1335 2737 1400 similia
2780 1339 3015 1421 parti-

588 1447 832 1530 cipium
909 1445 1238 1508 nominatos
1320 1443 1581 1527 periisse
1651 1444 1955 1526 suspicor.
2037 1441 2162 1520 Qui
2229 1441 2629 1506 infinitivum
2696 1445 3009 1506 inserere

590 1549 966 1628 voluerunt,
1032 1570 1157 1613 non
1219 1553 1601 1634 reputarunt
1650 1547 1996 1612 Persaeum
2049 1545 2485 1631 philosophiae
2531 1567 2681 1612 suae
2728 1567 2856 1612 non
2914 1547 3005 1611 id

590 1655 920 1721 adnectere
961 1653 1282 1719 studuisse
1320 1652 1488 1737 quod
1526 1673 1717 1718 nemo
1752 1652 2118 1738 ignorabat:
2158 1655 2451 1716 inventas
2490 1653 2707 1737 fruges
2729 1647 3006 1717 earum-

592 1782 713 1845 que
760 1765 1113 1845 repertores
1157 1759 1389 1824 iisdem
1436 1778 1622 1842 saepe
1670 1757 2039 1823 nominibus
2078 1756 2462 1842 significari,
2502 1756 2614 1823 sed
2659 1778 2903 1822 enum
2926 1779 3003 1823 e-

591 1885 822 1930 rasse
884 1865 1101 1950 fruges
1164 1871 1228 1928 et
1287 1869 1644 1948 repertores
1692 1884 1947 1941 omnes,
1996 1865 2065 1927 in
2111 1883 2269 1947 quos
2314 1862 2381 1927 id
2426 1861 2702 1929 valebat.
2749 1860 2846 1930 Of.
2900 1861 2993 1930 G.

597 1971 704 2036 21.
735 1968 810 2036 7:
875 1976 951 2034 ut
995 1972 1063 2033 in
1108 1969 1489 2034 hodiernum
1534 1971 1865 2052 inopinato
1910 1971 2083 2034 visos
2128 1967 2299 2033 caelo
2345 1970 2611 2046 missos,
2658 1967 2999 2053 ignobiles

597 2082 662 2141 et
706 2079 960 2161 ignotos
1005 2082 1209 2140 terrae
1254 2073 1420 2140 fflios
1468 2076 2007 2139 nominamus.

691 2286 762 2355 G.
812 2287 918 2354 21.
947 2287 1009 2351 6.
1074 2279 1143 2350 Ie
1203 2288 1408 2372 itaque
1451 2281 1745 2350 Saturnus
1797 2288 1967 2350 oreta
2000 2287 2309 2370 prosaque
2355 2286 2609 2350 Italiam
2651 2293 2805 2351 metu
2833 2288 2995 2370 filii

595 2393 918 2457 saevientis
980 2401 1304 2456 accesserat
1362 2400 1420 2456 et
1463 2393 1610 2456 Iani
1655 2399 1957 2474 succeptus
2001 2392 2257 2475 bospitio
2304 2393 2481 2456 mdes
2524 2393 2669 2456 illoc
2714 2393 2991 2458 homines

598 2506 658 2563 et
701 2490 961 2579 cyrestee
1004 2498 1194 2561 multa
1237 2497 1440 2562 docuit
1475 2548 1500 2585 ·.
1533 2546 1546 2563 .
1579 2547 1592 2564 .
1626 2546 1639 2563 .
1690 2499 1894 2583 itaque
1940 2497 2229 2563 latebram
2274 2520 2462 2576 cuam,
2511 2501 2669 2584 quod
2714 2505 2839 2563 tuto
2886 2499 2991 2563 la-

598 2603 830 2680 tuisset,
891 2604 1094 2667 vocari
1154 2604 1372 2667 mabuit
1431 2604 1692 2680 Latium,
1755 2610 1813 2667 et
1856 2604 2054 2667 urbem
2098 2604 2441 2667 Saturniam
2488 2604 2691 2687 [dedit
2735 2604 2812 2669 de
2859 2626 2987 2670 suo

599 2711 886 2791 nomine]
943 2717 999 2773 et
1059 2709 1402 2773 Ianiculum
1463 2709 1709 2792 [Ianus]
1767 2711 1851 2773 ad
1906 2710 2239 2773 memoriam
2297 2717 2542 2795 uterque
2590 2710 2987 2793 posteritati-3

590 2815 981 2899 reliquerunt.

687 2920 894 2985 Verba
954 2940 991 2984 a
1037 2939 1141 2984 me
1187 2922 1439 2985 uncinis
1482 2919 1731 2985 inclusa
1777 2918 2039 2985 delenda
2084 2925 2236 2984 sunt
2280 2925 2503 3005 utpote
2550 2942 2587 2985 a
2632 2920 2828 2986 sciolo
2874 2920 2989 2985 ad-

593 3027 830 3109 scripta
870 3046 996 3109 quo
1035 3023 1191 3109 quid
1229 3024 1505 3090 Saturno
1544 3025 1900 3103 deberetur,
1940 3024 2094 3109 quid
2136 3024 2304 3102 [an0‚
2345 3026 2503 3090 bene
2527 3024 2981 3111 distingueret.

595 3128 692 3191 Ex
757 3128 1105 3193 editoribus
1164 3131 1622 3194 recentioribus
1685 3130 1932 3216 Boenig
1992 3151 2141 3194 cum
2188 3128 2457 3196 Gelenio
2503 3132 2671 3194 dedit
2716 3130 2987 3196 seclusit

599 3270 684 3281 --
731 3232 1056 3319 Waltzing
1103 3232 1492 3297 Vahlenium
1553 3240 1810 3299 secutus
1848 3239 1968 3299 est
1986 3282 2003 3311 ,
2068 3237 2178 3320 qui
2231 3256 2345 3319 pro
2392 3235 2563 3299 dedit
2606 3235 2737 3321 legi
2784 3238 2985 3301 iussit

597 3338 869 3403 condidit
915 3344 1105 3423 atque
1151 3337 1466 3405 vocabulo
1512 3341 1843 3403 memoriam
1888 3340 2092 3404 affixit
2136 3362 2277 3424 que,
2326 3339 2403 3405 cl.
2443 3341 2603 3405 Aen.
2632 3339 2797 3406 VIII.
2840 3340 2980 3406 322

596 3450 661 3510 et
711 3441 863 3508 357.
923 3442 1188 3529 Insuper
1247 3447 1652 3510 coniecerunt
1710 3466 1823 3530 pro
1870 3446 2040 3509 dedit
2084 3444 2325 3511 Usener
2367 3446 2521 3509 idem
2567 3484 2653 3495 —
2700 3445 2979 3511 Bursian

463 3573 470 3578 ·
598 3550 815 3614 demde
859 3586 945 3598 —
994 3549 1303 3615 Dombart
1347 3552 1562 3615 metito·

693 3760 764 3828 Ο.
815 3760 923 3826 21.
955 3761 989 3825 1
1002 3760 1062 3827 1.
1109 3765 1208 3825 An
1254 3761 1389 3825 ideo
1435 3763 1688 3826 cessavit
1730 3763 1853 3827 icta
1894 3762 2217 3845 ceneroth,
2256 3763 2531 3848 quoniam
2568 3764 2743 3827 malla
2776 3763 2985 3828 huius-

601 3868 759 3931 modi
790 3868 1043 3951 fabulis
1075 3868 1401 3950 praebetur
1446 3868 1721 3933 adsensio
1737 3869 1774 3931 ?

689 3973 844 4038 Post
911 3973 1185 4057 quoniam
1254 3993 1518 4056 reponas
1583 3972 1785 4037 velim
1856 3973 1996 4036 iam.
2066 3972 2381 4038 Similiter
2448 3976 2515 4036 in
2581 3975 2985 4058 praecedenti

597 4078 794 4142 huius
853 4081 1081 4162 capitis
1143 4078 1546 4163 paragrapho
1597 4084 1860 4162 propter
1902 4078 2270 4144 litterarum
2317 4079 2812 4145 similitudinem
2858 4082 2983 4147 fac-

605 4188 750 4247 tum
821 4204 956 4247 esse
1003 4183 1186 4248 credo
1232 4190 1308 4247 ut
1350 4186 1420 4247 in
1466 4184 1711 4249 verbis:
1762 4191 1974 4265 optant
2014 4185 2081 4248 402
2128 4186 2357 4249 bomine
2388 4208 2793 4267 perseverare,
2825 4188 2984 4270 fieri

599 4310 662 4351 ee
721 4289 858 4352 deos
915 4296 1195 4365 metuunt,
1260 4290 1372 4352 etei
1431 4289 1550 4353 iam
1607 4311 1772 4353 senec
1826 4290 2039 4353 nobemt
2084 4296 2228 4355 ante
2273 4290 2663 4355 vocabulum
2712 4292 2827 4354 etei
2872 4313 2980 4357 ex-

594 4391 820 4457 ciderit
865 4398 941 4455 et.
