3246 5085
1321 348 1614 399 ruo-nus.
2132 316 2137 322 ’
2524 329 2658 396 251

261 523 484 584 tamen
533 517 704 583 haud
750 516 1019 604 indigna
1062 537 1224 602 quae
1267 515 1374 581 hic
1422 499 1862 602 proponantur
1908 553 1991 564 —
2040 517 2211 600 grati
2248 520 2417 580 certe
2454 515 2657 580 animi

260 626 732 690 testimonium.

352 729 608 817 Scripto
643 750 806 815 quae
843 728 1297 795 mandaveram
1335 733 1677 815 postquam
1718 748 1867 795 cum
1906 728 2187 807 Nabero,
2228 729 2434 794 amico
2476 739 2658 793 vene-

255 836 487 915 rabili,
554 837 1058 909 communicavi,
1124 835 1230 900 hic
1263 836 1519 922 ‘insigni
1569 841 1635 900 et
1682 855 1835 900 vere
1883 855 1999 900 sna
2044 835 2346 901 comitate
2395 834 2665 900 fruenda

256 945 428 1009 mihi
490 943 788 1028 permisit
848 963 1008 1027 quae
1071 940 1265 1019 olim,
1329 963 1479 1007 cum
1543 944 1608 1006 in
1674 940 1897 1007 Photii
1942 939 2145 1006 lexico
2195 940 2435 1007 edendo
2485 945 2661 1008 totus

254 1055 431 1128 erat,
497 1049 576 1114 ad
642 1045 900 1114 sextu'm
964 1047 1244 1114 Bekkeri
1305 1046 1593 1127 lexicon,
1645 1051 1750 1125 cui
1794 1068 2039 1113 novum
2090 1047 2529 1134 fragmentum
2578 1047 2663 1112 si·

255 1154 616 1222 millimum
679 1160 810 1232 est,
875 1157 1230 1220 annotavit.
1294 1151 1419 1221 Oui
1479 1175 1593 1241 pro
1660 1160 1838 1219 tanto
1886 1153 2191 1220 beneficio
2237 1153 2661 1222 libentissime

257 1269 325 1328 et
373 1284 450 1328 ex
498 1263 700 1326 animi
747 1262 1064 1326 sententia
1112 1279 1236 1346 ago
1285 1261 1549 1346 gratias.
1962 1317 1969 1324 .

355 1367 588 1432 Multis
628 1371 848 1432 autem
886 1365 1120 1454 glossis
1159 1366 1326 1433 locos
1368 1352 1705 1452 poetarum
1745 1368 2218 1454 scriptorumve
2242 1366 2659 1452 pedestrium,

260 1474 433 1540 unde
503 1474 834 1539 desumtae
900 1479 1087 1550 sunt,
1163 1473 1499 1558 adscripsit
1557 1473 1792 1552 Naber,
1856 1471 2013 1538 alios
2076 1471 2304 1537 addere
2364 1477 2653 1557 poteram

255 1580 554 1666 equidem
575 1602 592 1660 ς
639 1580 748 1646 sed
797 1580 949 1645 haec
994 1600 1167 1645 nunc
1212 1581 1280 1644 in
1319 1581 1570 1644 scriniis
1611 1601 1829 1658 serv0,
1872 1581 2177 1664 quoniam
2218 1577 2652 1646 Reitzenstein

257 1686 553 1753 consulto
613 1689 681 1750 in
743 1687 862 1752 hac
927 1685 1269 1764 προεκδόσει
1334 1685 1498 1751 nihil
1561 1685 1879 1753 eiusmodi
1926 1687 2476 1752 commemoravit.
2522 1661 2653 1766 ‘Qui

254 1795 455 1860 etiam
503 1792 748 1870 multa,
795 1813 956 1879 quae
1002 1795 1068 1857 in
1117 1793 1498 1880 fragmentis
1544 1793 1677 1858 iam
1718 1793 1983 1858 antehac
2022 1794 2300 1879 cognitis
2339 1794 2653 1860 amiticia

255 1906 412 1966 sunt
459 1898 828 1977 emendata,
878 1919 1283 1986 quascunque
1332 1900 1409 1966 ob
1457 1920 1678 1965 causas
1721 1902 1925 1966 sciens
1972 1901 2209 1964 omisit.

353 2115 416 2193 6,
447 2114 507 2180 1.
571 2152 657 2163 -—
725 2111 958 2180 Vocem
1005 2111 1188 2189 ἄβιος
1237 2113 1550 2196 Antiphon
1597 2113 1801 2179 fertur
1848 2115 1941 2178 ita
1987 2112 2351 2178 adhibuisse
2396 2120 2471 2177 ut
2517 2115 2656 2191 „in-

261 2222 554 2289 tensiva”
618 2226 786 2286 esset
848 2222 948 2286 vis
1011 2219 1302 2308 syllabae
1348 2222 1438 2297 αἱ-,
1489 2218 2033 2305 quemadmodum
2084 2219 2473 2286 adiectivum
2521 2217 2656 2286 Ho-

255 2331 574 2394 mericum
636 2323 860 2402 ἄξυλον
918 2333 1098 2392 erant
1159 2329 1271 2413 qui
1334 2325 1677 2404 πολύξυλον
1738 2329 2333 2409 interpretarentur.
2405 2323 2648 2391 Eadem

254 2435 571 2522 leguntur
605 2432 777 2520 apud
817 2433 1416 2518 Harpocrationem,
1461 2439 1527 2498 et
1562 2433 1731 2518 apud
1773 2432 2178 2520 Hesychium
2216 2432 2373 2498 haec
2394 2438 2646 2498 extant:

255 2544 476 2619 ἅβιος·
527 2539 851 2618 πλούσιος,
901 2541 979 2612 ὦς
1027 2544 1427 2617 Ἀντιφῶν
1475 2539 1549 2603 ἐν
1597 2541 1995 2623 Ἀληθείᾳ.

347 2648 476 2713 Ηίο
519 2648 783 2725 haereO,
831 2648 1135 2732 quoniam
1177 2645 1478 2712 credibile
1516 2667 1643 2711 non
1683 2644 1944 2711 videtur
1983 2646 2447 2731 Antiphontem
2493 2649 2644 2712 voce

249 2762 388 2821 tam
438 2753 698 2819 insolita
743 2760 806 2818 et
853 2773 890 2818 a
937 2752 1218 2818 dictione
1255 2754 1470 2818 Attica
1512 2751 1705 2839 longe
1746 2758 1995 2817 remota
2034 2773 2167 2817 esse
2200 2774 2415 2817 usum.
2464 2752 2646 2831 Quod

250 2868 472 2928 antem
533 2860 860 2925 confertur
920 2858 1313 2924 adiectivum
1372 2858 1598 2941 epicum
1646 2856 1913 2936 ἄξυλος,
1964 2880 2087 2924 non
2137 2860 2291 2923 sinit
2336 2858 2653 2945 vulg-atis-

251 2971 420 3033 simo
484 2965 772 3032 adhibito
833 2966 1118 3031 remedio
1183 2966 1493 3031 substitui
1554 2964 1842 3041 εὔβιος
1907 2962 2010 3030 vel
2076 2962 2372 3041 ἔμβιος
2444 2966 2643 3051 (quod

250 3072 407 3141 alibi
475 3072 645 3158 apud
707 3071 1281 3159 Harpocrationem
1331 3093 1408 3137 ex
1455 3072 1854 3158 Antiphonte
1904 3071 2037 3148 περὶ
2088 3072 2420 3145 Ἀληθείας
2468 3072 2512 3137 ὥ
2560 3073 2648 3137 af·

247 3181 504 3259 fertur).
551 3178 774 3265 Itaque
817 3199 940 3244 non
990 3199 1251 3265 possum
1297 3199 1424 3243 non
1472 3180 1784 3263 suspicari
1832 3199 2062 3244 nomen
2107 3181 2436 3264 proprium
2484 3180 2648 3245 vitio

245 3286 539 3352 laborare
574 3290 873 3363 vetuste,
914 3305 1042 3351 non
1083 3287 1255 3350 enim
1298 3286 1851 3365 Ἀντιφ(ῶντα)
1901 3284 1975 3347 ἐν
2024 3286 2401 3367 Ἀληθείᾳ
2454 3285 2650 3350 fuisse

248 3414 403 3459 eum
451 3393 564 3477 qni
609 3392 954 3457 Homerico
1002 3393 1253 3456 nomini
1300 3390 1461 3469 ἄβίῳ
1509 3392 1743 3455 miram
1792 3388 1973 3455 illam
2028 3392 2337 3456 tribueret
2377 3396 2651 3477 potesta-

247 3507 422 3576 tem,
488 3498 596 3563 sed
659 3497 1210 3579 'Avrlu(oexov)
1274 3498 1351 3563 ἐν·
1411 3511 1456 3560 ἃ·
1517 3504 1658 3569 τῆς
1714 3496 2157 3573 Θηβαΐδος.
2206 3496 2261 3561 Ε
2309 3518 2435 3582 quo
2478 3496 2642 3564 libro

244 3611 312 3672 et
374 3604 770 3681 βασιλεύτωρ
835 3611 900 3671 et
945 3602 1154 3677 Τύδης
1204 3608 1268 3669 et
1317 3603 1540 3675 Κάνθος
1587 3603 1759 3689 apud
1807 3604 2267 3689 grammaticos
2310 3600 2505 3669 allata
2551 3625 2642 3669 re-

246 3714 609 3799 periuntur.
678 3709 1054 3775 Homericam
1123 3714 1343 3775 autem
1416 3730 1642 3775 vocem
1711 3708 1881 3795 quod
1952 3708 2141 3774 modo
2210 3707 2498 3774 dicebam
2572 3710 2643 3773 τὸ

247 3816 454 3896 ἄβιον,
503 3838 628 3882 non
677 3824 772 3883 est
821 3816 1183 3902 periculum
1233 3837 1312 3881 ne
1359 3815 1646 3894 refellar3
1690 3836 1837 3882 nam
1882 3815 2075 3902 probe
2116 3817 2417 3880 novimus
2454 3836 2648 3901 quan-

249 3930 472 4009 tepere
515 3942 739 3987 versus
783 3920 886 3987 illi

524 4034 755 4093 Μυσῶν
801 4030 858 4091 τ’
906 4027 1309 4108 ἁγχιμιίχων
1358 4027 1462 4092 καὶ
1513 4030 1769 4104 ἀγαυῶν
1818 4029 2265 4103 Ἰππημολγῶν

522 4134 1004 4215 γλακτοφάγων
1053 4136 1286 4211 Ἀβίων
1325 4159 1394 4198 τε
1436 4134 1843 4199 δικαιοτάτων
1891 4135 2206 4211 ἀνθρώπων
2249 4140 2335 4215 (Ν
2367 4132 2405 4198 5
2433 4142 2554 4221 sq.)

241 4242 401 4309 olim
453 4243 751 4307 torserint
795 4245 1212 4328 interpretes;
1263 4242 1377 4307 ubi
1425 4249 1606 4307 erant
1655 4243 1765 4327 qui
1812 4248 1958 4306 ante
2007 4241 2323 4319 ἀνθρώπων
2372 4245 2640 4309 tertium
2710 4298 2717 4307 .

243 4374 316 4414 τε
355 4352 736 4427 insererent,
777 4371 893 4434 pro
933 4352 1190 4415 nomine
1229 4352 1485 4434 proprio
1525 4349 1829 4414 habentes
1866 4369 2088 4413 vocem
2122 4352 2434 4428 ’Λγαυῶν,
2461 4372 2643 4415 voces

242 4462 462 4523 autem
513 4457 929 4536 ἱππημολγῶν
980 4463 1044 4522 et
1091 4456 1288 4535 ἀβίων
1330 4478 1444 4542 pro
1491 4456 1844 4523 adiectivis.
1918 4456 2123 4538 Quam
2172 4457 2635 4544 interpretandi
