3246 5085
1315 359 1631 412 nomos.
2539 345 2672 414 28¹7

377 530 477 613 (5)
532 527 689 596 Tale
748 533 845 595 est
902 525 1071 593 illud
1132 530 1439 614 sapientis
1502 529 1753 594 Aeneae
1819 549 1988 607 „non
2051 527 2186 596 ulla
2244 528 2538 596 laborum
2559 580 2576 611 ‚
2635 551 2673 598 o

286 640 514 724 virgo,
578 655 747 702 nova
806 636 902 700 mi
965 634 1157 700 facies
1201 636 1546 721 inopinave
1594 635 1808 722 surgit
1855 632 1969 714 (VI
2021 633 2197 715 103).
2336 635 2442 703 Sic
2487 637 2674 717 Don„

286 743 457 831 quod
502 739 623 808 Ed.
669 744 903 828 ineptis
947 740 1293 828 exemplis,
1342 762 1379 807 a
1421 741 1755 806 Wessnero
1794 741 2048 806 cursivo
2088 740 2309 821 editis,
2351 743 2676 830 supplevit

283 852 421 918 his:
471 851 555 914 Ec
602 851 829 928 „Arma
862 856 1090 932 parate
1125 848 1345 912 animia
1384 855 1444 913 et
1482 870 1587 930 ape
1614 848 1986 930 praesumite
2023 848 2304 929 belhcm”,
2351 857 2410 914 et
2449 851 2676 929 „Hunc

285 981 392 1042 eqo
434 957 493 1021 εἰ
524 956 705 1040 potui
751 963 985 1020 tantum
1030 977 1273 1038 sperare
1320 953 1621 1019 dolorem''
1671 941 1847 1020 idem
1895 954 2016 1034 (XI
2068 953 2172 1032 18,
2219 954 2306 1022 IV
2354 955 2536 1038 419).
2739 947 2748 952 ⁰

378 1061 541 1129 Ibid.
589 1061 674 1128 21
748 1060 915 1128 Geta
960 1063 1194 1147 repetit
1240 1080 1401 1146 quae
1449 1081 1641 1126 senex
1689 1059 1938 1126 dicebat
1982 1062 2050 1124 in
2099 1082 2193 1126 ve.
2245 1060 2364 1128 16:

378 1167 699 1256 Quicquid
734 1173 988 1254 praeter
1025 1187 1208 1252 spem
1245 1169 1494 1233 eveniet
1532 1187 1720 1232 omne
1760 1165 1826 1232 id
1867 1165 2184 1252 deputabo
2225 1189 2360 1235 esse
2397 1172 2466 1234 in
2502 1151 2680 1237 lucro

380 1276 477 1358 (1)
522 1273 821 1342 Totidem
870 1273 1083 1341 verbis
1128 1294 1286 1340 usus
1334 1278 1431 1340 est
1478 1279 1634 1358 quot
1681 1293 1874 1338 senex
1894 1320 1912 1351 ,
1959 1272 2038 1339 ad
2081 1275 2450 1340 irrisionem
2505 1277 2644 1341 eius
2661 1295 2678 1355 ;

284 1384 380 1449 sic
428 1387 495 1448 et
537 1383 607 1446 in
654 1379 964 1466 Adelphis
1012 1381 1369 1464 „inspicere
1417 1384 1750 1465 tamquam
1798 1381 1868 1443 in
1913 1378 2248 1464 speculum
2293 1383 2363 1446 in
2409 1383 2681 1467 patinas,

286 1488 565 1567 Demea,
628 1485 863 1553 iubeo”
926 1484 1047 1565 (III
1094 1485 1155 1552 3.
1185 1484 1267 1552 61
1336 1491 1402 1552 et
1466 1485 1599 1567 74).
1739 1484 1836 1568 (2)
1894 1485 2034 1551 Hoc
2079 1487 2255 1552 idem
2303 1509 2497 1553 senex
2543 1487 2682 1554 fieri

288 1603 581 1684 oportere
626 1594 794 1660 dixit
840 1601 963 1674 (vs,
1014 1590 1147 1672 16),
1196 1592 1369 1678 quod
1417 1593 1524 1659 hic
1572 1593 1763 1669 fecit,
1813 1613 1966 1679 ergo
2015 1596 2334 1679 sapienter
2379 1593 2566 1661 Geta.

383 1702 544 1769 Don.
594 1701 693 1782 (1)
740 1701 1052 1786 magister
1098 1697 1371 1784 aliquis,
1418 1702 1534 1765 vix
1580 1700 1752 1764 enim
1801 1697 2048 1777 Editor,
2095 1703 2409 1788 excerpsit
2452 1704 2522 1767 in
2561 1701 2680 1784 (2).

384 1807 545 1873 Ibid.
603 1805 691 1872 30
766 1803 1079 1884 „Gestio”
1143 1803 1287 1890 plus
1347 1810 1447 1870 est
1508 1824 1704 1891 quam
1769 1802 2029 1882 „volo”.
2168 1803 2366 1872 Sane!
2428 1807 2680 1894 Eugr.

295 1913 609 1995 „Gestio”
659 1919 879 1979 autem
924 1913 1172 1998 cupio
1219 1916 1334 1977 aut
1380 1910 1810 1990 desidero,
1859 1917 2008 1976 cett.

384 2021 545 2088 Ibid.
596 2018 682 2086 50
751 2018 881 2084 Ubi
928 2023 1069 2085 tute
1114 2018 1385 2083 verbum
1432 2038 1557 2083 non
1604 2016 1982 2104 respondeas

385 2128 481 2209 (2)
528 2126 668 2194 Non
717 2126 885 2191 dixit
932 2145 1203 2211 „parum
1251 2122 1488 2202 dicas'’‚
1536 2123 1647 2189 sed
1697 2123 2010 2200 „verbum
2056 2124 2164 2215 (n.
2191 2125 2362 2216 r.>”.
2409 2124 2529 2193 Ed.

384 2234 549 2300 Ibid.
601 2233 686 2301 57
758 2230 811 2296 Ο
857 2232 1021 2299 bone
1061 2235 1313 2308 custos,
1362 2225 1579 2296 salve!
1631 2227 1948 2297 Columen
1995 2251 2147 2297 vero
2194 2231 2478 2298 familiae

386 2341 485 2422 (1)
551 2337 952 2418 „Columen”
1001 2335 1293 2415 culmen,
1344 2357 1424 2402 an
1475 2335 1857 2414 „columen”
1909 2336 2244 2417 columna,
2293 2339 2462 2405 unde
2510 2339 2683 2406 colu-

294 2444 527 2512 mellae
589 2444 759 2531 apud
824 2449 1071 2510 veteres
1133 2442 1290 2508 dicti
1352 2445 1525 2509 servi
1588 2445 1860 2509 maiores
1907 2441 2180 2510 domus?
2226 2444 2520 2512 Lucilius
2569 2497 2586 2514 .
2617 2497 2631 2514 .
2663 2494 2680 2514 .

293 2553 547 2619 Tubero
596 2600 611 2617 .
640 2601 655 2618 .
685 2601 700 2617 .
750 2551 1059 2617 Horatius
1112 2600 1126 2616 .
1156 2600 1171 2615 .
1200 2600 1217 2615 .
1265 2548 1515 2617 Ennius
1560 2598 1575 2615 .
1605 2597 1621 2615 .
1654 2598 1669 2615 .
1809 2550 1903 2631 (2)
1966 2551 2363 2619 Sustentatio
2424 2553 2531 2621 vel
2576 2554 2682 2621 de-

293 2681 442 2739 cus,
485 2658 652 2725 unde
692 2657 1027 2725 columnae
1063 2656 1292 2723 dictae.
1432 2654 1529 2737 (3)
1569 2656 1657 2721 Et
1696 2656 1960 2722 moralis
1996 2660 2066 2722 in
2109 2657 2363 2734 αὐξήσει
2391 2661 2680 2739 εἰρωνεία.

386 2766 513 2832 Hic
576 2786 827 2852 quoque
889 2764 985 2844 (2)
1048 2763 1217 2829 alius
1276 2769 1375 2829 est
1435 2765 1733 2849 magistri
1797 2768 1950 2829 nota
2010 2765 2422 2851 marginalis,
2471 2773 2535 2832 et
2581 2766 2680 2850 (3)

294 2875 501 2941 denuo
550 2872 808 2939 Donati.
875 2869 973 2939 Of.
1022 2891 1214 2957 supra
1259 2869 1322 2934 II
1373 2870 1432 2935 1.
1459 2868 1499 2932 4
1524 2867 1642 2948 (3).
1691 2867 1901 2934 Schol.
1942 2869 2040 2950 (1)
2087 2876 2348 2956 propter
2384 2878 2682 2939 veterum

291 2980 465 3048 locos
512 2978 1010 3045 Wessnerus
1054 2999 1132 3044 ex
1179 2978 1385 3063 Aspro
1432 2974 1858 3041 derivandum
1905 2996 2042 3041 esse
2089 2983 2300 3042 censet
2331 2978 2396 3058 ¹).

386 3086 548 3152 Ibid.
601 3084 689 3151 62
758 3083 1039 3150 Servum
1060 3083 1413 3150 -hominem
1460 3102 1721 3148 causam
1767 3102 1947 3147 orare
1993 3082 2170 3171 leges
2218 3106 2343 3150 non
2391 3087 2610 3151 sinunt

388 3194 486 3274 (2)
533 3191 817 3258 Venuste
863 3190 1216 3257 hominem.
1263 3188 1609 3256 Sallustius
1655 3192 1726 3253 in
1773 3188 2094 3275 Iugurtha
2137 3190 2275 3271 (12.
2301 3190 2369 3274 5)
2419 3238 2480 3271 „.
2513 3239 2528 3258 .
2558 3240 2575 3257 .
2613 3195 2684 3258 in

292 3302 564 3387 tugurio
610 3296 907 3363 mulieris
954 3295 1289 3363 ancillae”.
1338 3334 1421 3347 —-
1470 3296 1569 3379 (3)
1615 3296 1786 3363 Mire
1833 3300 2205 3363 extenuavit
2251 3299 2683 3366 condicionem

292 3424 477 3472 suam
518 3404 784 3470 dicendo
822 3404 929 3484 (cf.
970 3423 1164 3489 supra
1202 3401 1282 3467 ad
1318 3401 1349 3467 I
1388 3401 1450 3468 2.
1483 3400 1567 3469 13
1592 3402 1734 3483 (1))
1773 3424 1900 3468 non
1944 3402 2132 3481 „me”
2173 3403 2283 3469 sed
2311 3406 2683 3486 „servum'’,

291 3518 359 3579 et
428 3510 714 3578 addendo
788 3508 1207 3589 „hominem”
1277 3506 1609 3575 moraliter
1677 3508 1934 3575 locutus
2003 3513 2136 3591 est;
2201 3512 2294 3576 sic
2357 3511 2686 3599 Vergilius

363 3758 419 3823 1)
462 3758 599 3806 Aem.
633 3758 747 3821 Asp.
782 3771 827 3821 p.
866 3756 931 3805 84
949 3770 1020 3819 aq.
1065 3754 1177 3803 Non
1212 3768 1331 3819 nego
1364 3752 1455 3803 hoc
1489 3752 1753 3805 verisimile
1787 3770 1901 3815 ease,
1935 3754 2015 3803 sed
2051 3754 2162 3804 inde
2199 3770 2296 3804 non
2333 3753 2556 3820 seqnitur
2587 3753 2688 3804 Do·

294 3843 465 3891 natum
497 3842 683 3888 veteres
716 3840 879 3903 poetas
913 3852 1009 3886 nou
1046 3835 1203 3902 ipsum
1238 3836 1495 3885 revolvisse
1529 3851 1682 3901 neque
1717 3837 1807 3886 hoc
1840 3836 1960 3887 mihi
1996 3837 2234 3902 persuasit
2269 3836 2574 3887 ratiocinatio
2608 3839 2686 3889 W.

290 3940 341 3990 Ρ.
376 3924 441 3972 35
475 3921 627 3973 infr-2
670 3920 788 3971 ,Rei
826 3920 979 3969 cinam
1015 3918 1244 3969 Erkliirer
1277 3919 1359 3969 dea
1395 3918 1561 3983 Vergil
1596 3920 1694 3969 und
1732 3918 1912 3968 Terens
1951 3918 2030 3981 (h.
2045 3934 2086 3967 e.
2124 3921 2299 3984 Asper)
2335 3919 2454 3969 wird
2491 3935 2602 3970 man
2638 3934 2688 3971 ec

291 4020 387 4056 nur
436 4003 681 4055 naturlich
732 4002 908 4061 finden,
958 4001 1065 4052 dass
1111 4016 1165 4051 er
1206 4002 1381 4065 gerade
1415 4001 1505 4050 mit
1540 4000 1724 4051 Ennius
1756 4001 1858 4050 sich
1893 4002 2042 4051 nahor
2075 3999 2360 4065 beschiftigt
2395 4003 2494 4052 hat.
2552 4004 2687 4052 Zwar

290 4086 456 4137 Donat
490 4086 554 4137 ist
581 4086 634 4149 ja
668 4085 789 4135 auch
824 4083 1009 4148 Vergil·
1045 4084 1141 4133 und
1176 4082 1571 4133 Terenzerkliirer
1605 4083 1658 4132 in
1695 4083 1828 4132 einer
1861 4082 2059 4143 Person,
2092 4081 2205 4133 aber
2237 4084 2338 4134 ihm
2378 4088 2668 4134 zuzutrauen

291 4170 401 4221 dae·
449 4184 503 4220 er
552 4168 699 4219 solbat
742 4167 835 4217 den
880 4167 1011 4217 alten
1058 4167 1259 4217 Dichter
1303 4166 1689 4231 autgeeohlagem
1735 4164 1968 4215 verhietet
2010 4166 2088 4216 die
2125 4166 2374 4227 Tataache,
2407 4167 2514 4216 dass
2548 4181 2602 4216 er
2635 4166 2686 4217 in

288 4254 453 4304 acinon
506 4254 645 4303 Arte·
694 4264 819 4300 παι·
866 4250 993 4299 oster
1038 4249 1390 4299 Ennianatellen
1436 4247 1682 4313 anbringt,
1727 4246 1840 4298 aber
1875 4248 1999 4298 ohne
2032 4250 2122 4299 den
2159 4249 2357 4299 Dichter
2390 4265 2449 4301 zu
2483 4264 2688 4311 nennen,

292 4336 391 4387 und
441 4334 549 4385 dass
596 4331 677 4383 ein
728 4332 835 4382 'teil
886 4331 1041 4380 dieser
1083 4331 1237 4381 Zitate
1281 4331 1381 4380 sich
1429 4330 1550 4381 auch
1596 4330 1650 4379 in
1700 4330 2003 4380 verwandten
2038 4332 2437 4394 grammatischen
2475 4331 2687 4382 Werken

292 4417 455 4467 findet.
504 4414 647 4467 Ohne
691 4413 949 4475 zweil'elss)
983 4412 1069 4463 hat
1104 4415 1262 4462 Donat
1298 4414 1426 4464 aeine
1460 4411 1965 4463 EnniusBruchstiicke
1999 4413 2150 4463 durch
2186 4414 2363 4464 andere
2395 4414 2690 4477 Grammati-

291 4500 380 4552 ker
414 4498 651 4559 erhalten,
680 4512 731 4547 ec
762 4512 921 4548 waren
954 4493 1375 4561 Sehulbeispiele”.
