3246 5085
644 276 776 343 382
1411 293 1495 340 1111
1540 293 1858 342 nummus
1902 293 2221 342 rrmmoo.

645 458 1067 534 ἐναντιότητες
1118 458 1326 541 Φωτὸς
1375 458 1474 523 καὶ
1526 457 1801 531 σκότους.
1851 456 2087 523 Versus
2134 458 2466 544 Euripidei
2506 464 2688 540 sunt,
2728 462 3070 546 interpre-

643 570 802 633 tatio
849 573 1068 633 autem
1117 566 1496 631 Eusebiana.
1546 564 1865 630 Eusebius
1913 567 2086 630 enim
2132 586 2280 629 cum
2330 586 2367 630 a
2404 564 2633 630 multis
2669 566 3065 631 auctoribus

640 681 976 761 acceptum
1037 675 1298 739 haberet
1363 671 1738 757 Euripidem
1805 671 2226 752 Ἀναξαγόρου
2289 671 2583 750 τρόφιμον
2650 693 2783 738 esse
2838 672 3065 759 (quod

641 804 765 848 non
827 784 954 846 nisi
999 802 1078 845 ex
1125 785 1306 867 parte
1355 780 1631 865 quadam
1681 785 1747 844 et
1792 778 2197 864 aliquatenus
2243 781 2336 843 ita
2383 779 2579 844 fuisse
2626 778 2815 844 hodie
2860 781 3069 845 novi·

639 894 815 970 mus)
875 890 981 954 hic
1044 907 1296 973 quoque
1360 886 1463 950 τὸν
1527 883 1951 965 Ἀναξαγόρου
2012 890 2143 967 νοῦν
2207 887 2496 971 agnovit.
2562 884 2768 966 Quem
2816 892 3063 950 tamen

641 1016 767 1060 non
829 993 1162 1079 Euripidis
1227 994 1438 1058 verbis
1487 992 1596 1057 sed
1645 994 1781 1056 suis
1828 992 1907 1057 ab
1952 1012 2027 1057 eo
2072 990 2432 1057 indicatum
2478 1012 2615 1057 esse
2661 991 2771 1059 vel
2815 1012 2893 1057 eo
2950 1012 3062 1057 61·-

638 1104 869 1189 guitur
929 1098 1098 1185 quod
1156 1097 1347 1164 illum
1410 1097 1740 1184 Euripidis
1807 1098 2017 1164 Deum
2084 1098 2186 1163 τὸν
2234 1098 2595 1180 δημιουργὸν
2645 1103 2778 1164 νοῦν
2823 1104 3060 1165 vocat.

639 1207 806 1273 Nam
864 1208 1307 1292 Aristagoram
1354 1211 1518 1269 Νοῦν
1563 1226 1755 1270 suum
1804 1224 2161 1290 numquam
2213 1204 2576 1284 δημιουργὸν
2622 1205 2859 1271 dixisse
2909 1226 3060 1270 cer-

637 1319 783 1379 tum
823 1318 953 1392 est,
994 1333 1228 1378 nomen
1275 1311 1442 1377 illud
1492 1311 1570 1377 de
1618 1310 1846 1376 mundi
1892 1311 2116 1397 opifice
2164 1317 2313 1378 ante
2360 1311 2647 1378 Platonis
2692 1311 3057 1377 Timaeum

638 1442 762 1487 non
802 1422 1118 1485 usitatum
1161 1424 1291 1497 est,
1341 1418 1447 1484 sed
1498 1417 1994 1484 dilectissimum
2041 1417 2543 1504 Neoplatonicis.
2608 1417 2868 1484 Etenim
2918 1419 3055 1484 hoc

637 1526 1132 1593 Wilamowitzio
1198 1546 1278 1590 ex
1347 1526 1561 1591 animo
1631 1526 1975 1590 assentior:
2045 1524 2430 1611 „Euripides
2491 1546 2605 1591 nec
2668 1525 3049 1605 δημιουργὸν

634 1634 818 1698 novit
858 1653 971 1698 nec
1011 1631 1210 1696 νοῦν”.
1267 1668 1351 1681 ·—-
1404 1631 1648 1696 Aether
1685 1636 1781 1695 est
1822 1652 2014 1717 quem
2054 1632 2376 1710 adoratur,
2420 1632 2695 1697 Aethera
2730 1631 2889 1697 colit
2925 1630 3050 1697 vel

636 1741 854 1825 potius
892 1758 1216 1804 summam
1258 1737 1541 1803 Naturae
1582 1740 1718 1803 vim
1742 1786 1759 1815 ,
1800 1738 2112 1824 quidquid
2163 1740 2370 1804 oritur
2416 1740 2851 1804 continentem
2898 1759 3047 1804 am-

637 1845 834 1931 plexu
895 1866 1043 1921 suc,
1109 1865 1306 1930 quam
1368 1843 1886 1930 quandoquidem
1935 1844 2169 1910 divina
2202 1845 2697 1931 absconditaque
2742 1847 2811 1909 in
2859 1850 3047 1911 certa

637 1950 912 2039 quadam
951 1953 1210 2039 regione
1237 1949 1542 2016 collocare
1565 1972 1715 2015 eum
1742 1953 1917 2037 cogit
1939 1953 2080 2037 ipsa
2104 1954 2341 2017 mentis
2366 1952 2684 2018 humanae
2710 1950 3040 2029 debilitas,

636 2062 704 2124 in
745 2059 1020 2126 Aethere
1065 2059 1466 2123 habitantem
1502 2057 1675 2123 fecit.
1740 2058 1856 2122 Est
1894 2060 2066 2123 enim
2108 2059 2222 2123 ubi
2259 2060 2476 2144 ipsum
2517 2059 2794 2125 Aethera
2832 2057 3037 2124 deum

646 2163 930 2231 salutent
973 2166 1264 2231 homines
1311 2164 1647 2249 Euripidei
1693 2162 1797 2245 (sr.
1850 2164 2011 2245 941)

1092 2273 1235 2357 ὁρᾷς
1283 2271 1384 2336 τὸν
1429 2272 1586 2349 ὑψοῦ
1637 2270 1794 2337 τόνδ’
1843 2269 2090 2352 ἄπειρον
2137 2271 2345 2352 αἰθέρα

1092 2379 1196 2442 καὶ
1247 2383 1368 2456 γῆν
1414 2372 1590 2458 πέριξ
1638 2376 1843 2456 ἔχοντ’
1892 2378 2109 2458 ὑγραῖς
2160 2383 2220 2441 ἐν
2266 2378 2625 2457 &radanem

1091 2488 1302 2550 τοῦτον
1351 2482 1558 2565 νόμιζε
1605 2491 1807 2564 Ζῆνα,
1858 2483 2015 2560 τόνδ’
2067 2485 2220 2564 ἡγοῦ
2270 2483 2432 2549 θεόν·

637 2591 745 2658 sed
818 2593 960 2677 quis
1031 2592 1227 2656 fuerit
1295 2594 1400 2656 cui
1468 2592 1631 2656 hanc
1694 2593 2077 2657 seutentiam
2149 2612 2298 2657 sane
2364 2613 2571 2677 neque
2632 2590 3027 2677 peculiarem

635 2715 840 2782 neque
881 2699 1359 2764 accuratissime
1398 2719 1764 2783 expressam
1817 2705 2003 2784 poeta
2048 2699 2503 2764 enuntiandam
2553 2697 2798 2763 dederit
2840 2701 3030 2784 iguo-

635 2826 871 2870 ramus.
922 2805 1022 2869 Ad
1070 2804 1404 2870 Hecubam
1445 2804 1549 2868 hic
1590 2825 1841 2890 quoque
1882 2804 2481 2890 philosophantem,
2524 2810 2589 2871 et
2626 2804 2731 2869 hic
2770 2824 3031 2889 quoque

634 2897 1004 2978 dubitanter
1049 2911 1298 2976 diversa
1344 2912 1774 2996 proferentem
1795 2959 1811 2990 ,
1862 2911 2091 2976 malim
2148 2933 2487 2978 recurrere.
2546 2912 2777 2977 Audite
2816 2911 3031 2977 Hecu-

633 3019 750 3083 bae
795 3038 1011 3105 preces
1059 3018 1309 3098 (Troad.
1362 3016 1523 3098 884)

1090 3121 1131 3188 ὦ
1180 3131 1302 3200 γῆς
1349 3121 1570 3201 ὄχημα
1620 3123 1775 3187 κάπὶ
1823 3134 1945 3202 γῆς
1994 3123 2153 3204 ἔχων
2202 3121 2399 3203 ἕδραν,

1089 3227 1255 3302 ὅστις
1303 3233 1440 3294 ποτ’
1493 3226 1554 3295 εἶ
1593 3253 1669 3294 συ
1718 3229 2147 3304 δυστόπαστος
2196 3231 2456 3310 εἷδέναι,

1091 3338 1282 3415 Ζεύς,
1333 3335 1448 3400 εἴτ’
1497 3337 1748 3416 ἀνάγκη
1794 3337 2043 3419 φύσεως
2092 3336 2220 3402 εἴτε
2266 3343 2401 3410 νοῦς
2447 3337 2699 3418 βροτῶν,

1089 3441 1530 3521 προσηυξάμην
1581 3467 1688 3510 σε·
1740 3443 1953 3509 πάντα
2002 3445 2127 3522 γὰρ
2176 3445 2251 3509 δι’
2300 3445 2554 3525 ἀψόφου

1086 3549 1319 3625 βαίνων
1367 3551 1651 3615 κελεύθου
1699 3551 1867 3614 κατὰ
1918 3549 2084 3624 δίκην
2132 3550 2217 3615 τὰ
2268 3551 2432 3626 θνήτ’
2478 3547 2681 3628 ἄγεις.

631 3657 731 3722 Ita
776 3655 1015 3722 mulier
1063 3676 1212 3722 vere
1262 3655 1608 3742 Euripidea
1655 3661 2101 3736 φυσιολσγικές
2150 3658 2497 3724 admodum
2544 3660 2800 3745 incipit3
2852 3659 3019 3726 dicas

632 3763 1063 3848 Melanippen.
1113 3761 1198 3827 Et
1245 3762 1400 3827 dum
1443 3764 1709 3850 physica
1748 3767 1981 3830 tractat
2020 3764 2200 3829 docte
2240 3765 2575 3830 'confundit
2614 3765 3023 3852 Pythagorea

634 3868 998 3935 Heraclitea
1037 3871 1477 3955 Anaxagorae,
1520 3890 1634 3934 nec
1671 3873 1886 3934 tamen
1926 3890 2000 3935 ea
2041 3869 2599 3957 philosophemata
2624 3872 3025 3937 satisfaciunt

633 3979 710 4040 ei.
761 3975 940 4042 Licet
977 3997 1178 4040 unum
1223 3981 1432 4041 teneat
1458 3997 1712 4061 semper
1736 3977 1905 4062 quod
1930 3979 2086 4042 etin
2111 3978 2284 4043 hisce
2312 3979 2601 4043 versibus
2625 3983 2689 4044 et
2712 3981 2777 4044 in
2804 3985 3020 4044 nostro

628 4081 990 4166 fragmento
1051 4102 1303 4166 semper
1366 4082 1566 4162 redit,
1640 4083 1919 4149 Aethera
1978 4083 2281 4169 amplexu
2344 4087 2660 4151 sustinere
2721 4091 3017 4150 naturam

628 4207 876 4266 rerum,
918 4211 1040 4253 non
1079 4191 1144 4252 in
1187 4190 1504 4255 eiusmodi
1544 4190 1833 4257 doctrina
1875 4193 2179 4277 quiescit,
2223 4212 2384 4276 quae
2431 4191 2716 4267 ἀνάγκην
2768 4197 3019 4257 tantum

630 4300 965 4380 agnoscat:
1031 4294 1242 4360 Deum
1297 4296 1584 4380 postulat
1629 4300 1887 4364 animus
1938 4297 2271 4375 Hecubae,
2318 4319 2447 4363 non
2502 4297 2723 4378 Αἰθέρα
2770 4297 3017 4362 πάντων

628 4408 930 4484 γενετῆρα
971 4401 1080 4467 sed
1124 4404 1248 4466 Δία
1292 4403 1484 4482 Αἱθέρι
1515 4403 1781 4470 ναίοντα.
1832 4403 2096 4471 Caelum
2125 4406 2295 4469 enim
2324 4425 2451 4470 non
2475 4404 2632 4469 deus
2659 4403 2766 4470 sed
2792 4403 3016 4480 οἴκησις
