3246 5085
600 318 733 394 262
838 397 846 403 ι
1414 377 1417 380 .
1644 339 1935 390 merlus.

693 501 864 579 75,1
915 541 996 568 =
1042 503 1275 570 Aneed.
1350 503 1555 570 Bekk.
1623 504 1911 583 383,11.
1980 544 2061 555 -
2132 507 2549 573 ἆλίνουσι·
2602 507 3011 572 λεπτύνουσι.

595 616 946 690 Σοφοκλῆς.

690 715 958 794 „Nonne
1003 715 1564 782 λειαίνουσιῖ”
1618 723 1884 784 annotat
1928 719 2159 799 Nuber‚
2207 722 2321 806 qui
2368 740 2485 785 aen
2524 742 2659 786 rem
2700 721 3015 808 tetigisse

595 823 855 889 videtur
900 832 1378 906 (AIAINOTCI
1409 862 1491 874 -
1523 833 1994 906 AAINOTCI).

691 1041 795 1124 75,
824 1043 885 1108 2.
939 1081 1022 1093 —
1073 1044 1411 1109 ἁλίπαστα
1463 1045 1590 1110 κτὲ.

687 1139 947 1218 Confert
1005 1149 1432 1216 Reitzenstein
1479 1147 1695 1218 looum
1747 1151 2128 1238 parallelum
2184 1151 2417 1218 Aneed.
2468 1151 2671 1218 Bekk.
2716 1150 3005 1230 383,12

594 1263 658 1322 et
696 1257 880 1322 Eust.
927 1255 1123 1336 1827,
1153 1256 1260 1322 60.
1301 1256 1550 1324 Addere
1591 1265 1839 1344 poterat
1883 1259 2114 1324 Anecd.
2155 1259 2357 1326 Bekk.
2386 1258 2494 1338 26,
2522 1259 2602 1324 21
2636 1266 2700 1324 et
2724 1257 3007 1324 Aelium

596 1362 982 1450 Dionysium
1028 1364 1200 1450 apud
1245 1363 1430 1429 Eust.
1484 1361 1682 1443 1278,
1711 1363 1817 1429 54.
2273 1393 2279 1402 ·

688 1581 794 1662 76,
843 1583 932 1649 22
979 1622 1060 1648 .--
1105 1582 1310 1650 Bekk.
1361 1581 1600 1650 Aneod.
1653 1582 1807 1663 376,
1835 1583 1945 1650 28.
2013 1623 2098 1635 -
2165 1585 2641 1663 ἄλκμαίων·
2694 1585 2999 1666 ἰσχυρῶν,

594 1690 893 1770 ἑνδρεΙων,
945 1693 1262 1768 γενναίων.
2916 1692 2921 1695 ’

687 1797 878 1876 „Lies
936 1799 978 1862 ὦ
999 1813 1036 1861 λ
1061 1822 1154 1862 και
1175 1797 1198 1863 Ι
1214 1797 1348 1861 ων”
1396 1803 1658 1864 annotat
1707 1797 2170 1880 Reitzenstein,
2219 1800 2485 1866 fortasse
2536 1820 2761 1865 verum
2806 1801 3009 1864 resti-

595 1912 817 1983 tuens,
880 1904 990 1970 sed
1052 1910 1166 1969 aut
1226 1926 1349 1970 non
1411 1906 1629 1970 minus
1692 1906 1853 1972 bene
1918 1912 2032 1971 aut
2080 1908 2277 1972 etiam
2323 1904 2560 1972 melius
2610 1902 2817 1992 placet
2863 1907 3007 1970 ἀκ-

596 2037 642 2086 μ
666 2011 748 2076 αι’
767 2035 889 2089 ων,
939 2011 1107 2097 quod
1153 2013 1452 2097 proponit
1487 2011 1726 2077 'Naben

687 2213 906 2293 77,14
955 2241 1034 2265 -·-
1081 2214 1285 2280 Bekk.
1349 2213 1583 2281 Aneed.
1640 2213 1792 2294 377,
1823 2214 1930 2281 30.
1996 2253 2083 2265 -
2146 2213 2461 2281 Fabulam
2526 2236 2686 2302 quae
2748 2220 2845 2282 est.
2906 2215 3003 2282 de

595 2320 816 2386 diebus
863 2317 1208 2386 αἱλκυονίσιν
1258 2343 1580 2388 enarrasse
1626 2321 1865 2388 dicitur
1904 2323 2325 2402 Ἀγήσανδρος
2366 2323 2426 2390 ἐν
2465 2331 2591 2395 τοῖς
2637 2323 2770 2402 περὶ
2815 2324 3004 2388 ὑπο-

593 2427 1067 2518 μνημάτωκ

688 2533 875 2613 „hies
913 2531 1374 2613 ‘Hydcoevaoc'’
1417 2537 1685 2599 annotat
1718 2533 2148 2601 Reitzenstein
2188 2557 2392 2622 neque
2432 2533 2849 2601 oblocuturus
2889 2541 3005 2604 est

593 2645 954 2728 quisquam.
1003 2640 1124 2708 Sed
1166 2662 1354 2727 quam
1400 2643 1644 2707 mirum
1684 2643 1953 2708 titulum
1994 2642 2221 2709 habuit
2258 2646 2398 2708 eius
2436 2640 2630 2708 liber!
2669 2642 2741 2709 In
2781 2642 3003 2710 lexico

590 2750 983 2837 Segueriano
1047 2750 1106 2813 ἐν
1168 2757 1295 2821 τοῖς
1359 2748 1491 2827 περὶ
1557 2749 2006 2827 ὑπομνήματι
2071 2757 2168 2815 est
2232 2749 2519 2829 editum,
2584 2771 2745 2837 quae
2795 2750 3003 2816 verba

590 2859 682 2923 sio
736 2856 1111 2943 corrigebat
1171 2854 1457 2921 Mehler:
1525 2854 1586 2919 ἐν
1649 2863 1773 2929 τοῖς
1841 2856 1975 2938 περὶ
2027 2855 2610 2934 <οὲγοιλμάτων
2676 2857 2809 2921 καὶ
2872 2856 3001 2921 ἑν-

589 2964 1050 3045 δριάντων)
1103 2963 1640 3040 ὑπομνήμασι
1693 2962 1974 3045 (Nabar).

683 3164 905 3244 78,18
951 3164 1314 3231 ='Aneod.
1363 3164 1570 3230 Bekk.
1621 3162 1889 3243 378,13
1936 3191 2016 3216 =
2064 3164 2245 3231 Suid.
2314 3203 2398 3215 —
2463 3166 2786 3240 ἀλλήλων·
2840 3166 2986 3232 ἀντὶ

590 3278 698 3337 τοῦ
749 3273 996 3337 ἑαυτῶν.
1048 3267 1235 3344 οὕτως
1281 3270 1609 3349 Εὐριπίδης
1662 3273 1764 3353 (fr.
1823 3270 1996 3337 1124
2043 3298 2122 3324 =
2175 3272 2348 3339 1107
2398 3272 2620 3355 Dind.)
2668 3272 2797 3338 κτὲ.

591 3486 968 3571 fragmentis
1013 3485 1151 3550 sive
1195 3486 1496 3571 genuinis
1543 3486 1680 3549 sive
1727 3483 1939 3549 dubiis
1986 3485 2089 3549 hie
2138 3483 2315 3549 loeus
2363 3484 2761 3551 eximendus.

683 3702 790 3782 78,
819 3702 916 3768 21.
951 3728 1029 3753 =
1078 3702 1310 3769 Anecd.
1361 3700 1562 3769 Bekk.
1613 3701 1766 3780 378,
1796 3700 1904 3767 31.
1951 3739 2037 3751 -
2084 3702 2421 3768 ἀλλόκοτον
2470 3704 2596 3767 tta-5.

681 3809 947 3877 Confert
993 3808 1205 3875 Naber
1251 3807 1444 3875 schol.
1496 3806 1663 3872 Plat.
1713 3806 1870 3893 Rep.
1921 3805 2115 3874 487d.

681 4028 788 4107 79,
819 4028 860 4093 8
907 4054 986 4080 =
1036 4028 1269 4094 Anecd.
1318 4026 1524 4092 Bekk.
1575 4025 1729 4107 379,
1758 4026 1797 4092 9
1844 4056 1925 4083 =
1972 4028 2153 4095 Suid.
2204 4065 2291 4078 --
2330 4028 2545 4103 ἄλλος
2566 4029 2794 4095 ἄλλον·
2839 4034 2984 4098 ἀντὶ

588 4140 694 4200 τοῦ
742 4136 1077 4209 ἀλλήλους.

679 4240 914 4305 Anecd.
981 4240 1182 4307 Bekk.
1245 4239 1354 4317 81,
1381 4238 1423 4304 8
1493 4242 1843 4327 integriora
1911 4241 2066 4307 haee
2136 4244 2226 4309 sie
2294 4242 2459 4330 legi.
2526 4240 2721 4316 ἄλλος
2782 4242 2986 4312 ἄλλον
3068 4266 3073 4270 ·

589 4347 1090 4424 παρεκάλεν
1142 4348 1278 4411 ἀντὶ
1334 4350 1438 4410 τοῦ
1487 4346 1825 4421 ἀλλήλους.
1878 4352 2217 4426 Ἀραρὼς
2265 4348 2669 4429 Ἀδώνιδι,
2718 4348 2989 4419 annotat

589 4453 817 4519 Naber.
