3246 5085
602 303 735 369 444
1529 323 1756 371 comm
1804 300 2057 371 ommim

691 491 755 557 2.
807 490 1148 555 Iamblichi
1211 490 1599 577 Protreptici
1645 489 1782 556 cod.
1832 489 2135 556 Laurent.
2186 489 2335 556 coll.
2381 494 2447 556 in
2496 494 2791 580 margine
2840 492 3031 557 edit.

802 596 1354 683 Kiesslingianae‚
1405 597 1581 683 Lips.
1636 593 1834 661 1813.
3043 595 3052 601 '

687 828 1060 913 Sequuntur
1103 827 1541 894 adnotationes
1588 829 1799 893 variae
1820 874 1837 905 ,
1887 848 2161 913 quarum
2206 848 2445 913 magna
2491 848 2638 913 pars
2679 830 2749 892 in
2796 850 3025 894 usum

594 934 950 1000 lectionum
1001 933 1547 999 Academicarum.
1594 932 1766 998 Sunt
1815 938 1943 1000 tres
1989 932 2279 999 fasciculi
2324 940 2389 998 et
2434 935 2756 1019 pertinent
2804 934 2933 999 ad:

691 1040 751 1106 1.
800 1040 1205 1106 Aeschinem.
1875 1036 1981 1104 13.
2028 1038 2411 1104 Homerum.

689 1145 752 1211 2.
801 1148 1295 1231 Aristophanem
1331 1143 1616 1226 (Scholia
1640 1146 1757 1227 in).
1880 1144 1983 1209 14.
2031 1144 2305 1210 Isaeum.

689 1251 752 1317 3.
799 1251 1074 1318 Dionem
1116 1250 1681 1339 >Chrysostomum.
1876 1251 1982 1316 15.
2029 1249 2380 1316 Iulianum.

689 1357 751 1423 4.
799 1357 1218 1424 Dinarchum.
1882 1356 1985 1424 16.
2035 1355 2402 1422 Libanium.

688 1464 750 1531 5.
798 1464 1159 1530 Diodorum
1206 1462 1522 1529 Siculum.
1876 1463 1981 1530 17.
2031 1462 2321 1549 Lysiam.

686 1570 748 1635 6.
797 1570 1187 1657 Dionysium
1235 1568 1562 1636 Halicarn.
1872 1568 1975 1635 18.
2024 1569 2419 1634 Moschionis
2466 1570 2853 1655 fragmenta.

691 1675 752 1742 7.
799 1676 1198 1762 Euripidem.
1879 1674 1981 1740 19.
2032 1674 2393 1741 Platonem.

683 1781 747 1847 8.
797 1780 1140 1848 Galenum.
1864 1781 1974 1847 20.
2023 1779 2361 1846 Plutarchi
2408 1779 2610 1846 Vitas.

686 1887 748 1953 9.
798 1887 1106 1955 Gellium.
1870 1888 1977 1954 21.
2027 1887 2400 1953 Stobaeum.

595 2054 603 2062 .
640 1994 747 2060 10.
796 1994 1218 2061 Herodotum.
1870 1993 1977 2060 22.
2027 1993 2482 2059 Themistium.

645 2100 749 2166 11.
797 2100 1225 2189 Hesychium.
1871 2099 1981 2167 23.
2029 2099 2500 2187 Thucydidem.

645 2205 751 2272 12.
801 2207 1281 2293 Hippocratem.
1323 2193 1326 2197 ⁵

969 2403 1342 2489 Sequuntur
1388 2404 1774 2471 Adversaria
1820 2412 1885 2470 et
1931 2402 2339 2472 Collectanea
2385 2408 2611 2471 mixta.

685 2509 745 2575 1.
795 2510 1350 2599 Prosopographia
1388 2512 1848 2600 Xenophontea
1870 2534 2063 2578 manu
2088 2516 2291 2602 ipsius
2316 2516 2615 2581 auctoris.
2664 2513 2875 2579 lfasc.
2902 2514 2999 2579 f⁰.

685 2616 747 2684 2.
796 2619 1233 2704 Antiquitates
1271 2619 1610 2685 Romanae.
1663 2620 1718 2684 V
1755 2620 1833 2686 de
1871 2619 2338 2686 Sacerdotibus.
2384 2621 2458 2686 In
2493 2643 2686 2686 usum
2723 2619 2997 2686 lection.

795 2726 989 2791 Acad.
1045 2726 1078 2790 1
1130 2725 1259 2792 vol.
1313 2726 1405 2791 4⁰.

684 2831 746 2898 3.
794 2833 1110 2898 Athenaei
1167 2831 1386 2899 Editio
1449 2832 1859 2898 Dindorfiana
1904 2833 2106 2920 (Lips.
2162 2830 2383 2915 1827),
2442 2835 2697 2898 insertis
2742 2833 2997 2897 chartis

791 2941 860 3003 in
922 2940 1156 3024 quibus
1219 2937 1499 3006 Oobetus
1546 2939 1757 3005 multa
1804 2939 2136 3005 adnotavit
2180 2943 2249 3003 in
2294 2961 2489 3005 usum
2536 2959 2739 3004 novae
2782 2958 2990 3024 quam

791 3043 1179 3109 moliebatur
1224 3044 1543 3109 editionis.
1602 3043 1683 3110 12
1718 3049 1891 3118 tom.
1940 3047 2009 3108 in
2060 3044 2133 3108 4⁰
2178 3048 2330 3110 mai.

678 3150 739 3216 4.
793 3150 1100 3237 Diogenis
1139 3150 1381 3217 Laertii
1428 3150 1623 3216 editio
1672 3151 2513 3225 Huebnero·Hermanniana
2552 3150 2753 3235 (Lips.
2800 3148 2987 3214 1828

793 3256 1109 3339 -1831),
1175 3259 1434 3323 insertis
1498 3258 1739 3322 chartis
1797 3260 1865 3322 in
1929 3259 2165 3343 quibus
2229 3257 2555 3343 permulta
2616 3255 2862 3321 addidit
2910 3263 2987 3321 et

788 3365 1063 3428 correxit
1101 3360 1402 3429 Cobetus.
1440 3363 1881 3429 Inservierunt
1916 3364 2297 3450 typothetae
2336 3365 2402 3428 in
2442 3382 2632 3427 usum
2674 3361 2985 3427 editionis

789 3468 1189 3534 Didotianae.
2720 3523 2727 3528 .

678 3574 738 3640 5.
789 3575 1081 3639 Historia
1144 3572 1553 3641 Oomicorum
1606 3574 2004 3642 Graecorum
2052 3597 2257 3663 usque
2303 3576 2383 3641 ad
2430 3574 2765 3660 Eupolidis
2808 3581 2981 3639 aeta-

789 3686 957 3761 tem,
1022 3702 1060 3746 a
1121 3679 1361 3747 Cobeto
1426 3682 1743 3768 descripta
1799 3705 1877 3748 ex
1926 3683 2240 3749 Meinekii
2286 3682 2485 3760 libr0,
2534 3702 2682 3747 cum
2729 3679 2987 3765 aliquot

791 3791 956 3855 notis
1004 3794 1071 3854 et
1117 3788 1591 3854 additamentis.
1646 3788 1728 3854 51
1781 3811 1929 3876 pag.
1978 3789 2056 3854 f0.

675 3894 735 3961 6.
783 3895 1067 3962 Foedera
1129 3893 1478 3962 Cretensia.
1545 3893 1950 3962 Collectanea
2013 3895 2090 3960 de
2153 3896 2402 3960 duabus
2449 3894 2989 3979 Inscriptionibus

786 3999 1197 4069 Cretensibus
1245 4023 1282 4066 a
1327 3998 1570 4067 Cobeto
1618 4005 1908 4087 repertis
1959 4002 2047 4067 20
2092 4001 2266 4067 folia.
2314 4001 2374 4065 f⁰
2418 4005 2483 4065 et
2532 3999 2621 4064 4⁰.

677 4107 737 4174 7.
787 4109 1047 4175 Accedit
1097 4107 1442 4173 fasciculus
1489 4110 1557 4172 in
1605 4106 1699 4187 4⁰,
1748 4111 1813 4172 in
1866 4128 2027 4194 quo:

785 4239 842 4279 a.
894 4212 1436 4300 Palaeographica
1487 4213 1691 4278 1-11,

785 4321 838 4384 b.
897 4319 1094 4384 Metri
1134 4340 1189 4385 a.

788 4449 836 4490 c.
896 4341 1220 4490 Histoi-‘ica
1267 4431 1333 4490 et
1379 4423 1829 4512 Qeographica
1872 4430 1939 4491 in
1987 4448 2183 4492 usum
2227 4426 2577 4492 lectionum
2621 4423 2930 4492 Academ.
