3246 5085
1269 326 1618 376 nominos.
2540 307 2627 374 53

247 515 400 559 cum
445 493 696 580 Pyrrho
742 491 1014 558 Achillis
1059 491 1191 558 filio
1237 492 1492 558 Troiam
1539 492 1785 557 decimo
1830 513 1995 557 anno
2041 491 2199 557 belli
2242 513 2463 578 capere
2501 514 2627 558 non

245 602 468 685 potuit
521 601 652 664 nisi
693 598 1097 684 grandaevus
1142 606 1296 663 tunc
1340 605 1506 664 esset
1551 597 1899 664 admodum
1918 647 1935 676 ,
1984 597 2231 663 decimo
2279 619 2440 664 anno
2485 606 2629 684 post

243 710 502 789 captam
562 703 820 769 Troiam
881 702 1337 769 Telemachum
1398 705 1682 789 hospitio
1741 706 2022 790 accipere
2067 725 2195 768 non
2240 707 2457 789 potuit
2502 706 2628 768 nisi

241 811 716 894 nonagenarius
761 816 916 874 tunc
962 815 1129 874 esset
1173 809 1320 874 fere.
1369 809 1594 894 Itaque
1641 807 1795 872 dum
1843 807 2039 873 latius
2082 807 2407 894 latiusque
2447 809 2627 874 didu-

242 918 416 980 citur
451 914 622 979 orbis
659 917 866 979 varias
902 913 1150 979 fabulas
1183 913 1552 1000 complexus
1578 921 1641 979 et
1664 913 1881 979 ordine
1905 913 2351 999 chronologico
2376 916 2512 980 sive
2540 951 2623 996 -ε

241 1039 398 1084 nam
444 1017 668 1084 eodem
711 1017 780 1083 id
825 1019 992 1084 redit
1029 1056 1115 1068 —
1154 1019 1566 1106 genealogico
1603 1021 1777 1084 inter
1812 1039 1879 1084 se
1917 1024 2242 1104 utcunque
2262 1021 2627 1106 iunguntur

244 1124 686 1190 diversissima
703 1171 720 1200 ,
761 1125 1062 1190 Nestoris·
1089 1127 1309 1212 imago
1346 1129 1422 1190 ut
1463 1123 1733 1189 Achillis
1755 1123 2165 1210 Helenaeque
2188 1131 2487 1210 corrupta
2508 1128 2623 1190 est.

335 1227 688 1294 simillima
732 1236 954 1314 postea
999 1213 1362 1295 acciderunt
1408 1232 1476 1294 in
1514 1229 1881 1315 tragoediis.
1930 1229 2095 1295 Nam
2139 1229 2215 1294 de
2254 1229 2499 1295 Tiresia
2539 1265 2623 1277 —

241 1339 322 1399 ut
366 1333 485 1398 hoc
530 1340 796 1399 utamur
838 1334 1133 1420 exemplo
1182 1371 1266 1383 —
1313 1355 1475 1420 quae
1520 1341 1747 1419 poetae
1785 1336 2014 1420 tragici
2053 1336 2120 1398 in
2160 1336 2355 1400 variis
2392 1333 2626 1398 fabulis

244 1439 499 1504 diversa
545 1459 660 1504 suo
703 1441 844 1503 iure
890 1439 1280 1506 rettulerunt
1327 1461 1476 1504 cnm
1524 1460 1560 1503 a
1605 1439 2108 1526 ‘mythographis
2151 1442 2321 1504 inter
2363 1459 2429 1504 se
2474 1444 2626 1503 sunt

243 1541 584 1629 colligata,
646 1550 936 1629 repertus
997 1551 1092 1609 est
1153 1544 1428 1610 Tiresias
1475 1547 1762 1630 tragicus
1806 1547 1995 1622 μεχρὶ
2047 1536 2113 1620 ἓξ
2159 1551 2381 1620 γενεῶν
2427 1567 2626 1620 παρα-

243 1651 454 1720 τείνας
501 1650 604 1713 τὸν
651 1649 786 1724 βίον
818 1649 886 1728 ¹).
950 1649 1290 1735 Euripides
1336 1649 1641 1717 videlicet
1690 1649 1861 1735 apud
1906 1648 2292 1714 Archelaum
2337 1649 2625 1715 Macedo-

241 1756 387 1818 niae
444 1775 666 1839 regem
730 1754 966 1839 degens
1014 1755 1146 1818 ἐπεὶ
1193 1757 1386 1834 τούτῳ
1433 1754 1841 1834 χαριζόμενος
1890 1753 2099 1834 δρᾶμα
2150 1755 2425 1834 ἔγραψεν
2469 1755 2624 1829 ὀμώ-

241 1883 448 1936 νυμον,
475 1860 576 1924 τὸν
601 1861 922 1939 Τειρεσίαν
949 1863 1388 1940 παρεισήγαγε
1413 1859 1775 1937 βεβιωκότα
1802 1862 1986 1924 πέντε
2010 1866 2233 1935 γενεῶν
2259 1861 2443 1924 πλέον
2461 1859 2514 1940 ²)
2537 1896 2620 1908 —-

241 1985 372 2030 una
417 1965 592 2030 enim
636 1971 780 2049 post
825 1964 1314 2031 Heraclidarum
1359 1965 1641 2031 reditum
1689 1970 1897 2030 aetate
1944 1967 2139 2030 etiam
2187 1967 2623 2051 superstitem.

239 2069 330 2134 Et
376 2069 641 2135 fortasse
686 2068 1172 2135 Heraclidarum
1209 2069 1324 2135 ille
1363 2071 1607 2136 reditus
1647 2073 1841 2134 etiam
1879 2073 1945 2134 in
1985 2069 2268 2134 Nestoris
2303 2069 2623 2135 natalibus

246 2174 696 2259 computandis
742 2195 1031 2240 errorum
1078 2196 1267 2241 causa
1311 2177 1562 2254 extitit3
1611 2176 1728 2239 hos
1774 2178 1945 2239 enim
1994 2174 2311 2260 fugientes
2357 2175 2621 2241 Nelidae

241 2283 312 2345 in
375 2277 666 2345 Atticam
729 2283 978 2345 venisse
1040 2281 1416 2346 dicebantur
1476 2279 1882 2358 Melanthus,
1947 2279 2285 2357 Alcmeon‚
2351 2281 2622 2346 Paeonis

245 2384 366 2449 filii
413 2384 574 2463 duo,
619 2386 998 2451 Pisistratus
1016 2435 1033 2464 ,
1083 2405 1358 2470 quorum
1402 2385 1522 2451 hoc
1566 2385 1890 2450 ferebatur
1936 2391 2211 2450 stemma
2238 2383 2323 2466 ³):

1111 2535 1291 2586 Neleus

461 2666 818 2799 PericlyssnTs
1676 2736 1855 2783 Nestor

507 2912 760 2962 Penthilus
1175 2846 1516 2975 Thrasylmedes
1555 2938 1618 2949 —
1652 2911 1935 2961 Antilochus
1970 2938 2034 2949 -
2072 2912 2354 2961 Pisistratus

575 2979 731 3094 Boi-us

1267 3110 1415 3160 Sillus
1694 3110 1851 3159 Paeon

471 3178 836 3307 Androffompus
1337 3176 1347 3308 Ι

525 3309 802 3359 Melanthus
1218 3310 1442 3374 Alcmeon
1713 3308 1803 3357 filii
2036 3308 2317 3358 Pisistratus
2332 3346 2345 3368 ,

238 3443 334 3505 ita
395 3448 470 3504 ut
529 3438 766 3505 Neleus
827 3444 1045 3504 sextae
1093 3445 1239 3504 ante
1284 3438 1565 3503 reditum
1613 3436 2104 3503 Heraclidarum
2153 3440 2348 3503 aetati
2395 3438 2623 3504 adscri-

241 3546 503 3611 beretur
539 3548 594 3609 si
631 3543 952 3610 Melanthi
991 3544 1333 3610 haberetur
1368 3546 1530 3608 ratio
1549 3592 1566 3621 ,
1606 3546 1867 3629 quintae
1907 3546 1962 3608 si
2004 3541 2365 3608 Alcmeonis
2383 3592 2399 3620 ‚
2439 3564 2623 3628 quar-

241 3656 346 3715 tae
393 3653 450 3713 si
493 3650 851 3727 Pisistrati,
899 3650 1131 3715 Nestor
1173 3656 1392 3714 autem
1439 3654 1699 3734 quartae
1746 3651 1802 3714 si
1846 3647 2211 3713 Alcmeonis
2228 3696 2243 3726 ‚
2294 3651 2519 3714 tertiae
2566 3651 2621 3713 si

239 3755 566 3819 Pisistrati
591 3754 664 3834 4).

311 4012 366 4069 1)
401 4009 594 4059 Lucisn.
633 4008 845 4058 Macrob.
882 4010 969 4070 58.

307 4091 776 4155 ”Agatharchides
807 4090 932 4155 apud
971 4090 1110 4139 Phot.
1152 4088 1277 4138 Bibl.
1311 4088 1466 4138 4441».

307 4175 362 4238 3)
397 4172 603 4224 Paussu.
635 4172 688 4220 11
726 4174 802 4221 18.

309 4256 368 4319 4)
403 4256 538 4319 Quae
572 4253 887 4318 discrepantis
921 4253 1046 4301 haud
1081 4268 1192 4301 sane
1227 4251 1607 4318 improbabiliter
1640 4277 1707 4290 —
1738 4252 1779 4302 si
1807 4268 1901 4316 qus
1930 4257 2001 4302 est
2031 4253 2080 4302 in
2111 4253 2378 4303 istiusmodi
2410 4254 2623 4319 genealo-

239 4336 333 4402 giis
376 4336 690 4401 probabilitas
725 4362 790 4371 —
824 4335 895 4383 its
937 4335 1059 4384 solet
1093 4334 1318 4398 explicari
1355 4336 1408 4383 ut
1443 4334 1825 4398 Periclymenus,
1862 4351 1891 4383 a
1924 4350 2017 4398 quo
2051 4336 2280 4385 oriundus
2312 4336 2406 4386 fuit
2440 4336 2622 4387 Melen-

239 4420 369 4478 thus,
414 4420 585 4468 ceteris
631 4417 770 4467 Nelei
805 4416 916 4465 mii·
947 4424 1064 4465 natu
1097 4416 1248 4466 maior
1281 4416 1444 4473 fuerit,
1478 4416 1762 4467 Pisistratus
1795 4420 1953 4466 autem
1988 4418 2181 4482 eiusque
2212 4421 2351 4483 peter
2384 4419 2620 4483 cognomi·
