3246 5085
595 330 727 401 148
1601 347 1979 404 rumonim.

591 522 801 581 ταῦτα
851 515 1168 595 διδάσκων,
1209 536 1405 603 grave
1446 521 1684 584 vitium
1725 519 2023 604 deturpat
2062 518 2455 583 adiectivum
2496 518 2579 581 τὰ
2623 512 2971 594 ἐπουράνια,

591 643 706 709 pro
754 643 878 708 quo
925 620 1309 688 Bodleianus
1355 621 1570 689 Codex
1619 625 1866 703 οὐράνια
1913 623 2107 688 habet
2152 623 2289 687 sine
2335 621 2624 687 articulo.
2675 620 2975 689 Solebant

589 731 764 795 enim
833 728 1252 793 Athenienses
1321 728 1721 814 philosophis
1785 730 2163 813 exprobrare
2223 727 2393 814 quod
2455 729 2539 791 τὰ
2608 727 2973 805 μετέωρα

591 833 857 913 ἐζήτουν.
929 833 1118 918 Apud
1187 834 1684 919 Aristophanem
1758 834 2288 912 μετεωροσοφιςαί
2356 839 2507 898 sunt
2575 839 2642 898 et
2708 834 2778 896 in
2837 834 2977 917 ipsa

589 938 906 1024 Apologia
966 937 1128 1003 231)
1190 940 1273 1002 τὰ
1331 939 1606 1017 μετέωρα
1671 944 2082 1025 opponuntur
2142 946 2271 1010 τοῖς
2337 939 2453 1002 ὑπὸ
2517 946 2656 1015 γῆς.
2706 935 2977 1023 Eupolis

589 1043 668 1109 de
717 1044 1068 1131 Protagora
1115 1043 1396 1109 dixerat:

999 1146 1058 1221 ὃς
1103 1148 1547 1230 ἀλαζονεύεται
1595 1150 1709 1226 μὲν
1758 1150 2062 1228 ἁλιτήριος

994 1255 1127 1332 περὶ
1179 1260 1296 1319 τῶν
1343 1258 1676 1334 μετεώρων,
1726 1256 1810 1320 τὰ
1857 1256 1919 1320 δὲ
1964 1258 2261 1337 χαμᾶθεν
2309 1255 2525 1334 ἐσθίει,

583 1360 662 1426 ef.
717 1360 974 1426 Porsen.
1031 1359 1291 1425 Advers.
1339 1382 1401 1447 p.
1455 1361 1563 1426 65.
1615 1362 1807 1446 Apud
1852 1360 2191 1426 Platonem
2234 1363 2454 1444 ipsum
2500 1359 2696 1425 habes
2740 1383 2973 1436 μετεω-

583 1466 884 1545 ρολέσχης
908 1515 924 1543 ,
972 1466 1422 1542 μετεωρολόγοι·
1465 1471 1528 1531 et
1570 1470 2097 1543 μετεωροσκόπος,
2129 1477 2323 1551 quem
2350 1466 2729 1550 praestabit,
2754 1465 2975 1543 crede,

583 1573 1032 1649 μετεωροκόπον
1095 1570 1451 1658 appellare,
1516 1570 1594 1637 ef.
1662 1572 1915 1637 Hemst.
1964 1571 2198 1638 Aneod.
2255 1592 2318 1657 p.
2373 1572 2449 1637 21
2484 1592 2619 1656 sqq.
2668 1577 2733 1636 et
2778 1569 2975 1638 Cobe-

583 1684 727 1741 tum
791 1678 1012 1741 Mnem.
1076 1676 1249 1742 1873
1311 1699 1373 1762 p.
1431 1676 1578 1743 118.
1644 1677 1811 1756 Quid
1878 1680 2008 1741 sint
2052 1678 2136 1741 τὰ
2184 1678 2458 1752 μετέωρα
2508 1676 2864 1742 Balforeius
2906 1684 2973 1742 et

582 1782 826 1847 Bakius
889 1781 1240 1847 docuerunt
1301 1781 1378 1847 ad
1443 1780 1850 1849 Cleomedem
1913 1804 1976 1868 p.
2042 1782 2195 1860 250,
2246 1803 2522 1867 quorum
2568 1786 2767 1867 copiis
2812 1781 2970 1847 adde

581 1870 1007 1953 Scholiastam
1072 1888 1150 1953 ad
1211 1888 1591 1975 Sisyphum,
1656 1892 1761 1953 eui
1807 1890 2104 1954 convenit
2148 1910 2294 1953 eum
2342 1886 2594 1953 Achille
2640 1887 2847 1953 Statio
2892 1888 2973 1953 ad

583 1991 772 2059 Arati
841 1994 1289 2060 Phaenomena
1347 2017 1409 2079 p.
1481 1992 1607 2059 157
1632 1993 1707 2059 D.
1781 1994 1905 2073 Qui
1973 1996 2271 2059 meminit
2343 1994 2835 2078 Aristophanem
2902 1997 2967 2057 in

584 2099 878 2165 Nubibus
940 2121 1032 2164 ve.
1082 2099 1216 2165 228
1278 2097 1700 2185 appellavisse
1763 2101 1845 2164 τα
1909 2099 2185 2179 μετέωρα
2248 2100 2609 2179 πράγματα
2668 2107 2735 2165 et
2778 2098 2973 2164 Scho-

579 2205 837 2269 liastam
877 2204 1194 2270 addidisse
1231 2208 1856 2291 interpretationem:
1902 2206 2119 2285 ὑψηλοὶ
2152 2206 2254 2269 καὶ
2294 2230 2321 2269 ο
2342 2206 2483 2284 ὐροί
2508 2229 2667 2283 νια,
2710 2225 2965 2270 meeum

582 2310 846 2375 fortasse
913 2313 1345 2396 suspicabitur
1406 2311 1742 2377 Platonem
1804 2332 2057 2397 quoque
2121 2311 2383 2377 laudato
2442 2310 2582 2378 loeo
2644 2313 2967 2396 scripsisse

582 2419 668 2480 τὲ
717 2418 1112 2495 μετέωρα,
1156 2417 1262 2481 sed
1308 2420 1955 2502 interpretamentum
1991 2419 2351 2502 genuinum
2391 2416 2779 2482 vocabulum
2820 2416 2969 2482 sede

581 2520 920 2608 pepulisse.
984 2522 1315 2588 Nimirum
1376 2525 1460 2587 τα
1506 2524 1786 2601 μετέωρα
1836 2523 2297 2589 recentioribus
2342 2522 2590 2601 οὐράνια
2641 2522 2967 2588 dicuntur.

582 2627 860 2692 Photius
917 2629 1419 2709 μετεωρολέσχαι
1482 2628 1792 2714 explicat:
1855 2629 1987 2709 περὶ
2038 2631 2283 2709 οὐρανοῦ
2329 2633 2787 2709 Φλυαροῦντες·
2838 2638 2970 2694 Με-

579 2741 996 2813 tempos-025⁹·
1047 2736 1131 2798 τὰ
1177 2735 1420 2811 οὐράνια
1471 2742 1726 2799 σκοπῶν.
1777 2737 2093 2812 Ἐπιγειος
2142 2741 2208 2800 et
2254 2736 2593 2812 ἐπουράνιος
2643 2756 2967 2820 opponun-

579 2843 692 2905 tur
733 2825 1228 2925 apud’Paulum
1278 2840 1660 2925 Apostolum
1708 2843 1776 2904 in
1826 2839 2029 2925 Epist.
2078 2839 2110 2904 I
2157 2840 2237 2904 ad
2284 2837 2573 2906 Corinth.
2629 2839 2733 2904 15.
2764 2839 2849 2905 40
2898 2846 2969 2905 et

583 2946 820 3031 ubique
865 2953 962 3010 est
1006 2967 1244 3032 magna
1288 2945 1520 3011 talium
1567 2948 1772 3030 eopia.

670 3161 938 3229 Certum
999 3163 1164 3228 mihi
1219 3162 1475 3229 videtur
1519 3166 1710 3243 σοφὸς
1760 3159 1914 3230 εἶναι
1964 3166 2258 3250 spurium
2306 3184 2441 3230 esse
2486 3166 2553 3228 in
2600 3162 2701 3228 his
2744 3163 2957 3230 verbis

581 3267 765 3354 Apol.
831 3268 1028 3334 23A:
1095 3265 1248 3336 ὥςτε
1301 3269 1547 3341 πολλὰς
1595 3270 1899 3346 διαβολὰς
1951 3271 2067 3334 ἀπ’
2118 3271 2320 3334 αὐτῶν
2364 3269 2725 3347 γεγονέναι,
2772 3267 2966 3344 ὄνομα

581 3371 643 3438 δὲ
693 3377 872 3438 τοῦτο
919 3375 1214 3451 λέγεσθαι
1261 3375 1539 3457 [σοφὸς
1586 3371 1853 3458 εἷναι].
1904 3372 2002 3441 Cf.
2050 3396 2110 3461 p.
2155 3374 2354 3440 2OD:
2404 3371 2432 3438 ὃ
2481 3373 2615 3448 ἐμοὶ
2666 3375 2965 3446 πεποίηκε

580 3479 651 3542 τό
701 3479 760 3542 τ’
808 3477 994 3553 ὄνομα
1046 3481 1150 3544 καὶ
1199 3483 1308 3550 τὴν
1357 3480 1677 3559 διαβολήν,
1726 3481 1839 3546 ubi
1880 3481 2222 3565 respicitur
2263 3478 2343 3544 ad
2388 3500 2451 3564 p.
2504 3476 2695 3545 18B:
2744 3479 2821 3548 ὦς
2871 3476 2965 3546 kt

579 3607 673 3655 τις
726 3581 1050 3661 Σωκράτης
1102 3587 1289 3663 σοφὸς
1339 3587 1500 3663 ἀνήρ.
1533 3633 1548 3650 .
1577 3635 1592 3652 .
1623 3634 1637 3651 .
1687 3585 1928 3651 Eodem
1970 3585 2177 3650 tendit
2213 3582 2298 3650 27
2319 3585 2395 3660 Α,
2439 3583 2525 3649 29
2544 3584 2621 3648 A.
2647 3583 2721 3660 B,
2766 3582 2961 3650 3413:

578 3689 883 3761 rnmxdvb'
944 3690 1090 3754 ὄντα
1154 3692 1256 3754 καὶ
1322 3697 1498 3756 τοῦτο
1561 3691 1829 3769 τοῦνομα
1880 3693 2131 3770 ἔχοντα.
2197 3689 2376 3754 Adde
2423 3711 2485 3774 p.
2536 3687 2693 3755 380
2740 3693 2807 3753 et
2850 3688 2963 3754 So-

577 3793 770 3878 phist.
819 3815 883 3880 p.
927 3795 1054 3859 221
1080 3795 1171 3860 D:
1223 3797 1452 3866 παντὸς
1499 3797 1594 3860 δεῖ
1628 3803 1891 3868 τοιοῦτος
1935 3793 2088 3859 εἶναι
2130 3793 2201 3860 τό
2237 3798 2304 3873 γ’
2328 3792 2515 3868 ὄνομα
2557 3797 2734 3858 τοῦτο
2776 3792 2961 3873 ἔχων.

575 3895 852 3983 Operosa
898 3906 996 3964 est
1041 3899 1333 3966 Schanzii
1379 3905 1564 3966 ratio,

667 4099 827 4166 Ibid.
877 4101 1065 4169 230:
1117 4103 1399 4180 λέγουσιν
1446 4105 1522 4175 ὥς
1574 4101 1902 4181 Σωκράτης
1950 4126 2043 4174 τις
2088 4103 2176 4170 ε’ςι
2218 4103 2606 4180 μιαρώτατος
2652 4099 2789 4166 καὶ
2834 4099 2965 4163 δια·

575 4207 806 4286 melpsa
852 4209 990 4277 τοὺς
1041 4208 1224 4280 νέους.
1273 4208 1760 4295 Suppleverim:
1809 4202 1864 4287 (ὃ
1887 4213 1947 4287 ς)
1994 4207 2098 4272 καὶ
2150 4207 2503 4286 διαφθείρει.

667 4424 825 4490 Ibid.
868 4425 954 4490 26
975 4430 1047 4491 A.
1096 4425 1329 4493 Itidem
1373 4427 1615 4513 aliquid
1657 4427 1833 4492 deest
1870 4428 1937 4490 in
1979 4427 2189 4491 hisee:
2232 4425 2383 4490 ἀλλ’
2424 4427 2458 4500 ἦ
2497 4425 2562 4489 οὐ
2604 4423 2959 4504 διαφθείρω,
