3246 5085
623 296 757 365 392
1494 316 2142 365 omnen-nuncnune

623 481 898 548 secunda
943 485 1109 549 actio
1154 504 1277 548 non
1324 488 1499 549 tenet
1546 482 1720 563 (Gai.
1772 481 1859 547 IV
1899 482 2140 568 5108),
2183 483 2330 551 ideo
2369 489 2842 551 sacramentum
2880 488 3038 553 eius

620 592 964 655 iniustum·
1002 590 1519 675 pronuntiabitur
1552 590 1617 671 ¹),
1681 610 1796 655 nec
1857 592 2163 668 interest,
2211 593 2378 657 sitne
2423 594 2491 657 in
2538 614 2675 658 rem
2723 594 2892 659 actio
2943 615 3035 659 an

622 699 687 761 in
752 717 1087 782 personam
1112 697 1183 779 ²).
1248 697 1429 763 Idem
1488 700 1557 762 in
1622 718 1695 763 eo
1755 703 2005 776 statue,
2069 701 2183 783 qui
2229 701 2296 763 in
2345 719 2532 764 causa
2578 720 2704 765 non
2754 706 3036 786 excepta

623 825 813 890 agere
864 803 1022 869 velit
1068 802 1273 869 alieno
1320 806 1620 881 nomine,
1671 806 1823 889 quia
1868 826 2030 867 nemo
2077 804 2276 869 alieno
2321 806 2554 870 nomine
2600 826 2750 871 cum
2787 806 3034 872 effectu

622 910 750 991 leffe
812 933 985 992 affere
1039 908 1339 993 potesffi').
1402 909 1545 974 Erit
1606 912 1814 996 igitur
1873 911 1938 975 et
1998 912 2066 974 in
2123 911 2320 976 huius
2367 932 2633 997 persona
2677 912 3030 998 denegatio

622 1037 1092 1101 supervacanea
1154 1018 1219 1081 et
1278 1018 1346 1080 in
1398 1018 1754 1101 peregrini,
1805 1037 1882 1081 ex
1929 1015 2160 1101 quibus
2206 1019 2416 1083 causis
2461 1021 2798 1103 peregrino
2847 1020 3028 1083 actio

620 1144 747 1187 non
806 1124 1117 1208 competit
1130 1144 1148 1202 ;
1213 1142 1607 1207 quemquam
1669 1124 1734 1187 in
1795 1128 2065 1207 utroque
2111 1125 2384 1209 requirit
2426 1144 2566 1189 eam
2619 1122 2918 1203 Karlowa
2941 1124 3024 1205 ⁴),

622 1250 816 1314 quem
864 1251 987 1294 non
1034 1229 1229 1295 latuit
1277 1229 1584 1297 adversus
1633 1227 1780 1314 plus
1828 1234 2154 1313 petentem
2203 1250 2336 1297 esee
2377 1250 2918 1317 supervacaneam
2945 1232 3025 1312 ⁵).

1594 1500 1988 1511 —u-—.-.—.-.

1663 1685 1954 1756 XCVIII.

1272 1890 1570 1949 QUOMODO
1616 1889 1992 1939 SATISDA'HO
2039 1890 2372 1939 nvl'rm'un.

708 2054 1089 2134 Satisdatio,
1153 2074 1315 2140 quae
1376 2056 1668 2140 exig-itur
1728 2075 1765 2120 a
1825 2053 2151 2119 defensore
2215 2054 2534 2133 absentie,
2583 2076 2710 2120 non
2759 2077 3019 2142 semper

621 2163 851 2226 evitari
899 2170 1140 2246 potest3
1190 2180 1373 2246 posse
1420 2159 1695 2238 videtur,
1745 2181 1947 2245 quum
1995 2159 2075 2224 ab
2119 2162 2622 2248 interrogatione
2667 2182 2770 2227 res
2813 2165 3021 2227 exori-

620 2274 747 2347 tur,
795 2268 1006 2334 veluti
1052 2269 1108 2332 si
1154 2266 1538 2333 hereditario
1584 2268 1838 2331 nomine
1885 2266 2122 2352 aliquis
2166 2270 2562 2343 convenitur,
2611 2271 2725 2353 qui
2761 2290 2891 2333 non
2933 2272 3020 2334 eit

620 2376 836 2452 beree,
894 2376 1298 2461 propositum
1362 2380 1578 2439 tamen
1640 2374 1872 2439 habeat
1933 2371 2230 2438 heredem
2286 2373 2680 2440 defendendi.
2728 2373 2792 2439 Is
2841 2377 3016 2441 enim

618 2486 1054 2568 interrogatus
1109 2502 1189 2548 an
1238 2482 1322 2546 sit
1368 2480 1585 2558 beree,
1633 2478 1865 2547 callide
1909 2478 2208 2546 heredem
2255 2502 2321 2546 se
2367 2480 2813 2568 respondebit,
2861 2503 3014 2549 nam

620 2591 709 2654 sic
756 2587 973 2654 eludet
1018 2586 1452 2653 satisdationis
1497 2589 1966 2653 necessitatem.
2029 2585 2209 2652 Idem
2255 2589 2414 2666 erit,
2463 2591 2514 2653 si
2565 2591 2710 2673 quis
2755 2589 2824 2653 in
2871 2591 3014 2654 iure

618 2695 1011 2780 responderit
1070 2693 1371 2760 occidisse
1434 2715 1499 2758 se
1562 2693 1668 2759 vel
1723 2693 2094 2758 vulnerasse
2115 2742 2132 2771 ,
2178 2693 2571 2759 homicidam
2617 2693 2864 2760 scilicet
2911 2695 3015 2762 vel

618 2800 903 2867 vulneris
965 2807 1289 2867 auctorem
1338 2801 1734 2865 defensurus·
1801 2799 1938 2879 Quo
1987 2821 2134 2865 casu
2179 2807 2353 2865 actor
2397 2821 2532 2865 rem
2581 2803 2650 2865 in
2695 2801 3010 2867 iudicium

618 2909 907 2985 deducit,
949 2907 1107 2993 quia.
1134 2909 1418 2971 adversus
1455 2908 1831 2992 dqfeozeorem
1872 2955 1887 2971 .
1916 2955 1930 2971 .
1961 2953 1976 2972 .
2019 2908 2200 2990 (emit
2225 2905 2298 2988 ὓ),
2341 2906 2532 2973 modo
2571 2909 2658 2972 sit
2697 2906 3007 2986 defensor,

618 3017 729 3101 qui
775 3021 1143 3097 spontanea.
1175 3060 1189 3077 .
1220 3061 1235 3078 .
1261 3013 1569 3077 voluntate
1614 3012 1889 3078 alienam
1930 3015 2249 3078 actionem
2287 3012 2642 3096 menapia)
2673 3011 2744 3096 ⁷),
2785 3035 3006 3100 quam·

618 3119 835 3186 obrem
880 3126 1103 3206 postea
1148 3140 1299 3184 cum
1343 3121 1484 3205 ipso
1530 3140 1640 3185 reo
1678 3124 1853 3184 actor
1893 3118 2138 3206 agendo
2177 3118 2522 3205 repelletur
2557 3122 2648 3185 rei
2688 3121 3004 3186 iudicatae

617 3225 722 3292 vel
786 3228 855 3291 in
922 3226 1237 3292 iudicium
1307 3224 1612 3291 deductae
1681 3227 2052 3311 exceptione
2079 3225 2150 3308 ⁸).
2235 3225 2495 3312 Itaque,
2567 3248 2646 3292 ne
2708 3229 2997 3313 capiatur

690 3472 742 3535 1)
777 3470 851 3521 Cf.
889 3470 1127 3529 Kal-lewe,
1162 3485 1239 3536 op.
1272 3469 1356 3536 cit.
1390 3486 1437 3536 p.
1474 3470 1541 3518 80
1574 3471 1678 3520 net.
1717 3471 1760 3518 1.

685 3553 745 3620 2)
778 3553 1015 3603 Interenee
1049 3555 1187 3618 putet
1220 3551 1382 3613 lanei,
1425 3551 1596 3617 Unpr.
1634 3553 1736 3600 md
1776 3552 1926 3601 Wirk.
1960 3553 2046 3603 der
2077 3553 2394 3617 &ceptionem
2430 3553 2604 3616 (1876)
2633 3569 2686 3620 p.
2716 3555 2800 3604 41.

685 3637 741 3702 3)
776 3637 889 3702 Ulp.
925 3635 958 3686 1.
992 3636 1087 3686 123
1116 3651 1189 3700 pr.
1227 3637 1284 3686 D.
1324 3635 1403 3686 50.
1425 3633 1485 3687 17
1522 3634 1605 3695 (cf.
1643 3637 1804 3684 tamen
1841 3635 1945 3688 Gai.
1981 3633 2051 3683 lv
2090 3636 2197 3698 582
2231 3634 2292 3685 ia.
2329 3635 2436 3701 29).

681 3721 740 3786 4)
786 3721 880 3784 Op.
922 3719 1005 3769 eit.
1039 3734 1085 3783 p.
1122 3719 1237 3768 845.
1270 3717 1463 3767 Scilicet
1496 3732 1592 3766 nen
1630 3715 1797 3766 scribit
1831 3722 2102 3782 praetorem
2135 3718 2189 3767 in
2222 3717 2312 3767 tali
2347 3733 2399 3768 re
2433 3719 2734 3782 denegavieee
2767 3718 2998 3769 actionem

614 3802 697 3852 ned
732 3801 807 3866 egi
844 3817 1031 3866 pessum
1066 3815 1162 3850 non
1195 3815 1310 3850 esee.
1348 3799 1407 3848 Et
1442 3803 1581 3864 putet
1616 3799 1686 3864 (p.
1725 3800 1848 3863 348)
1885 3799 2092 3850 multum
2127 3795 2370 3850 interme.

685 3885 739 3948 5)
787 3884 878 3949 Op.
926 3884 1009 3933 eit.
1046 3899 1093 3948 p.
1124 3883 1248 3932 8462
1299 3883 1413 3932 ‚der
1448 3881 1626 3945 ch'iyer
1659 3885 1803 3943 (noar)
1839 3881 1932 3932 den
1969 3882 2220 3946 Gesakren
2256 3883 2342 3932 dor
2374 3881 2654 3948 pluepetitio
2685 3880 2998 3948 aequent&

616 3967 689 4016 Cf.
724 3966 839 4015 ibid.
874 3983 921 4031 p.
958 3967 1055 4014 343
1073 3981 1140 4029 eq.
1180 3965 1261 4028 (nd
1300 3964 1399 4014 Cic.
1436 3964 1494 4013 de
1530 3966 1670 4014 Oret.
1706 3964 1732 4013 1
1770 3965 1833 4014 86
1869 3963 2044 4026 5167).

682 4047 1037 4114 e)1,.11§7
1078 4049 1137 4099 D.
1170 4047 1321 4096 44.2.

681 4129 737 4194 7)
783 4146 821 4178 c.
856 4129 889 4178 2
931 4131 985 4179 C.
1021 4130 1067 4178 2.
1088 4131 1135 4179 3.
1182 4129 1323 4194 Ergo,
1360 4130 1401 4178 ei
1434 4133 1626 4179 coactus
1659 4129 1842 4189 fecerit,
1874 4132 2079 4196 frustra
2114 4129 2175 4179 lis
2207 4133 2475 4180 contestata
2509 4129 2604 4179 erit
2641 4129 2702 4192 (1.
2737 4129 2800 4182 57
2836 4132 2998 4202 HD.

616 4213 695 4262 12.
717 4212 769 4270 6;
809 4211 841 4260 l.
879 4213 943 4261 36
981 4214 1035 4260 1).
1078 4212 1227 4271 10.2;
1266 4228 1306 4261 c.
1344 4213 1375 4262 2
1410 4213 1466 4262 C.
1499 4215 1549 4260 4.
1572 4213 1672 4271 89),
1709 4213 1801 4261 nini
1835 4213 2102 4277 cognitorio
2139 4213 2333 4263 nomine
2368 4229 2424 4263 ex
2459 4213 2618 4262 edicto
2641 4222 2902 4264 conventus
2926 4214 3002 4273 sit,

615 4295 741 4359 quod
776 4293 985 4344 edictum
1018 4297 1234 4360 superest
1265 4293 1299 4344 1.
1339 4295 1372 4344 8
1404 4295 1477 4358 §3
1511 4297 1569 4344 D.
1606 4297 1650 4344 8.
1675 4297 1706 4344 8
1740 4294 1922 4357 (Lenel,
1963 4295 2109 4361 527).

683 4376 741 4442 8)
795 4377 950 4427 Taciti
978 4376 1123 4442 pacti
1154 4377 1479 4442 exceptionem
1506 4377 1572 4442 (e.
1606 4378 1640 4426 2
1677 4379 1733 4428 C.
1769 4377 1816 4428 2.
1836 4381 1892 4442 8)
1927 4377 2228 4428 substituisse
2263 4379 2458 4428 videtur
2493 4376 2825 4430 Tribonienm.
2862 4381 2995 4445 Quo

611 4459 816 4526 euspicio
862 4460 1173 4509 confirmatur
1220 4459 1341 4520 ideo,
1387 4459 1500 4523 quie
1544 4475 1585 4510 c.
1621 4460 1654 4507 2
1703 4460 1756 4510 C.
1797 4460 1844 4511 2.
1865 4461 1894 4509 3
1929 4475 2026 4511 non
2061 4459 2220 4525 potuit
2253 4461 2489 4527 explicere
2524 4461 2807 4523 Gendemet,
2839 4461 2990 4513 Eme
