3246 5085
597 327 727 395 166
1607 348 1986 398 rmwmm.

589 511 809 593 δρόμου
869 512 1218 592 Φερόμενον.
1292 513 1386 580 De
1435 515 1801 579 Atticorum
1850 535 1974 579 usu
2019 512 2187 579 nihil
2234 513 2549 581 affirmare
2596 516 2828 594 ausim,
2876 516 2991 581 sed

588 624 968 687 recentiores
1017 626 1188 687 certe
1235 622 1671 707 scripsissent:
1724 620 2210 693 έπικόπτεις
2234 668 2251 698 ,
2302 621 2475 707 quod
2521 624 2813 709 apprime
2857 623 2991 690 huc

591 730 916 795 convenit.

681 932 841 1000 Ibid.
906 953 970 1018 p.
1037 931 1279 998 41413.
1351 929 1719 997 Admodum
1790 932 2213 1000 memorabile
2282 937 2381 999 est
2441 932 2611 1019 quod
2672 933 2754 1000 ad
2813 933 2991 1001 hunc

587 1040 804 1106 locum
868 1037 1147 1107 Cobetus
1209 1037 1541 1104 adnotavit
1611 1038 1873 1104 Misce-ll.
1931 1039 2079 1106 Oria.
2129 1062 2193 1126 p.
2244 1039 2398 1105 352.
2447 1040 2742 1127 Speciem
2790 1040 2991 1107 habet

590 1146 760 1233 quod
827 1145 1154 1212 contendit
1223 1142 1562 1211 Platonem
1632 1166 1753 1210 non
1821 1143 2214 1212 intellexisse
2284 1146 2440 1234 quid
2508 1154 2675 1213 esset
2748 1146 2990 1215 Home-

594 1254 800 1318 ricum
854 1252 1126 1318 verbum
1182 1252 1540 1327 ἀπογυιοῦν.
1604 1249 1779 1315 Illud
1835 1272 2088 1338 quoque
2136 1251 2419 1318 notabile
2455 1255 2523 1318 in
2564 1254 2778 1320 verbis
2824 1274 2991 1339 quae

591 1360 885 1445 proxime
967 1364 1358 1444 sequuntur:
1443 1357 1504 1420 έν
1575 1359 1660 1436 τῷ
1733 1358 2163 1439 κατόπτρῳ
2244 1359 2312 1423 οὐ
2383 1359 2548 1425 δοκεῖ
2611 1356 2845 1425 ἄτοπον
2914 1361 2993 1424 τὸ

593 1465 1032 1543 ἐμβεβλῆσθαι
1093 1466 1164 1530 τὸ
1227 1467 1338 1544 bein
1411 1463 1538 1529 Hic
1599 1463 1871 1551 Egelius
1932 1467 2001 1529 in
2063 1464 2232 1531 Diss.
2299 1465 2493 1532 Acad.
2543 1467 2755 1533 Amst.
2810 1466 2989 1533 1902

591 1594 654 1657 p.
705 1571 789 1636 21
841 1573 1092 1658 quaerit
1136 1592 1252 1636 cur
1296 1570 1366 1635 τὸ
1413 1574 1488 1651 ῥῶ
1539 1572 1854 1637 insertum
1902 1575 2037 1636 tam
2081 1569 2309 1637 ἄτοπον
2358 1575 2479 1653 sit,
2524 1572 2751 1638 deinde
2788 1576 2996 1659 suspi-

591 1685 775 1744 catur
821 1678 1161 1745 Platonem
1207 1676 1455 1743 dedisse
1502 1700 1651 1742 κατ
1668 1678 1748 1756 ρό
1765 1702 1811 1742 π
1830 1702 1867 1743 τ
1887 1704 1929 1758 ῳ
1950 1727 1966 1757 ,
2014 1699 2177 1763 quae
2222 1677 2511 1767 vulgaris
2558 1680 2763 1747 forma
2812 1682 2995 1767 quin·

594 1784 806 1850 decim
851 1782 1008 1850 locis
1051 1785 1119 1849 in
1166 1782 1697 1869 Inscriptionibus
1743 1786 2030 1851 recurrit.

684 2001 844 2067 Ibid.
887 2000 1129 2067 420D:
1172 2000 1345 2072 τέλος
1385 2003 1511 2082 γὰρ
1553 2002 1661 2077 ἤδη
1705 2003 1861 2083 θεῷ.
1904 2001 2086 2082 Quod
2120 2001 2479 2090 plurimum
2512 2007 2729 2086 miror,
2754 2006 2991 2073 Schan-

593 2110 730 2173 zius
796 2108 900 2173 hic
963 2106 1256 2174 codicum
1301 2110 1588 2194 ineptam
1637 2107 1978 2174 lectionem
2022 2112 2310 2175 servavit
2326 2130 2343 2188 3
2395 2132 2517 2177 non
2570 2115 2772 2179 miror
2816 2114 2993 2199 quod

595 2213 787 2280 fidem
849 2235 972 2281 non
1021 2214 1250 2279 habuit
1293 2212 1618 2300 Stephano
1665 2217 1777 2302 qui
1822 2216 2298 2283 commendavit
2344 2218 2425 2290 εἰς
2478 2220 2654 2290 τέλος
2700 2221 2829 2299 γὰρ
2876 2222 2989 2297 ἤδη

595 2322 784 2400 θέλω,
834 2319 940 2387 vel
988 2323 1172 2387 Astio
1223 2322 1336 2407 qui
1383 2319 1717 2407 supplevit
1762 2322 1936 2393 τέλος
1987 2327 2115 2403 γὰρ
2162 2324 2273 2400 ἤδη
2318 2324 2610 2390 έπιθεῒνοιι
2662 2328 2834 2404 θέλω,
2880 2328 2993 2392 sed

593 2427 1050 2507 Abreschium,
1124 2429 1237 2512 qui
1306 2427 1677 2494 emendavit
1748 2429 1923 2501 τέλος
1997 2430 2123 2508 γὰρ
2196 2429 2303 2505 ἤδη
2378 2431 2555 2510 θεῶ,
2618 2436 2765 2498 tuto
2809 2437 2995 2520 sequi

590 2539 906 2619 potuerat.
946 2533 1088 2622 Ego
1128 2555 1383 2620 quoque
1419 2536 1489 2600 in
1529 2534 1707 2601 idem
1744 2534 2094 2602 incideram
2132 2535 2441 2604 adhibitis
2472 2536 2724 2606 Politic.
2752 2538 2991 2607 29813:

590 2641 698 2705 θεῶ
765 2640 837 2715 δὴ
888 2643 990 2704 καὶ
1043 2640 1111 2705 τὸ
1159 2642 1329 2718 μετὰ
1377 2646 1589 2706 ταῦτα
1642 2641 1933 2718 ἑπόμενον
1980 2649 2045 2709 et
2094 2643 2355 2710 Menon.
2404 2667 2465 2731 p.
2515 2645 2709 2712 82E:
2758 2651 2867 2713 θεῶ
2914 2649 2989 2724 δὲ

590 2747 775 2812 αὐτὸν
818 2749 1459 2825 ἀναμιμνησκόμενον.
1501 2745 1785 2814 Oobetus
1824 2749 2051 2814 Mnem.
2097 2748 2272 2816 1859
2314 2772 2379 2836 p.
2406 2750 2540 2817 368
2579 2752 2748 2819 illud
2770 2757 2990 2840 ipsum

589 2857 698 2919 θεῶ
767 2852 1046 2920 reddidit
1112 2853 1364 2930 Iuliano
1425 2875 1488 2940 p.
1557 2853 1762 2920 300ss
1822 2861 1887 2920 et
1955 2858 2267 2922 aoristum
2334 2859 2711 2944 imperativi
2772 2862 2989 2926 θέασαι

588 2959 868 3026 Eusebio
929 2961 990 3024 έν
1050 2960 1248 3040 Ἐρμῇ
1315 2959 1524 3040 Λογίῳ
1571 2980 1635 3045 p.
1686 2957 1841 3026 456.
1906 2960 2053 3047 Ipse
2098 2963 2325 3027 Μιοοηι.
2380 2963 2555 3030 1888
2602 2987 2665 3050 p.
2715 2964 2843 3031 103
2888 2968 2987 3031 in-

589 3067 800 3134 dicavi
846 3065 1023 3132 Plut.
1071 3064 1300 3132 Moral.
1346 3087 1409 3152 p.
1465 3063 1653 3133 770:
1707 3067 1814 3131 θεῶ
1854 3067 2248 3146 Φλεγόμενον
2294 3070 2399 3134 καὶ
2449 3071 2869 3147 ἀδημονοῦντα
2918 3081 2987 3138 et

588 3194 652 3259 p.
704 3171 948 3238 462D:
1018 3173 1122 3237 ὑπ’
1183 3173 1395 3248 αὐγὰς
1463 3174 1569 3236 θεῶ
1634 3173 1738 3237 καὶ
1789 3175 1951 3238 πολύ
2000 3196 2090 3240 σοι
2138 3174 2387 3250 βέλτιον
2434 3184 2775 3256 φανεῖται,
2821 3181 2981 3246 item

592 3276 965 3363 Apollodori
1011 3275 1259 3345 Comici
1306 3279 1749 3366 fragmentum
1797 3279 1967 3366 apud
2006 3280 2349 3348 Stobaeum
2398 3281 2569 3348 Flor.
2616 3283 2845 3351 XLVI.
2878 3285 2982 3351 15.

590 3382 756 3448 Sunt
819 3404 1072 3469 quoque
1135 3387 1260 3449 tria
1307 3385 1600 3471 exempla
1647 3385 1819 3472 apud
1864 3385 2247 3472 Synesium‚
2297 3389 2375 3454 de
2424 3389 2643 3476 Regno
2692 3413 2753 3477 p.
2809 3391 2893 3456 14
2910 3392 2983 3476 B,

591 3489 772 3558 Calv.
838 3490 1104 3556 Encom.
1169 3512 1230 3577 p.
1286 3490 1447 3559 70A
1490 3497 1558 3557 et
1603 3491 1682 3558 de
1727 3492 2007 3560 Insomn.
2060 3515 2123 3580 p.
2174 3494 2301 3559 140
2321 3495 2392 3561 Β.
2440 3497 2576 3561 Aut
2621 3504 2779 3563 satis
2828 3497 2985 3564 haec

589 3602 780 3662 erunt
825 3602 940 3662 aut
983 3595 1150 3662 nihil
1196 3598 1321 3663 erit
1363 3600 1537 3663 satis.

681 3813 842 3879 Ibid.
906 3837 970 3901 p.
1021 3813 1258 3882 4260:
1327 3823 1441 3890 τῆς
1491 3816 1777 3892 κινήσεως
1828 3814 1896 3892 ἣν
1944 3820 2093 3885 οὐδ’
2143 3819 2489 3898 εἴπομεν
2538 3821 2612 3886 δι’
2661 3819 2697 3886 ‘0'
2738 3847 2797 3888 τι
2846 3823 2983 3904 ἔχει

589 3925 770 3985 τοῦτο
836 3919 1124 4000 τοῦνομα.
1189 3923 1393 4002 Quem
1457 3944 1583 3989 non
1648 3923 1909 3990 offendit
1969 3924 2180 3990 istud:
2245 3949 2319 3990 ne
2381 3927 2663 3993 diximus
2708 3929 2983 4014 quidm?

590 4026 876 4093 Platonis
923 4049 1152 4094 manus
1197 4031 1483 4095 revocari
1527 4036 1739 4114 potest
1784 4028 2033 4096 collatis
2079 4017 2351 4098 Phaedr.
2398 4055 2462 4118 p.
2511 4033 2643 4098 253
2662 4032 2743 4101 O:
2792 4037 2982 4115 ἀρετὴ

589 4135 654 4200 δὲ
703 4136 796 4207 τίς
847 4139 954 4200 τοῦ
1001 4135 1245 4212 ἀγαθοῦ
1291 4137 1374 4200 οὔ
1421 4135 1891 4217 διείπομεν,
1955 4137 2214 4206 Politia.
2262 4161 2324 4226 p.
2375 4137 2616 4208 275A:
2664 4138 2867 4208 ὅντινα
2920 4144 2981 4207 δὲ

591 4241 808 4320 τρόπον
856 4244 939 4307 οὖ
989 4239 1440 4318 διείπομεν.

685 4456 844 4523 Ibid.
909 4479 971 4544 p.
1026 4455 1271 4524 433A:
1335 4454 1529 4534 ὥσπερ
1595 4457 1647 4522 οἱ
1714 4458 1775 4521 έν
1840 4458 2137 4539 Αἰγίνῃ
2199 4459 2425 4539 νύκτωρ
2490 4462 2817 4542 περιιόντες
2868 4465 2981 4539 ὀψὲ
