3246 5085
1239 342 1566 394 nummus.
2502 334 2589 398 93

311 505 435 570 His
482 506 694 571 verbis
740 505 1065 572 deridetur
1108 505 1290 572 locus
1335 508 1709 589 Plautinae,
1755 532 1984 597 nempe
2028 509 2195 592 (Cas.
2247 512 2404 593 138)

491 610 682 676 Meus
727 610 945 696 pullus
991 633 1224 697 passer,
1273 634 1416 679 mea
1463 613 1794 693 columba,
1845 619 1938 681 mi
1980 616 2186 703 lepus.

217 712 642 782 Conferantur
689 737 942 802 quoque
990 719 1182 782 verba
1225 719 1464 783 dicacia
1509 742 1671 805 quae
1717 741 1909 803 supra
1946 721 2230 808 legimus
2269 722 2450 803 (183,
2477 724 2591 803 25)

215 842 418 898 „caue
476 844 554 887 ne
617 821 791 888 solus
850 823 1077 888 exedas
1143 830 1277 889 tam
1336 825 1580 890 bellum
1643 825 1885 892 scilicet
1946 827 2279 912 pullulum
2327 830 2436 894 sed
2487 851 2597 895 no-

219 929 314 991 bis
361 948 612 1012 quoque
656 931 789 993 tuis
834 926 1230 1013 palumbulis
1275 950 1407 995 non
1453 952 1783 1016 nunquam
1826 933 2197 1017 inpertias.’'

282 1075 396 1135 240,
416 1080 446 1127 5
497 1077 788 1139 conplexam
831 1082 930 1126 tum
972 1078 1058 1139 (nic
1103 1078 1294 1127 divisim
1333 1082 1447 1141 scr.)
1482 1079 1586 1141 Ἐφ.
1653 1080 1683 1133 7
1717 1080 1891 1130 rancido
1925 1080 1989 1129 Ε·
2029 1082 2201 1146 rapido
2234 1083 2297 1132 13·-
2338 1083 2508 1133 rabido
2540 1089 2595 1146 Φ.

216 1158 280 1207 12
315 1158 439 1207 lucie
472 1158 542 1217 (in
577 1160 747 1222 marg.)
781 1164 836 1219 φ.

301 1270 456 1348 240,
488 1269 568 1335 19
617 1276 682 1335 et
720 1273 1020 1356 quoniam
1060 1293 1266 1357 neque
1309 1276 1573 1359 egregia
1610 1272 1729 1339 1118
1765 1296 1927 1340 uxor
1964 1290 2107 1341 m'ea
2132 1284 2396 1358 <parata
2418 1284 2595 1353 erat>

204 1382 468 1460 propter
535 1376 919 1461 dignitatem
987 1398 1192 1461 neque
1252 1399 1511 1462 prorsus
1570 1378 1708 1444 ulla
1768 1380 1896 1445 alia
1961 1384 2239 1446 inueniri
2302 1388 2598 1467 potuerat

209 1479 440 1566 grandi
475 1484 759 1565 praemio
778 1529 795 1560 ,
837 1480 989 1548 uilis
1027 1485 1390 1568 anquiritur
1429 1483 1643 1569 aliqua
1684 1489 1999 1551 sententia
2035 1487 2341 1571 praesidis
2372 1488 2597 1553 bestiis

216 1585 468 1651 addicta
515 1606 567 1651 e.
598 1608 658 1671 q.
684 1608 734 1651 s.
2468 1613 2472 1617 ·

305 1690 547 1755 Parum
593 1692 1010 1775 probabiliter
1055 1693 1263 1758 editor
1309 1696 1530 1758 statim
1577 1702 1723 1780 post
1768 1696 2122 1777 diqnitatem
2162 1696 2407 1762 addidit
2447 1700 2599 1773 <ad-

211 1794 409 1857 hiberi
454 1802 772 1877 poterat),
836 1797 1135 1881 equidem
1193 1800 1440 1863 inserui
1485 1799 1655 1882 quod
1702 1799 2134 1866 desiderabam
2153 1850 2169 1879 ,
2218 1801 2380 1867 solet
2424 1804 2599 1866 enim

213 1898 536 1984 Apuleius
579 1904 648 1965 in
687 1900 804 1967 tali
840 1923 908 1967 re
948 1904 1216 1968 verbum
1243 1904 1514 1985 parandi
1552 1904 1881 1983 adhibere,
1924 1912 1999 1970 ut
2036 1906 2245 1973 elucet
2282 1928 2360 1972 ex
2386 1907 2493 1985 30,
2522 1906 2593 1986 8;

218 2005 329 2083 30,
358 2005 477 2086 183
545 2005 694 2084 183,
721 2007 803 2072 21
869 2008 1228 2087 (seruulum
1300 2012 1659 2075 ministerio
1720 2032 1833 2077 suo
1895 2018 2253 2096 paratum);
2333 2012 2479 2091 186,
2513 2012 2596 2076 10

216 2111 562 2188 (industria
617 2111 898 2179 laterum
960 2121 1152 2198 atque
1213 2118 1364 2180 imis
1426 2118 1671 2181 uentris
1734 2118 1891 2182 bene
1953 2124 2427 2202 praeparatum)
2474 2125 2593 2183 cet.

217 2212 312 2281 Of.
376 2238 626 2303 quoque
681 2217 916 2283 Florid.
963 2218 1115 2283 XIV
1158 2225 1249 2298 (v.
1278 2220 1339 2284 d.
1365 2218 1541 2285 Vliet
1591 2220 1742 2299 164,
1770 2220 1837 2301 3)
1884 2242 2224 2307 coramque
2270 2225 2595 2309 uirginem

214 2324 627 2388 inminuisset
672 2332 960 2409 paratam
1007 2327 1147 2409 pari
1192 2328 1544 2390 constantia
1582 2348 1636 2391 e.
1664 2348 1723 2412 q.
1750 2348 1797 2391 s.
1840 2328 2007 2392 Ante
2041 2334 2290 2410 propter
2322 2328 2368 2409 ¹)
2408 2327 2593 2393 facile

203 2434 437 2509 pao-ata
483 2436 613 2491 erat
657 2432 871 2514 potuit
915 2429 1220 2495 excidere.

284 2581 482 2636 maza
534 2579 646 2628 bilis
697 2580 832 2641 Εῑφ,
885 2580 968 2629 8οᾶ
1007 2581 1070 2629 P²
1123 2581 1328 2629 mutavit
1373 2581 1400 2629 b
1448 2581 1498 2630 in
1543 2597 1594 2630 a.
1662 2581 1727 2629 22
1762 2582 1989 2646 aequin-iv·-
2018 2585 2083 2644 φ·
2121 2585 2201 2632 sed
2235 2589 2301 2644 (β’
2342 2585 2534 2648 scripsit
2562 2600 2595 2632 n

215 2675 361 2725 supra
392 2676 419 2709 e
449 2666 745 2725 expunctum.
801 2663 868 2711 84
892 2661 1138 2724 paulic-an
1172 2664 1236 2721 φ·
1269 2661 1510 2726 publicam
1544 2667 1633 2722 ᾤ’.
1685 2663 1749 2710 29
1771 2664 1916 2727 setus
1950 2660 2025 2712 ΕΤ
2046 2665 2167 2728 feti?
2198 2663 2263 2712 F·
2290 2663 2394 2729 set’
2428 2671 2482 2726 φ.

307 2788 460 2867 240,
488 2788 576 2854 29
638 2790 999 2870 (mandauit
1059 2793 1246 2855 uxori
1306 2811 1458 2855 suae
1509 2837 1749 2856 ......
1756 2797 1778 2869 )
1826 2798 1899 2855 ut
1945 2793 2001 2856 si
2046 2812 2235 2857 sexus
2283 2795 2593 2877 sequioris

213 2894 516 2960 edidisset
577 2895 822 2960 foetum
841 2943 856 2972 ,
921 2898 1212 2978 protinus
1273 2895 1445 2980 quod
1489 2902 1654 2960 esset
1698 2896 1945 2960 editum
1989 2904 2319 2962 necaretur.
2366 2905 2433 2962 at
2478 2895 2593 2962 illa

216 3020 326 3084 per
371 3001 722 3065 absentiam
771 3002 989 3064 mariti
1033 3007 1246 3064 natam
1297 2998 1580 3083 puellam
1622 2995 2002 3082 (perimere)
2045 3005 2238 3067 insita
2277 3002 2591 3067 matribus

213 3109 450 3189 pietate
513 3113 856 3189 praeuenta
917 3105 1188 3169 desciuit
1249 3107 1327 3169 ab
1374 3106 1676 3189 obsequio
1724 3108 1944 3170 mariti
1990 3129 2258 3192 eamque
2307 3107 2594 3193 prodidit

211 3213 442 3275 uicinis
503 3208 956 3276 alumnandam
1018 3231 1429 3297 regressoque
1474 3213 1605 3275 iam
1654 3215 1887 3277 marito
1936 3219 2154 3279 natam
2200 3222 2588 3299 necatamque

213 3318 558 3381 nuntiauit.

303 3419 404 3484 Ex
464 3441 586 3485 usu
646 3419 1006 3505 Apuleiano
1071 3427 1168 3485 est
1225 3423 1294 3484 in
1355 3421 1577 3486 eadem
1641 3421 1895 3507 periodo
1956 3422 2175 3489 eadem
2221 3425 2415 3489 verba
2462 3422 2589 3489 alio

213 3533 499 3611 tempore
560 3525 667 3590 vel
727 3526 915 3591 modo
979 3546 1164 3610 saepe
1222 3529 1553 3591 enuntiata
1596 3546 1862 3611 ponere:
1913 3529 2147 3594 melius
2194 3551 2347 3615 ergo
2396 3550 2591 3615 supra

210 3653 424 3696 necare
460 3633 802 3696 inserueris
840 3652 1036 3715 quam
1057 3631 1368 3712 perimere.
1418 3631 1679 3697 Accedit
1712 3633 1881 3717 quod
1920 3637 2044 3698 nisi
2079 3637 2408 3700 metricam
2449 3638 2591 3700 vim

210 3735 606 3820 syllabarum
670 3735 1142 3821 neglexerimus
1204 3739 1516 3822 aptiorem
1578 3739 1669 3802 sic
1714 3758 2057 3803 numerum
2103 3761 2590 3824 consequemur.

210 3839 546 3925 Nusquam
606 3841 777 3926 quod
837 3843 1034 3905 sciam
1094 3841 1453 3906 infinitivus
1501 3842 1794 3924 perimere
1836 3845 1905 3907 in
1952 3845 2591 3929 Metamorphosibus

209 3944 471 4030 legitur,
520 3950 586 4010 at
631 3967 844 4009 necare
888 3949 1165 4011 occurrit
1210 3952 1377 4012 certe
1427 3946 1534 4025 65,
1562 3946 1622 4012 3.

275 4086 392 4140 241.
416 4087 441 4133 1
486 4077 532 4149 ’ᾗ
567 4084 882 4134 abstinentia]
936 4085 1065 4146 Εῑφ,
1112 4089 1163 4134 at
1209 4086 1274 4134 Ε*
1326 4085 1508 4134 delevit
1550 4088 1817 4151 compendii
1851 4089 2039 4151 signum
2074 4104 2165 4154 pro
2203 4107 2261 4140 m.
2313 4091 2343 4138 8
2376 4105 2484 4137 nam
2518 4088 2583 4136 1³¹²

212 4167 335 4215 Nam
381 4166 465 4216 1³².
539 4168 598 4215 11
651 4167 824 4234 obsequ
874 4166 1125 4230 myrtinis
1171 4167 1250 4215 cui
1293 4183 1462 4215 munus
1511 4167 1607 4231 adq
1657 4167 1877 4232 reh‘yioee
1919 4172 1985 4231 φ*
2026 4174 2077 4219 at
2109 4175 2175 4233 φ’
2218 4170 2393 4220 delevit
2428 4171 2593 4220 omnia

208 4246 338 4296 inter
379 4246 553 4312 obsequ
593 4257 640 4296 et
672 4247 904 4312 religiose.
979 4248 1036 4296 ll
1074 4249 1126 4296 in
1161 4263 1310 4311 marg.
1349 4251 1594 4296 exaratum
1630 4258 1725 4298 eat:
1758 4251 1782 4290 Ἰ
1821 4251 1999 4300 sororio
2032 4252 2202 4315 (ficia.
2274 4253 2330 4299 12
2362 4251 2593 4300 archanis

284 4437 336 4494 1)
377 4439 442 4483 Dc
473 4435 750 4500 compendio
782 4437 1049 4500 scripturae
1082 4433 1142 4482 cf.
1180 4435 1241 4482 ad
1276 4434 1396 4494 850,
1413 4436 1496 4483 80.
