3246 5085
625 295 760 362 246
1677 312 1989 368 nonnus·

621 480 942 569 glorietur
1003 488 1066 546 et
1126 480 1402 547 blandiri
1464 483 1705 546 amicae
1768 483 2044 560 nesciat,
2102 481 2528 548 insulsum
2593 484 2705 569 qui
2762 505 2891 549 non
2938 485 3045 548 sit

623 588 797 654 salax
844 596 908 654 et
954 588 1224 675 cupidus
1271 590 1511 666 coitus,
1562 588 1896 656 tardum
1945 591 2057 674 qui
2103 610 2230 654 non
2278 588 2466 655 facile
2512 578 2793 676 explicet
2837 611 3043 658 vene-

621 717 795 773 rem,
862 716 1021 781 quae
1083 717 1184 762 res
1243 696 1689 761 meretricibus
1750 695 2155 761 odiosissima
2202 701 2317 762 est.
2501 696 2645 783 (10)
2693 697 2861 762 Sunt
2908 699 3039 783 qui

621 802 945 866 fatuum
1011 804 1226 867 animo
1290 809 1553 888 putent,
1618 801 2048 868 insulsum
2110 802 2301 868 dictis
2347 803 2456 883 (cf.
2506 806 2905 870 contrarium
2952 806 3035 868 in

621 905 779 988 (7)),
842 907 950 973 sed
999 906 1200 986 male,
1251 929 1402 974 nam
1452 905 1705 973 Fatui
1752 908 1819 972 di
1865 929 2119 994 quoque
2166 914 2353 986 sunt,
2403 911 2515 994 qui
2564 915 2630 975 et
2676 909 2883 975 Fauni
2930 910 3036 974 di-

619 1021 855 1080 cuntur
916 1015 1025 1100 (cf.
1085 1014 1244 1095 (6)),
1311 1021 1376 1080 et
1440 1037 1566 1080 non
1628 1015 1851 1093 stulti,
1913 1015 2025 1081 sed
2087 1015 2375 1081 multum
2442 1017 2755 1094 fantes,
2804 1018 2872 1083 id
2922 1023 3035 1084 est

619 1121 972 1207 loquentes.
1155 1121 1299 1202 (ll)
1363 1120 1540 1187 Haec
1600 1143 1763 1207 quae
1824 1143 1995 1187 nunc
2056 1122 2236 1188 addit
2283 1145 2407 1188 non
2454 1144 2531 1188 ex
2578 1125 3031 1209 superioribus

619 1227 928 1314 pendent;
969 1226 1079 1293 sed
1117 1249 1267 1292 cum
1306 1230 1635 1313 superiora
1674 1233 1798 1310 (vs,
1828 1227 1940 1310 48)
1974 1227 2234 1294 valeant
2258 1228 2653 1314 plurimum,
2692 1251 2839 1295 nam
2868 1233 3035 1317 quia

617 1341 684 1400 et
745 1334 924 1399 dives
980 1339 1045 1400 et
1092 1332 1403 1412 liberalis,
1453 1337 1669 1420 potuit
1714 1335 1934 1400 obesse
1981 1334 2336 1414 rivalibus,
2387 1337 2539 1401 haec
2586 1339 2805 1402 omnia
2856 1338 3035 1402 bona

616 1445 686 1506 in
747 1440 960 1506 milite
1005 1447 1526 1527 corrumpuntur,
1574 1439 1748 1525 quod
1798 1441 2129 1520 „fatuus'’,
2179 1441 2352 1527 quod
2402 1441 2793 1520 „insulsus”,
2846 1441 3034 1529 quod

617 1555 825 1615 cetera
864 1568 1026 1633 quae
1064 1550 1200 1632 ipse
1238 1549 1663 1633 persequitur.
1842 1546 1985 1626 (12)
2034 1547 2211 1612 Haec
2262 1549 2417 1614 bene
2466 1547 2812 1627 adduntur,
2861 1552 3029 1634 quia

620 1654 887 1741 (quod)
952 1653 1119 1719 dixit
1168 1659 1274 1732 „et
1319 1652 1510 1719 habet
1557 1652 1726 1739 quod
1768 1653 1874 1719 det
1914 1658 1981 1719 et
2019 1653 2129 1719 dat
2168 1675 2357 1720 nemo
2401 1654 2689 1741 largius”
2735 1661 2857 1734 (vs.
2904 1653 3030 1736 48)

618 1761 697 1827 ad
758 1783 902 1827 eam
963 1783 1097 1826 rem
1163 1759 1450 1838 valebat,
1515 1767 1591 1825 ut
1650 1767 1975 1826 amaretur
2022 1760 2211 1826 miles
2256 1783 2293 1826 a
2340 1765 2677 1827 meretrice
2726 1770 2791 1827 et
2838 1783 3029 1848 prae-

617 1867 948 1955 ponendus
1002 1873 1168 1932 esset
1213 1868 1545 1933 omnibus:
1595 1866 1707 1932 sed
1752 1869 2009 1956 ingrata
2056 1873 2208 1932 sunt
2253 1863 2659 1934 mulierculis
2703 1871 3027 1934 maxime·

619 1969 743 2062 q'ue
787 1975 1048 2040 lascivis
1094 1975 1249 2039 haec
1293 1977 1510 2040 omnia
1557 1995 1721 2060 quae
1768 1975 2059 2040 subiecit.
2247 1972 2389 2054 (13)
2436 1973 2576 2040 Hoc
2622 1996 2735 2061 pro
2781 1995 3023 2041 acervo

618 2083 934 2148 vitiorum
994 2102 1142 2146 cum
1205 2079 1483 2166 quadam
1545 2080 1771 2148 vultus
1830 2081 2246 2168 improbitate
2307 2080 2635 2166 prolatum
2699 2086 2835 2158 est,
2884 2101 3024 2166 quo

619 2191 830 2277 magis
878 2209 978 2254 res
1025 2191 1094 2253 in
1141 2188 1354 2254 medio
1402 2191 1612 2274 posita
1658 2209 1793 2254 esse
1838 2189 2157 2254 videatur.

707 2296 781 2360 In
840 2296 958 2361 hac
1006 2296 1327 2381 farragine
1375 2295 1689 2381 quaedam
1736 2293 2096 2371 excellunt,
2146 2315 2309 2380 quae
2355 2315 2545 2360 nemo
2590 2296 2837 2380 peritus
2886 2315 3024 2359 non

618 2422 874 2468 mecum
943 2401 1192 2466 Donato
1255 2404 1476 2466 statim
1543 2402 1861 2466 tribuerit.
1928 2401 2224 2465 Primum
2292 2398 2488 2466 schol.
2555 2399 2673 2481 (8),
2738 2400 2849 2465 ubi
2908 2400 3027 2466 hic

619 2530 838 2576 versus
906 2511 1048 2575 iure
1107 2511 1408 2595 iungitur
1469 2529 1618 2574 cum
1684 2509 2009 2594 sequenti:
2079 2527 2323 2593 „neque
2384 2509 2585 2572 istum
2637 2512 2887 2573 metuas
2934 2529 3025 2573 ne

618 2622 789 2681 amet
852 2614 1130 2680 mulier'’
1158 2615 1232 2696 2),
1297 2622 1362 2679 et
1421 2616 1777 2681 lectissima
1824 2614 2118 2700 exempla
2165 2617 2470 2680 citantur.
2534 2614 2747 2680 Reicit
2790 2620 3022 2680 autem

617 2723 808 2790 aliam
871 2724 1497 2808 interpretationem,
1556 2743 1699 2787 eam
1748 2724 2095 2799 nimirum,
2146 2742 2307 2807 quae
2353 2724 2647 2806 proxime
2694 2720 3026 2806 praecedit

615 2827 713 2910 (7)
741 2826 812 2907 ³),
861 2828 974 2893 ubi
1026 2828 1329 2904 „tardus”
1380 2827 1744 2913 explicatur
1790 2828 1867 2893 de
1918 2848 2219 2913 „corpore
2266 2836 2331 2893 et
2376 2826 2749 2905 membris”,
2795 2848 3025 2913 quam-

614 2948 810 3022 quam
849 2936 938 3000 ibi
976 2934 1344 3001 conceditur
1380 2938 1575 3000 etiam
1619 2938 1917 3022 usurpari
1956 2935 2033 3000 de
2064 2934 2419 3001 intellectu.
2461 2934 2635 3021 Ergo
2660 2934 2821 3001 Don'.
2847 2934 3023 3001 hanc

615 3040 1091 3129 praeferendam
1137 3062 1272 3107 esse
1320 3040 1511 3106 dicit:
1555 3041 1721 3117 „Sed
1768 3041 2003 3107 melius
2051 3042 2192 3107 est”
2237 3047 2387 3107 cett.
2482 3040 2661 3107 Haec
2702 3042 3015 3106 correctio

615 3150 888 3234 pertinet
955 3148 1160 3233 igitur
1230 3146 1680 3212 tantummodo
1752 3146 1833 3213 ad
1894 3149 2493 3233 interpretationem
2557 3169 2621 3212 v.
2675 3146 3015 3225 „tardus'’.

615 3254 844 3319 Editor
887 3256 956 3317 in
1005 3253 1099 3333 (9)
1138 3275 1252 3338 pro
1301 3274 1476 3319 more
1521 3256 1865 3341 impugnat
1913 3253 2082 3339 quod
2122 3251 2236 3319 ille
2279 3252 2789 3320 commendavit:
2842 3251 3018 3332 „Sed

615 3360 778 3426 mihi
839 3358 1160 3436 videtur'’,
1223 3366 1395 3439 cett„
1460 3363 1725 3446 agitque
1790 3381 1915 3425 non
1976 3367 2231 3425 tantum
2281 3359 2357 3425 de
2403 3382 2465 3425 v.
2518 3358 2847 3437 ‚,tardus”,
2896 3358 3015 3424 sed

613 3470 809 3535 etiam
873 3465 950 3530 de
1009 3467 1254 3531 ceteris.
1318 3465 1611 3531 Produnt
1659 3465 1985 3531 hominem
2038 3468 2347 3557 spurcitia
2392 3473 2455 3531 et
2504 3468 2782 3551 ineptiae
2830 3472 3016 3551 (quo-

613 3572 808 3639 modo
869 3574 1042 3637 enim
1105 3570 1294 3637 miles
1343 3593 1508 3650 „non
1551 3571 1727 3638 salax
1776 3580 1841 3638 et
1888 3573 2159 3658 cupidus
2205 3572 2452 3638 coitus”
2503 3572 2628 3637 dici
2678 3575 2913 3659 poterit
2930 3570 3011 3652 52),

615 3679 849 3765 quibus
895 3676 1252 3744 delectatur
1277 3676 1349 3758 ⁴).

704 3783 992 3850 Secundo
1038 3782 1177 3851 loco
1223 3785 1472 3852 Donato
1515 3785 1991 3874 adsignandum
2030 3790 2128 3850 est
2166 3785 2581 3851 sanissimum
2624 3784 2819 3851 schol.
2866 3784 3014 3867 (11)

683 4043 740 4109 1)
777 4042 855 4093 Vs.
891 4045 984 4093 48:
1039 4042 1284 4108 Principio
1319 4046 1368 4091 et
1405 4041 1546 4091 habet
1582 4044 1711 4107 quod
1749 4043 1826 4093 det
1861 4048 1911 4093 et
1946 4044 2030 4093 dat
2066 4058 2205 4093 nemo
2242 4042 2439 4109 largius.

680 4124 736 4189 2)
777 4124 904 4173 Hinc
939 4124 1194 4183 Dziatzko‚
1229 4116 1401 4174 melius
1437 4140 1580 4188 quam
1617 4125 1835 4185 Fabia,
1872 4129 1980 4191 post
2020 4126 2183 4175 ‚dies”
2217 4126 2313 4175 duo
2350 4128 2527 4191 puncta
2562 4125 2735 4191 posuit.

681 4209 735 4270 8)
785 4206 856 4255 Cf.
902 4222 1048 4272 supra
1083 4224 1129 4271 p.
1167 4208 1246 4256 31.
1284 4206 1378 4255 Hic
1409 4221 1598 4271 quoquc
1638 4210 1759 4259 Don.
1794 4208 1845 4258 in
1881 4207 1951 4272 (7)
1985 4209 2195 4259 aliorum
2230 4209 2506 4275 opinionem
2542 4208 2678 4274 prius
2714 4210 3015 4261 affirmanter
3053 4246 3057 4250 Δ

613 4290 778 4350 refert,
812 4288 893 4337 scd
928 4289 1037 4338 dein
1072 4290 1122 4339 in
1158 4290 1356 4339 dubium
1390 4292 1532 4340 vocat
1563 4290 1666 4355 ipae
1699 4293 1793 4353 (8).

679 4374 736 4436 4)
776 4370 892 4419 Vide
923 4371 973 4420 in
1009 4372 1097 4421 hoc
1130 4388 1304 4435 genere
1337 4388 1459 4437 quac
1493 4372 1637 4422 citavi
1678 4375 1861 4425 Mnem.
1898 4374 2082 4424 XXXII
2116 4391 2161 4441 p.
2199 4374 2295 4423 229
2330 4373 2351 4422 1
2385 4374 2431 4425 1.
2453 4375 2535 4434 63,
2564 4390 2610 4441 p.
2642 4374 2735 4425 281
2771 4373 2796 4423 1
2830 4375 3015 4437 1.125‚

613 4470 659 4520 p.
696 4455 794 4504 234
830 4454 881 4503 11
923 4455 1064 4513 1.24,
1099 4454 1206 4503 alia.
