3246 5085
1293 359 1608 410 neurus.
2502 343 2637 410 209

243 527 564 593 sententia
623 523 1006 592 adverbium
1051 529 1293 591 maiore
1341 531 1571 604 auctu,
1622 526 1828 592 veluti
1878 527 2323 604 „miserrime”
2377 549 2438 593 v.
2469 531 2514 592 t.
2541 549 2639 612 q.,

247 639 714 720 usurpaturum
777 633 991 699 fuisse.
1191 631 1292 698 IP
1355 633 1597 698 denuo:
1661 633 1756 714 (4)
1808 635 1939 698 Aut
1984 632 2129 719 plus
2176 641 2273 699 est
2325 634 2639 712 „misere”

249 761 448 826 quam
500 739 893 826 „impense''.

341 846 504 912 Ibid.
553 846 662 912 23.
732 847 1108 933 Elephantis
1155 867 1350 932 quem
1397 846 1633 912 Indicis
1684 848 2069 932 praefecerat

345 953 546 1019 Don.:
604 954 701 1035 (1)
749 953 837 1018 Et
882 954 1003 1020 hoc
1049 954 1283 1033 stulte,
1334 975 1482 1019 cum
1528 954 1649 1021 hoc
1680 955 1725 1035 ¹)
1774 954 1853 1020 ad
1898 954 2284 1041 dignitatem
2334 957 2537 1020 sumit
2585 959 2651 1019 et

255 1062 350 1126 sic
396 1063 806 1146 pronuntiat,
855 1067 932 1125 ut
977 1081 1218 1148 magna
1262 1079 1398 1127 esse
1447 1062 1842 1147 praefectura
1888 1062 2184 1127 videatur
2230 1062 2385 1127 haec
2432 1064 2589 1147 ipsa.

349 1167 454 1232 IP
516 1166 790 1233 addidit:
856 1167 952 1249 (2)
1014 1165 1098 1232 Et
1159 1168 1281 1234 hoc
1342 1188 1380 1234 a
1426 1166 1657 1235 stolido
1704 1168 1914 1234 milite
1960 1172 2051 1234 sic
2100 1169 2441 1254 profertur,
2491 1175 2654 1232 tam-

259 1295 458 1360 quam
505 1294 819 1361 magnum
868 1274 1197 1340 hominem
1244 1273 1402 1340 velit
1451 1295 1621 1351 esse,
1672 1279 1784 1361 qui
1832 1276 1955 1340 sibi
2000 1275 2327 1340 inviderit.

351 1379 514 1446 Ibid.
568 1380 655 1445 40
727 1379 916 1447 Dolet
962 1380 1210 1446 dictum
1256 1381 1656 1466 imprudenti
1703 1380 2097 1447 adulescenti
2145 1389 2209 1447 et
2252 1381 2454 1446 libero

350 1487 523 1552 Scite
585 1485 780 1552 Don.:
846 1488 942 1569 (1)
1009 1487 1206 1553 Deest
1261 1487 1513 1566 „mihi”
1561 1493 1639 1552 ut
1686 1491 1806 1552 sit:
1855 1487 2028 1553 dolet
2074 1488 2271 1566 mihi,
2322 1525 2407 1536 —-
2458 1487 2551 1568 (2)
2597 1495 2655 1552 et

257 1594 488 1658 dictum
513 1594 916 1678 participium
957 1600 1065 1673 eet,
1107 1595 1177 1658 id
1213 1595 1372 1679 quod
1405 1593 1625 1658 dixisti
1664 1593 1790 1673 (W.
1831 1615 1996 1660 curs.
2038 1591 2135 1660 Cf.
2181 1594 2257 1660 ad
2284 1594 2444 1680 prol.
2475 1594 2542 1674 6)
2570 1631 2653 1642 —-

257 1700 508 1768 addidit
570 1704 743 1767 enim
792 1703 1146 1786 parasitus,
1200 1722 1325 1786 quo
1373 1703 1639 1787 gravius
1686 1704 1773 1766 sit
1819 1700 2105 1780 dictum,
2160 1703 2657 1766 commiseratio-

259 1829 411 1872 nem
458 1810 633 1887 eius,
681 1810 750 1872 in
797 1827 990 1892 quem
1036 1807 1283 1872 dictum
1333 1812 1463 1886 est,
1514 1812 1739 1892 utpote
1776 1807 2255 1892 imprudentem
2298 1805 2657 1873 adulescen-

256 1920 398 1979 tem
447 1919 512 1979 et
557 1913 832 1979 liberum
854 1933 871 1992 ;
912 1915 1032 1978 scit
1073 1915 1246 1978 enim
1287 1912 1578 1978 homines
1616 1913 1851 1979 stultos
1888 1912 2092 1978 malos
2132 1914 2337 1979 videri
2379 1913 2563 1979 velle.

261 2021 366 2086 IP
411 2019 532 2085 hoc
576 2021 666 2085 sic
715 2021 993 2085 variavit
1040 2026 1104 2085 et
1150 2021 1364 2108 aluit:
1407 2019 1504 2100 (5)
1543 2019 1629 2084 Et
1670 2023 1761 2086 sic
1799 2019 2019 2086 laudat
2058 2019 2372 2098 militem,
2416 2028 2489 2086 ut
2528 2024 2656 2086 iam

265 2129 682 2193 miseratione
757 2126 995 2212 dignus
1063 2128 1150 2190 sit
1221 2124 1626 2204 adulescens,
1694 2133 1943 2205 (cum)
2012 2133 2143 2192 lam
2207 2128 2435 2193 festive
2502 2124 2659 2203 <ille

269 2232 610 2316 mordeat>
639 2231 690 2314 ²)
738 2239 812 2297 ut
856 2234 991 2298 iam
1035 2234 1328 2298 misereri
1369 2234 1781 2298 inimicorum
1836 2240 2036 2299 vacet.

359 2339 523 2406 Ibid.
572 2337 657 2403 55
721 2337 1010 2423 Denique
1056 2360 1173 2424 par
1217 2359 1331 2424 pro
1379 2341 1516 2424 pari
1563 2339 1832 2416 referto,
1874 2339 2042 2426 quod
2091 2360 2234 2405 eam
2282 2339 2572 2406 mordeat

361 2445 524 2510 Don.
573 2445 669 2527 (1)
735 2443 1006 2525 „Quod”
1054 2465 1220 2530 par.
1285 2497 1290 2504 .
1375 2443 1474 2509 IP
1523 2451 1713 2532 rogat
1757 2444 1853 2527 (2)
1901 2447 2013 2511 An
2062 2446 2353 2512 absolute
2405 2446 2660 2532 „quod”

269 2574 480 2641 quae
525 2547 698 2619 res?

365 2768 460 2835 III
509 2768 572 2836 2.
601 2768 642 2834 3
704 2768 932 2834 Meum
982 2770 1273 2846 savium,
1321 2768 1476 2855 quid
1523 2765 1784 2855 agitur?

367 2876 564 2942 Don.:
630 2874 726 2957 (2)
784 2872 952 2941 Cum
1002 2873 1396 2941 oscularetur
1442 2875 1628 2940 dixit.
1698 2872 1793 2955 (3)
1857 2874 2064 2955 „Quid
2120 2876 2383 2962 agitur'’
2432 2882 2496 2943 et
2542 2878 2665 2943 hoc

271 2982 702 3051 blandimenti
768 3001 975 3067 genus
1036 2988 1179 3066 post
1242 2979 1556 3047 osculum.
1722 2980 1819 3045 IP
1878 2981 2154 3049 addidit:
2220 2982 2345 3047 Sed
2409 2983 2553 3049 duri
2600 2990 2665 3050 et

273 3090 550 3176 agrestis
596 3092 712 3153 est.
853 3084 1004 3165 Cur,
1054 3085 1330 3173 quaeso?

370 3194 532 3261 Ibid.
580 3194 621 3258 4
691 3192 941 3280 Ecquid
989 3214 1104 3259 nos
1153 3214 1330 3259 amas
1378 3192 1454 3258 de
1501 3192 1759 3259 fidicina
1805 3190 2009 3259 istac?

369 3301 465 3383 (2)
525 3299 684 3365 Vide
748 3321 874 3365 nou
941 3298 1313 3385 „puellam”
1378 3298 1486 3363 sed
1552 3298 1963 3377 „fidicinam”
2027 3301 2211 3385 quasi
2260 3302 2337 3365 ab
2384 3309 2667 3369 amatore

272 3410 515 3475 dictam
563 3414 628 3473 et
674 3427 748 3472 eo
787 3413 1108 3487 amatore,
1151 3408 1262 3491 qui
1299 3407 1481 3491 quasi
1521 3426 1771 3471 memor
1806 3408 1890 3470 sit
1929 3408 2085 3471 artis
2125 3428 2251 3492 qua
2289 3406 2665 3487 delectatur,

273 3522 341 3583 et
395 3516 544 3601 quia
589 3512 808 3599 puella
854 3516 940 3578 sit
987 3510 1244 3578 aemula
1290 3514 1683 3591 meretricis,
1734 3534 1882 3577 nam
1931 3516 2342 3580 meretricum
2392 3522 2489 3581 est
2534 3516 2668 3581 fidi-

275 3625 488 3689 cinam
537 3641 692 3687 esse.

375 3729 642 3794 Acutius
710 3746 904 3813 quam
976 3728 1212 3791 verius.
1283 3724 1478 3791 Miles
1541 3746 1945 3812 nequaquam
2008 3727 2214 3793 adhuc
2275 3735 2526 3795 amator
2571 3738 2667 3796 est

275 3836 608 3919 mancupii
669 3837 790 3912 (vs.
842 3828 1022 3911 274),
1088 3832 1257 3917 quod
1318 3833 1500 3897 misit
1561 3830 1791 3897 Thaidi
1848 3839 1924 3897 ut
1970 3833 2165 3898 huius
2210 3834 2335 3899 sibi
2380 3855 2663 3901 amorem

275 3939 684 4017 conciliaret,
734 3959 940 4024 neque
988 3941 1144 4003 artis
1191 3938 1372 4003 illius
1419 3936 1679 4003 aemula
1728 3941 1980 4003 exstitit
2022 3941 2090 4003 in
2140 3941 2482 4007 comoedia.

371 4047 535 4113 Ibid.
589 4045 628 4111 6
705 4043 844 4111 Gn.
909 4044 1150 4109 Eamus
1213 4065 1368 4132 ergo
1431 4046 1509 4110 ad
1557 4066 1798 4110 cenam.
1865 4045 2031 4125 Quid
2081 4044 2251 4111 stas?
2366 4049 2491 4115 Pa.
2542 4049 2663 4113 Em

275 4148 596 4220 alterum!
645 4150 742 4215 Ex
791 4151 1052 4217 homine
1097 4150 1268 4216 hunc
1315 4156 1542 4216 natum
1591 4149 1800 4216 dicas?

346 4414 404 4477 1)
441 4414 551 4464 VJ.
593 4426 727 4461 mum
759 4410 882 4460 hoc’'
915 4386 1203 4460 eliminanda
1239 4410 1480 4470 videntur,
1511 4412 1596 4460 aut
1630 4409 1881 4474 legendum
1924 4409 2141 4461 ·sumat'’
2182 4412 2541 4477 -pmnuntiet''.

346 4496 404 4557 2)
439 4494 734 4545 Sententiam
769 4494 978 4544 iudicare
1013 4496 1214 4544 conatus
1249 4508 1354 4543 sum
1387 4492 1480 4543 loci
1515 4494 1582 4543 sic
1615 4492 1860 4559 corruptis
1902 4496 2031 4544 ‚tam
2068 4494 2235 4543 festive
2269 4493 2318 4543 vi
2356 4495 2459 4546 ut”.

2312 4592 2375 4641 14
