<?xml version="1.0" encoding="UTF-8"?>
<!DOCTYPE html PUBLIC "-//W3C//DTD XHTML 1.0 Transitional//EN"
    "http://www.w3.org/TR/xhtml1/DTD/xhtml1-transitional.dtd">
<html xmlns="http://www.w3.org/1999/xhtml" xml:lang="en" lang="en">
 <head>
  <title>
</title>
<meta http-equiv="Content-Type" content="text/html;charset=utf-8" />
  <meta name='ocr-system' content='tesseract 3.04.00' />
  <meta name='ocr-capabilities' content='ocr_page ocr_carea ocr_par ocr_line ocrx_word'/>
</head>
<body>
  <div class='ocr_page' id='page_1' title='image "./mnemosynevolume03verdgoog_0184.png"; bbox 0 0 3246 5085; ppageno 0'>
   <div class='ocr_carea' id='block_1_1' title="bbox 599 322 1955 399">
    <p class='ocr_par' dir='ltr' id='par_1_1' title="bbox 599 322 1955 399">
     <span class='ocr_line' id='line_1_1' title="bbox 599 322 1955 399; baseline 0.001 -10"><span class='ocrx_word' id='word_1_1' title='bbox 599 322 728 390; x_wconf 78' lang='lat'><strong>176</strong></span> <span class='ocrx_word' id='word_1_2' title='bbox 1299 395 1304 399; x_wconf 53' lang='grc'><strong><em>,</em></strong></span> <span class='ocrx_word' id='word_1_3' title='bbox 1577 341 1955 392; x_wconf 68' lang='lat' dir='ltr'><strong>rumetum.</strong></span> 
     </span>
    </p>
   </div>
   <div class='ocr_carea' id='block_1_2' title="bbox 590 503 2989 786">
    <p class='ocr_par' dir='ltr' id='par_1_2' title="bbox 590 503 2989 786">
     <span class='ocr_line' id='line_1_2' title="bbox 590 503 2989 588; baseline 0.001 -16"><span class='ocrx_word' id='word_1_4' title='bbox 590 507 755 572; x_wconf 77' lang='grc' dir='ltr'><strong><em>οὐδὲν</em></strong></span> <span class='ocrx_word' id='word_1_5' title='bbox 802 511 1111 586; x_wconf 71' lang='grc' dir='ltr'><strong><em>πρᾶγμα,</em></strong></span> <span class='ocrx_word' id='word_1_6' title='bbox 1160 503 1202 570; x_wconf 80' lang='grc' dir='ltr'><strong><em>ὦ</em></strong></span> <span class='ocrx_word' id='word_1_7' title='bbox 1255 507 1615 587; x_wconf 76' lang='grc' dir='ltr'><strong><em>Σώκρατες,</em></strong></span> <span class='ocrx_word' id='word_1_8' title='bbox 1666 508 1787 586; x_wconf 72' lang='grc' dir='ltr'><strong>ἐγὼ</strong></span> <span class='ocrx_word' id='word_1_9' title='bbox 1834 507 1963 588; x_wconf 74' lang='grc' dir='ltr'><strong>γὰρ</strong></span> <span class='ocrx_word' id='word_1_10' title='bbox 2010 506 2293 584; x_wconf 66' lang='grc' dir='ltr'><strong><em>ἰάσομαι.</em></strong></span> <span class='ocrx_word' id='word_1_11' title='bbox 2345 509 2470 575; x_wconf 86' lang='lat' dir='ltr'><strong>Hic</strong></span> <span class='ocrx_word' id='word_1_12' title='bbox 2518 515 2690 574; x_wconf 79' lang='lat' dir='ltr'><strong>certe</strong></span> <span class='ocrx_word' id='word_1_13' title='bbox 2736 509 2989 575; x_wconf 78' lang='lat' dir='ltr'><strong>librarii</strong></span> 
     </span>
     <span class='ocr_line' id='line_1_3' title="bbox 590 611 2987 702; baseline 0.001 -24"><span class='ocrx_word' id='word_1_14' title='bbox 590 611 756 678; x_wconf 90' lang='lat' dir='ltr'><strong>nihil</strong></span> <span class='ocrx_word' id='word_1_15' title='bbox 816 612 1287 701; x_wconf 85' lang='lat' dir='ltr'><strong>adscripserunt</strong></span> <span class='ocrx_word' id='word_1_16' title='bbox 1305 663 1322 693; x_wconf 91' lang='lat'><strong>,</strong></span> <span class='ocrx_word' id='word_1_17' title='bbox 1387 635 1783 700; x_wconf 85' lang='lat' dir='ltr'><strong>quamquam</strong></span> <span class='ocrx_word' id='word_1_18' title='bbox 1850 614 2169 701; x_wconf 85' lang='lat' dir='ltr'><strong>praeclara</strong></span> <span class='ocrx_word' id='word_1_19' title='bbox 2233 622 2401 682; x_wconf 88' lang='lat' dir='ltr'><strong>esset</strong></span> <span class='ocrx_word' id='word_1_20' title='bbox 2446 617 2689 682; x_wconf 78' lang='lat' dir='ltr'><strong>occasio</strong></span> <span class='ocrx_word' id='word_1_21' title='bbox 2734 618 2987 702; x_wconf 85' lang='lat' dir='ltr'><strong>ingenii</strong></span> 
     </span>
     <span class='ocr_line' id='line_1_4' title="bbox 592 718 968 786; baseline 0.003 -2"><span class='ocrx_word' id='word_1_22' title='bbox 592 718 968 786; x_wconf 81' lang='lat' dir='ltr'><strong>ostentandi.</strong></span> 
     </span>
    </p>
   </div>
   <div class='ocr_carea' id='block_1_3' title="bbox 591 932 2989 1240">
    <p class='ocr_par' dir='ltr' id='par_1_3' title="bbox 591 932 2989 1240">
     <span class='ocr_line' id='line_1_5' title="bbox 684 932 2989 1019; baseline 0 -15"><span class='ocrx_word' id='word_1_23' title='bbox 684 938 844 1008; x_wconf 87' lang='lat' dir='ltr'><strong>Ibid.</strong></span> <span class='ocrx_word' id='word_1_24' title='bbox 900 937 1134 1006; x_wconf 66' lang='lat'>18:313:</span> <span class='ocrx_word' id='word_1_25' title='bbox 1187 939 1499 1006; x_wconf 72' lang='grc' dir='ltr'><strong><em>Μέλισσον</em></strong></span> <span class='ocrx_word' id='word_1_26' title='bbox 1547 941 1663 1018; x_wconf 77' lang='grc' dir='ltr'><strong>μὲν</strong></span> <span class='ocrx_word' id='word_1_27' title='bbox 1710 941 1813 1006; x_wconf 73' lang='grc' dir='ltr'><strong>καὶ</strong></span> <span class='ocrx_word' id='word_1_28' title='bbox 1866 941 2004 1014; x_wconf 82' lang='grc' dir='ltr'><strong><em>τοὺς</em></strong></span> <span class='ocrx_word' id='word_1_29' title='bbox 2054 939 2291 1014; x_wconf 70' lang='grc' dir='ltr'><strong><em>ἄλλους</em></strong></span> <span class='ocrx_word' id='word_1_30' title='bbox 2342 932 2397 1006; x_wconf 77' lang='grc' dir='ltr'><strong>οἳ</strong></span> <span class='ocrx_word' id='word_1_31' title='bbox 2443 932 2505 1004; x_wconf 80' lang='grc' dir='ltr'><strong>ἓν</strong></span> <span class='ocrx_word' id='word_1_32' title='bbox 2552 941 2684 1014; x_wconf 79' lang='grc' dir='ltr'><strong>ἑςὸς</strong></span> <span class='ocrx_word' id='word_1_33' title='bbox 2732 941 2989 1019; x_wconf 76' lang='grc' dir='ltr'><strong><em>λέγουσι</em></strong></span> 
     </span>
     <span class='ocr_line' id='line_1_6' title="bbox 592 1044 2985 1130; baseline 0 -20"><span class='ocrx_word' id='word_1_34' title='bbox 592 1048 662 1112; x_wconf 83' lang='grc' dir='ltr'><strong>τὸ</strong></span> <span class='ocrx_word' id='word_1_35' title='bbox 703 1051 852 1126; x_wconf 74' lang='grc' dir='ltr'><strong><em>πᾶν,</em></strong></span> <span class='ocrx_word' id='word_1_36' title='bbox 893 1048 1505 1130; x_wconf 77' lang='grc' dir='ltr'><strong><em>αἰσχυνόμενος</em></strong></span> <span class='ocrx_word' id='word_1_37' title='bbox 1549 1044 1727 1124; x_wconf 78' lang='grc' dir='ltr'><strong><em>ἧττον</em></strong></span> <span class='ocrx_word' id='word_1_38' title='bbox 1766 1048 2150 1130; x_wconf 75' lang='grc' dir='ltr'><strong><em>αἰσχύνομαι</em></strong></span> <span class='ocrx_word' id='word_1_39' title='bbox 2193 1047 2227 1124; x_wconf 79' lang='grc' dir='ltr'>ἢ</span> <span class='ocrx_word' id='word_1_40' title='bbox 2269 1046 2378 1113; x_wconf 79' lang='grc' dir='ltr'><strong>ἕνα</strong></span> <span class='ocrx_word' id='word_1_41' title='bbox 2402 1046 2550 1112; x_wconf 79' lang='grc' dir='ltr'><strong><em>ὄντα</em></strong></span> <span class='ocrx_word' id='word_1_42' title='bbox 2576 1047 2985 1128; x_wconf 68' lang='grc' dir='ltr'><strong><em>Παρμενίδην.</em></strong></span> 
     </span>
     <span class='ocr_line' id='line_1_7' title="bbox 591 1153 1881 1240; baseline 0.001 -21"><span class='ocrx_word' id='word_1_43' title='bbox 591 1153 996 1240; x_wconf 86' lang='lat' dir='ltr'><strong>Interpolabo</strong></span> <span class='ocrx_word' id='word_1_44' title='bbox 1017 1174 1030 1218; x_wconf 92' lang='lat'>:</span> <span class='ocrx_word' id='word_1_45' title='bbox 1103 1159 1180 1234; x_wconf 78' lang='grc' dir='ltr'><strong>(π</strong></span> <span class='ocrx_word' id='word_1_46' title='bbox 1195 1154 1240 1219; x_wconf 68' lang='grc' dir='ltr'><strong><em>ὦ</em></strong></span> <span class='ocrx_word' id='word_1_47' title='bbox 1258 1178 1287 1217; x_wconf 89' lang='grc' dir='ltr'><strong><em>ν</em></strong></span> <span class='ocrx_word' id='word_1_48' title='bbox 1305 1159 1367 1235; x_wconf 89' lang='grc' dir='ltr'><strong>υ)</strong></span> <span class='ocrx_word' id='word_1_49' title='bbox 1417 1154 1881 1235; x_wconf 77' lang='grc' dir='ltr'><strong><em>αἰσχυνόμενος.</em></strong></span> 
     </span>
    </p>
   </div>
   <div class='ocr_carea' id='block_1_4' title="bbox 589 1353 2987 1553">
    <p class='ocr_par' dir='ltr' id='par_1_4' title="bbox 589 1353 2987 1553">
     <span class='ocr_line' id='line_1_8' title="bbox 679 1353 2987 1446; baseline 0.001 -24"><span class='ocrx_word' id='word_1_50' title='bbox 679 1356 839 1422; x_wconf 91' lang='lat' dir='ltr'><strong>Ibid.</strong></span> <span class='ocrx_word' id='word_1_51' title='bbox 891 1357 1020 1424; x_wconf 83' lang='lat'><strong>185</strong></span> <span class='ocrx_word' id='word_1_52' title='bbox 1039 1355 1123 1424; x_wconf 85' lang='lat' dir='ltr'><strong>O:</strong></span> <span class='ocrx_word' id='word_1_53' title='bbox 1171 1353 1215 1424; x_wconf 75' lang='grc' dir='ltr'><em>ἃ</em></span> <span class='ocrx_word' id='word_1_54' title='bbox 1265 1360 1437 1434; x_wconf 70' lang='grc' dir='ltr'><strong><em>νυνδὴ</em></strong></span> <span class='ocrx_word' id='word_1_55' title='bbox 1489 1361 1566 1439; x_wconf 81' lang='grc' dir='ltr'><strong>ἦρ</strong></span> <span class='ocrx_word' id='word_1_56' title='bbox 1584 1386 1627 1425; x_wconf 81' lang='grc' dir='ltr'><strong><em>ω</em></strong></span> <span class='ocrx_word' id='word_1_57' title='bbox 1648 1383 1686 1423; x_wconf 89' lang='grc' dir='ltr'><strong><em>τ</em></strong></span> <span class='ocrx_word' id='word_1_58' title='bbox 1704 1366 1745 1424; x_wconf 77' lang='grc' dir='ltr'><strong><em>ὦ</em></strong></span> <span class='ocrx_word' id='word_1_59' title='bbox 1762 1385 1813 1436; x_wconf 86' lang='grc' dir='ltr'><strong><em>μ</em></strong></span> <span class='ocrx_word' id='word_1_60' title='bbox 1833 1385 1860 1424; x_wconf 85' lang='grc' dir='ltr'><em>ε</em></span> <span class='ocrx_word' id='word_1_61' title='bbox 1880 1382 1928 1425; x_wconf 87' lang='grc' dir='ltr'><strong>ν.</strong></span> <span class='ocrx_word' id='word_1_62' title='bbox 1979 1357 2336 1426; x_wconf 83' lang='lat' dir='ltr'><strong>Oontextus</strong></span> <span class='ocrx_word' id='word_1_63' title='bbox 2382 1358 2755 1446; x_wconf 77' lang='lat' dir='ltr'><strong>planissime</strong></span> <span class='ocrx_word' id='word_1_64' title='bbox 2802 1359 2987 1425; x_wconf 86' lang='lat' dir='ltr'><strong>docet</strong></span> 
     </span>
     <span class='ocr_line' id='line_1_9' title="bbox 589 1464 2413 1553; baseline 0.001 -23"><span class='ocrx_word' id='word_1_65' title='bbox 589 1486 748 1552; x_wconf 90' lang='lat' dir='ltr'><strong>opus</strong></span> <span class='ocrx_word' id='word_1_66' title='bbox 793 1485 930 1530; x_wconf 86' lang='lat' dir='ltr'><strong>esse</strong></span> <span class='ocrx_word' id='word_1_67' title='bbox 973 1465 1292 1553; x_wconf 80' lang='lat' dir='ltr'>singulari</span> <span class='ocrx_word' id='word_1_68' title='bbox 1339 1486 1609 1533; x_wconf 85' lang='lat' dir='ltr'><strong>numero</strong></span> <span class='ocrx_word' id='word_1_69' title='bbox 1657 1467 1802 1546; x_wconf 75' lang='grc' dir='ltr'><strong>ἧρώ</strong></span> <span class='ocrx_word' id='word_1_70' title='bbox 1823 1491 1918 1531; x_wconf 79' lang='grc' dir='ltr'><strong>τω</strong></span> <span class='ocrx_word' id='word_1_71' title='bbox 1940 1492 2006 1545; x_wconf 89' lang='grc' dir='ltr'><strong>ν,</strong></span> <span class='ocrx_word' id='word_1_72' title='bbox 2057 1466 2136 1532; x_wconf 87' lang='lat' dir='ltr'><strong>cf.</strong></span> <span class='ocrx_word' id='word_1_73' title='bbox 2191 1464 2321 1532; x_wconf 87' lang='lat'><strong>198</strong></span> <span class='ocrx_word' id='word_1_74' title='bbox 2341 1465 2413 1532; x_wconf 78' lang='lat' dir='ltr'><strong>F.</strong></span> 
     </span>
    </p>
   </div>
   <div class='ocr_carea' id='block_1_5' title="bbox 578 1683 2980 4122">
    <p class='ocr_par' dir='ltr' id='par_1_5' title="bbox 578 1683 2980 4122">
     <span class='ocr_line' id='line_1_10' title="bbox 678 1683 2975 1774; baseline -0 -24"><span class='ocrx_word' id='word_1_75' title='bbox 678 1684 838 1754; x_wconf 85' lang='lat' dir='ltr'><strong>Ibid.</strong></span> <span class='ocrx_word' id='word_1_76' title='bbox 896 1683 1113 1752; x_wconf 63' lang='lat'>18513.</span> <span class='ocrx_word' id='word_1_77' title='bbox 1178 1685 1306 1753; x_wconf 87' lang='lat' dir='ltr'><strong>Hie</strong></span> <span class='ocrx_word' id='word_1_78' title='bbox 1351 1689 1646 1774; x_wconf 44' lang='lat' dir='ltr'><strong>primum,</strong></span> <span class='ocrx_word' id='word_1_79' title='bbox 1689 1687 2041 1754; x_wconf 77' lang='lat' dir='ltr'><strong>describam</strong></span> <span class='ocrx_word' id='word_1_80' title='bbox 2087 1709 2161 1754; x_wconf 92' lang='lat' dir='ltr'><strong>ea</strong></span> <span class='ocrx_word' id='word_1_81' title='bbox 2206 1709 2367 1774; x_wconf 79' lang='lat' dir='ltr'><strong>quae</strong></span> <span class='ocrx_word' id='word_1_82' title='bbox 2411 1687 2853 1754; x_wconf 85' lang='lat' dir='ltr'><strong>Hartmannus</strong></span> <span class='ocrx_word' id='word_1_83' title='bbox 2899 1686 2975 1749; x_wconf 80' lang='lat' dir='ltr'><strong>de</strong></span> 
     </span>
     <span class='ocr_line' id='line_1_11' title="bbox 591 1792 2974 1889; baseline 0.001 -36"><span class='ocrx_word' id='word_1_84' title='bbox 591 1792 870 1859; x_wconf 71' lang='lat' dir='ltr'><strong>Emblenz.</strong></span> <span class='ocrx_word' id='word_1_85' title='bbox 935 1793 1268 1860; x_wconf 77' lang='lat' dir='ltr'><strong>adnotavit</strong></span> <span class='ocrx_word' id='word_1_86' title='bbox 1329 1794 1406 1859; x_wconf 83' lang='lat' dir='ltr'><strong>ad</strong></span> <span class='ocrx_word' id='word_1_87' title='bbox 1470 1816 1532 1880; x_wconf 89' lang='lat' dir='ltr'><strong>p.</strong></span> <span class='ocrx_word' id='word_1_88' title='bbox 1598 1793 1727 1874; x_wconf 67' lang='lat'><strong>872</strong></span> <span class='ocrx_word' id='word_1_89' title='bbox 1790 1795 2123 1889; x_wconf 80' lang='lat' dir='ltr'><strong>„Rogatus</strong></span> <span class='ocrx_word' id='word_1_90' title='bbox 2185 1816 2223 1861; x_wconf 91' lang='lat' dir='ltr'><strong>a</strong></span> <span class='ocrx_word' id='word_1_91' title='bbox 2282 1795 2541 1862; x_wconf 85' lang='lat' dir='ltr'><strong>Socrate</strong></span> <span class='ocrx_word' id='word_1_92' title='bbox 2602 1793 2974 1862; x_wconf 82' lang='lat' dir='ltr'><strong>Theodorus</strong></span> 
     </span>
     <span class='ocr_line' id='line_1_12' title="bbox 587 1900 2975 1988; baseline 0 -26"><span class='ocrx_word' id='word_1_93' title='bbox 587 1918 854 1984; x_wconf 91' lang='lat' dir='ltr'><strong>ecquem</strong></span> <span class='ocrx_word' id='word_1_94' title='bbox 919 1903 1053 1966; x_wconf 87' lang='lat' dir='ltr'><strong>iam</strong></span> <span class='ocrx_word' id='word_1_95' title='bbox 1122 1922 1396 1988; x_wconf 83' lang='lat' dir='ltr'><strong>magnae</strong></span> <span class='ocrx_word' id='word_1_96' title='bbox 1460 1903 1596 1986; x_wconf 88' lang='lat' dir='ltr'><strong>spei</strong></span> <span class='ocrx_word' id='word_1_97' title='bbox 1665 1900 2137 1968; x_wconf 79' lang='lat' dir='ltr'><strong>adulescentem</strong></span> <span class='ocrx_word' id='word_1_98' title='bbox 2205 1902 2476 1969; x_wconf 79' lang='lat' dir='ltr'><strong>Athenis</strong></span> <span class='ocrx_word' id='word_1_99' title='bbox 2542 1901 2809 1980; x_wconf 83' lang='lat' dir='ltr'><strong>viderit,</strong></span> <span class='ocrx_word' id='word_1_100' title='bbox 2882 1900 2975 1964; x_wconf 91' lang='lat' dir='ltr'><strong>sic</strong></span> 
     </span>
     <span class='ocr_line' id='line_1_13' title="bbox 587 2005 2972 2094; baseline 0 -26"><span class='ocrx_word' id='word_1_101' title='bbox 587 2025 844 2072; x_wconf 82' lang='lat' dir='ltr'><strong>narrare</strong></span> <span class='ocrx_word' id='word_1_102' title='bbox 906 2009 1172 2094; x_wconf 86' lang='lat' dir='ltr'><strong>incipit:</strong></span> <span class='ocrx_word' id='word_1_103' title='bbox 1241 2009 1345 2072; x_wconf 75' lang='grc' dir='ltr'><strong>καὶ</strong></span> <span class='ocrx_word' id='word_1_104' title='bbox 1411 2009 1554 2088; x_wconf 70' lang='grc' dir='ltr'><strong><em>μὴν,</em></strong></span> <span class='ocrx_word' id='word_1_105' title='bbox 1617 2005 1661 2074; x_wconf 77' lang='grc' dir='ltr'><em>ὦ</em></span> <span class='ocrx_word' id='word_1_106' title='bbox 1727 2005 2087 2089; x_wconf 79' lang='grc' dir='ltr'><strong><em>Σώκρατες,</em></strong></span> <span class='ocrx_word' id='word_1_107' title='bbox 2154 2009 2292 2086; x_wconf 70' lang='grc' dir='ltr'><strong><em>ἐμοί</em></strong></span> <span class='ocrx_word' id='word_1_108' title='bbox 2355 2033 2425 2074; x_wconf 80' lang='grc' dir='ltr'><strong>τε</strong></span> <span class='ocrx_word' id='word_1_109' title='bbox 2486 2009 2681 2075; x_wconf 77' lang='grc' dir='ltr'><strong><em>εἰπεῖν</em></strong></span> <span class='ocrx_word' id='word_1_110' title='bbox 2730 2006 2835 2072; x_wconf 74' lang='grc' dir='ltr'><strong>καὶ</strong></span> <span class='ocrx_word' id='word_1_111' title='bbox 2884 2005 2972 2070; x_wconf 78' lang='grc' dir='ltr'><strong>σοὶ</strong></span> 
     </span>
     <span class='ocr_line' id='line_1_14' title="bbox 588 2112 2976 2197; baseline 0.001 -23"><span class='ocrx_word' id='word_1_112' title='bbox 588 2112 848 2177; x_wconf 71' lang='grc' dir='ltr'><strong><em>ἀκοῦσαι</em></strong></span> <span class='ocrx_word' id='word_1_113' title='bbox 913 2115 1077 2178; x_wconf 74' lang='grc' dir='ltr'><strong><em>πάνυ</em></strong></span> <span class='ocrx_word' id='word_1_114' title='bbox 1139 2112 1327 2193; x_wconf 74' lang='grc' dir='ltr'><strong><em>ἄξιον,</em></strong></span> <span class='ocrx_word' id='word_1_115' title='bbox 1393 2112 1488 2195; x_wconf 78' lang='grc' dir='ltr'><strong>οἵῳ</strong></span> <span class='ocrx_word' id='word_1_116' title='bbox 1548 2115 1690 2190; x_wconf 77' lang='grc' dir='ltr'><strong><em>ὑμῖν</em></strong></span> <span class='ocrx_word' id='word_1_117' title='bbox 1740 2123 1854 2180; x_wconf 83' lang='grc' dir='ltr'><strong>τῶν</strong></span> <span class='ocrx_word' id='word_1_118' title='bbox 1906 2123 2171 2181; x_wconf 75' lang='grc' dir='ltr'><strong><em>πολιτῶν</em></strong></span> <span class='ocrx_word' id='word_1_119' title='bbox 2216 2119 2509 2197; x_wconf 74' lang='grc' dir='ltr'><strong>μειρακίῳ</strong></span> <span class='ocrx_word' id='word_1_120' title='bbox 2558 2116 2976 2194; x_wconf 71' lang='grc' dir='ltr'><strong><em>ἐντετύχηκα.</em></strong></span> 
     </span>
     <span class='ocr_line' id='line_1_15' title="bbox 587 2217 2973 2301; baseline 0.001 -20"><span class='ocrx_word' id='word_1_121' title='bbox 587 2217 692 2282; x_wconf 72' lang='grc' dir='ltr'><strong>καὶ</strong></span> <span class='ocrx_word' id='word_1_122' title='bbox 755 2219 808 2284; x_wconf 79' lang='grc' dir='ltr'><strong>εἷ</strong></span> <span class='ocrx_word' id='word_1_123' title='bbox 868 2220 981 2296; x_wconf 73' lang='grc' dir='ltr'><strong>μὲν</strong></span> <span class='ocrx_word' id='word_1_124' title='bbox 1044 2217 1110 2295; x_wconf 74' lang='grc' dir='ltr'><strong>ἦν</strong></span> <span class='ocrx_word' id='word_1_125' title='bbox 1175 2219 1400 2298; x_wconf 78' lang='grc' dir='ltr'><strong><em>καλός,</em></strong></span> <span class='ocrx_word' id='word_1_126' title='bbox 1466 2221 1826 2299; x_wconf 74' lang='grc' dir='ltr'><strong><em>ἐφοβούμην</em></strong></span> <span class='ocrx_word' id='word_1_127' title='bbox 1885 2221 1963 2286; x_wconf 75' lang='grc' dir='ltr'><strong>ἂν</strong></span> <span class='ocrx_word' id='word_1_128' title='bbox 2028 2221 2269 2301; x_wconf 77' lang='grc' dir='ltr'><strong><em>σφόδρα</em></strong></span> <span class='ocrx_word' id='word_1_129' title='bbox 2317 2223 2550 2300; x_wconf 75' lang='grc' dir='ltr'><strong><em>λέγειν,</em></strong></span> <span class='ocrx_word' id='word_1_130' title='bbox 2599 2222 2685 2298; x_wconf 68' lang='grc' dir='ltr'><strong>μη</strong></span> <span class='ocrx_word' id='word_1_131' title='bbox 2736 2221 2845 2285; x_wconf 78' lang='grc' dir='ltr'><strong>καί</strong></span> <span class='ocrx_word' id='word_1_132' title='bbox 2888 2242 2973 2298; x_wconf 78' lang='grc' dir='ltr'><strong>τῳ</strong></span> 
     </span>
     <span class='ocr_line' id='line_1_16' title="bbox 585 2321 2973 2411; baseline 0 -23"><span class='ocrx_word' id='word_1_133' title='bbox 585 2321 736 2400; x_wconf 77' lang='grc' dir='ltr'><strong><em>δόξω</em></strong></span> <span class='ocrx_word' id='word_1_134' title='bbox 787 2327 847 2390; x_wconf 80' lang='grc' dir='ltr'><strong>ἐν</strong></span> <span class='ocrx_word' id='word_1_135' title='bbox 895 2326 1190 2411; x_wconf 71' lang='grc' dir='ltr'><strong><em>ἐπιθυμίᾳ</em></strong></span> <span class='ocrx_word' id='word_1_136' title='bbox 1239 2330 1429 2393; x_wconf 83' lang='grc' dir='ltr'><strong><em>αὐτοῦ</em></strong></span> <span class='ocrx_word' id='word_1_137' title='bbox 1478 2323 1661 2392; x_wconf 72' lang='grc' dir='ltr'><strong><em>εἶναι·</em></strong></span> <span class='ocrx_word' id='word_1_138' title='bbox 1706 2331 1806 2404; x_wconf 81' lang='grc' dir='ltr'><strong>νῦν</strong></span> <span class='ocrx_word' id='word_1_139' title='bbox 1846 2327 1946 2407; x_wconf 75' lang='grc' dir='ltr'><strong>δέ,</strong></span> <span class='ocrx_word' id='word_1_140' title='bbox 1988 2328 2093 2392; x_wconf 80' lang='grc' dir='ltr'><strong>καὶ</strong></span> <span class='ocrx_word' id='word_1_141' title='bbox 2135 2328 2223 2406; x_wconf 76' lang='grc' dir='ltr'><strong>μή</strong></span> <span class='ocrx_word' id='word_1_142' title='bbox 2266 2351 2367 2406; x_wconf 88' lang='grc' dir='ltr'><strong>μοι</strong></span> <span class='ocrx_word' id='word_1_143' title='bbox 2402 2327 2624 2410; x_wconf 75' lang='grc' dir='ltr'><strong><em>ἄχθου,</em></strong></span> <span class='ocrx_word' id='word_1_144' title='bbox 2664 2327 2973 2405; x_wconf 74' lang='grc' dir='ltr'><strong><em>προσέοικε</em></strong></span> 
     </span>
     <span class='ocr_line' id='line_1_17' title="bbox 586 2430 2971 2513; baseline 0.001 -20"><span class='ocrx_word' id='word_1_145' title='bbox 586 2430 676 2494; x_wconf 80' lang='grc' dir='ltr'><strong>σοὶ</strong></span> <span class='ocrx_word' id='word_1_146' title='bbox 734 2433 844 2506; x_wconf 74' lang='grc' dir='ltr'><strong>τήν</strong></span> <span class='ocrx_word' id='word_1_147' title='bbox 905 2457 976 2499; x_wconf 82' lang='grc' dir='ltr'><strong>τε</strong></span> <span class='ocrx_word' id='word_1_148' title='bbox 1041 2434 1348 2509; x_wconf 77' lang='grc' dir='ltr'><strong><em>σιμότητα</em></strong></span> <span class='ocrx_word' id='word_1_149' title='bbox 1421 2433 1523 2498; x_wconf 72' lang='grc' dir='ltr'><strong>καὶ</strong></span> <span class='ocrx_word' id='word_1_150' title='bbox 1589 2434 1658 2498; x_wconf 82' lang='grc' dir='ltr'><strong>τὸ</strong></span> <span class='ocrx_word' id='word_1_151' title='bbox 1722 2433 1833 2513; x_wconf 76' lang='grc' dir='ltr'><strong>ἔξω</strong></span> <span class='ocrx_word' id='word_1_152' title='bbox 1894 2441 2009 2498; x_wconf 82' lang='grc' dir='ltr'><strong>τῶν</strong></span> <span class='ocrx_word' id='word_1_153' title='bbox 2055 2435 2377 2512; x_wconf 71' lang='grc' dir='ltr'><strong><em>ὀμμάτων.</em></strong></span> <span class='ocrx_word' id='word_1_154' title='bbox 2440 2433 2774 2501; x_wconf 78' lang='lat' dir='ltr'><strong>Urbanene</strong></span> <span class='ocrx_word' id='word_1_155' title='bbox 2820 2452 2971 2497; x_wconf 86' lang='lat' dir='ltr'><strong>cum</strong></span> 
     </span>
     <span class='ocr_line' id='line_1_18' title="bbox 584 2533 2974 2629; baseline 0.002 -28"><span class='ocrx_word' id='word_1_156' title='bbox 584 2533 844 2604; x_wconf 84' lang='lat' dir='ltr'><strong>Socrate</strong></span> <span class='ocrx_word' id='word_1_157' title='bbox 905 2561 1278 2607; x_wconf 88' lang='lat' dir='ltr'><strong>censeamus</strong></span> <span class='ocrx_word' id='word_1_158' title='bbox 1338 2539 1632 2607; x_wconf 86' lang='lat' dir='ltr'><strong>locutum</strong></span> <span class='ocrx_word' id='word_1_159' title='bbox 1679 2544 1998 2621; x_wconf 87' lang='lat' dir='ltr'><strong>amicum,</strong></span> <span class='ocrx_word' id='word_1_160' title='bbox 2045 2563 2240 2628; x_wconf 88' lang='lat' dir='ltr'><strong>quem</strong></span> <span class='ocrx_word' id='word_1_161' title='bbox 2284 2544 2508 2629; x_wconf 79' lang='lat' dir='ltr'><strong>magni</strong></span> <span class='ocrx_word' id='word_1_162' title='bbox 2554 2541 2778 2607; x_wconf 78' lang='lat' dir='ltr'><strong>fecerit</strong></span> <span class='ocrx_word' id='word_1_163' title='bbox 2823 2536 2974 2616; x_wconf 90' lang='lat' dir='ltr'><strong>ille,</strong></span> 
     </span>
     <span class='ocr_line' id='line_1_19' title="bbox 586 2647 2975 2737; baseline 0.002 -28"><span class='ocrx_word' id='word_1_164' title='bbox 586 2665 665 2709; x_wconf 90' lang='lat' dir='ltr'><strong>an</strong></span> <span class='ocrx_word' id='word_1_165' title='bbox 725 2647 1080 2714; x_wconf 86' lang='lat' dir='ltr'><strong>scurriliter</strong></span> <span class='ocrx_word' id='word_1_166' title='bbox 1123 2648 1527 2737; x_wconf 81' lang='lat' dir='ltr'><strong>rusticeque?</strong></span> <span class='ocrx_word' id='word_1_167' title='bbox 1584 2649 1657 2715; x_wconf 84' lang='lat' dir='ltr'><strong>Si</strong></span> <span class='ocrx_word' id='word_1_168' title='bbox 1701 2650 1983 2716; x_wconf 88' lang='lat' dir='ltr'><strong>urbanus</strong></span> <span class='ocrx_word' id='word_1_169' title='bbox 2030 2652 2169 2716; x_wconf 89' lang='lat' dir='ltr'><strong>eius</strong></span> <span class='ocrx_word' id='word_1_170' title='bbox 2217 2651 2342 2716; x_wconf 88' lang='lat' dir='ltr'><strong>fuit</strong></span> <span class='ocrx_word' id='word_1_171' title='bbox 2386 2671 2595 2717; x_wconf 88' lang='lat' dir='ltr'><strong>sermo</strong></span> <span class='ocrx_word' id='word_1_172' title='bbox 2643 2649 2833 2729; x_wconf 87' lang='lat' dir='ltr'><strong>haec,</strong></span> <span class='ocrx_word' id='word_1_173' title='bbox 2878 2652 2975 2713; x_wconf 84' lang='lat' dir='ltr'><strong>ita</strong></span> 
     </span>
     <span class='ocr_line' id='line_1_20' title="bbox 584 2755 2974 2843; baseline 0.001 -28"><span class='ocrx_word' id='word_1_174' title='bbox 584 2758 660 2816; x_wconf 90' lang='lat' dir='ltr'><strong>ut</strong></span> <span class='ocrx_word' id='word_1_175' title='bbox 705 2774 819 2819; x_wconf 92' lang='lat' dir='ltr'><strong>nos</strong></span> <span class='ocrx_word' id='word_1_176' title='bbox 866 2758 1243 2834; x_wconf 85' lang='lat' dir='ltr'><strong>citavimus,</strong></span> <span class='ocrx_word' id='word_1_177' title='bbox 1291 2763 1390 2821; x_wconf 91' lang='lat' dir='ltr'><strong>est</strong></span> <span class='ocrx_word' id='word_1_178' title='bbox 1434 2755 1728 2834; x_wconf 88' lang='lat' dir='ltr'><strong>locutus,</strong></span> <span class='ocrx_word' id='word_1_179' title='bbox 1774 2777 1979 2842; x_wconf 91' lang='lat' dir='ltr'><strong>neque</strong></span> <span class='ocrx_word' id='word_1_180' title='bbox 2026 2764 2353 2843; x_wconf 85' lang='lat' dir='ltr'><strong>praeterea</strong></span> <span class='ocrx_word' id='word_1_181' title='bbox 2400 2755 2644 2822; x_wconf 80' lang='lat' dir='ltr'><strong>addidit</strong></span> <span class='ocrx_word' id='word_1_182' title='bbox 2680 2755 2974 2821; x_wconf 86' lang='lat' dir='ltr'><strong>verbum.</strong></span> 
     </span>
     <span class='ocr_line' id='line_1_21' title="bbox 585 2858 2979 2950; baseline 0.001 -27"><span class='ocrx_word' id='word_1_183' title='bbox 585 2858 656 2924; x_wconf 81' lang='lat' dir='ltr'><strong>Si</strong></span> <span class='ocrx_word' id='word_1_184' title='bbox 717 2882 868 2928; x_wconf 81' lang='lat' dir='ltr'><strong>vero</strong></span> <span class='ocrx_word' id='word_1_185' title='bbox 927 2863 1268 2950; x_wconf 89' lang='lat' dir='ltr'><strong>impudens</strong></span> <span class='ocrx_word' id='word_1_186' title='bbox 1313 2864 1443 2929; x_wconf 86' lang='lat' dir='ltr'><strong>fuit</strong></span> <span class='ocrx_word' id='word_1_187' title='bbox 1489 2864 1749 2942; x_wconf 89' lang='lat' dir='ltr'><strong>derisor,</strong></span> <span class='ocrx_word' id='word_1_188' title='bbox 1799 2864 2007 2942; x_wconf 89' lang='lat' dir='ltr'><strong>hisce,</strong></span> <span class='ocrx_word' id='word_1_189' title='bbox 2059 2885 2221 2949; x_wconf 86' lang='lat' dir='ltr'><strong>quae</strong></span> <span class='ocrx_word' id='word_1_190' title='bbox 2266 2866 2335 2929; x_wconf 91' lang='lat' dir='ltr'><strong>in</strong></span> <span class='ocrx_word' id='word_1_191' title='bbox 2380 2863 2701 2929; x_wconf 88' lang='lat' dir='ltr'><strong>codicibus</strong></span> <span class='ocrx_word' id='word_1_192' title='bbox 2746 2860 2979 2949; x_wconf 79' lang='lat' dir='ltr'><strong>legun-</strong></span> 
     </span>
     <span class='ocr_line' id='line_1_22' title="bbox 583 2962 2977 3051; baseline 0.001 -21"><span class='ocrx_word' id='word_1_193' title='bbox 583 2970 712 3046; x_wconf 75' lang='lat' dir='ltr'><strong>tur,</strong></span> <span class='ocrx_word' id='word_1_194' title='bbox 775 2967 1056 3036; x_wconf 87' lang='lat' dir='ltr'><strong>ludibrio</strong></span> <span class='ocrx_word' id='word_1_195' title='bbox 1121 2970 1350 3036; x_wconf 79' lang='lat' dir='ltr'><strong>habuit</strong></span> <span class='ocrx_word' id='word_1_196' title='bbox 1402 2969 1765 3037; x_wconf 79' lang='lat' dir='ltr'><strong>Socratem:</strong></span> <span class='ocrx_word' id='word_1_197' title='bbox 1828 2976 1929 3035; x_wconf 81' lang='grc' dir='ltr'><strong>νῦν</strong></span> <span class='ocrx_word' id='word_1_198' title='bbox 1976 2971 2075 3050; x_wconf 71' lang='grc' dir='ltr'><strong>δὲ,</strong></span> <span class='ocrx_word' id='word_1_199' title='bbox 2126 2974 2231 3036; x_wconf 73' lang='grc' dir='ltr'><strong>καὶ</strong></span> <span class='ocrx_word' id='word_1_200' title='bbox 2279 2972 2367 3046; x_wconf 73' lang='grc' dir='ltr'><strong>μή</strong></span> <span class='ocrx_word' id='word_1_201' title='bbox 2416 2994 2520 3047; x_wconf 87' lang='grc' dir='ltr'><strong>μοι</strong></span> <span class='ocrx_word' id='word_1_202' title='bbox 2566 2968 2787 3051; x_wconf 77' lang='grc' dir='ltr'><strong><em>ἄχθου,</em></strong></span> <span class='ocrx_word' id='word_1_203' title='bbox 2820 2962 2977 3033; x_wconf 50' lang='grc' dir='ltr'><strong>ὀὐκ</strong></span> 
     </span>
     <span class='ocr_line' id='line_1_23' title="bbox 583 3070 2979 3156; baseline 0.001 -20"><span class='ocrx_word' id='word_1_204' title='bbox 583 3070 702 3141; x_wconf 70' lang='grc' dir='ltr'><strong>ἔς(</strong></span> <span class='ocrx_word' id='word_1_205' title='bbox 768 3079 1041 3155; x_wconf 74' lang='grc' dir='ltr'><strong><em>καλός,</em></strong></span> <span class='ocrx_word' id='word_1_206' title='bbox 1106 3075 1414 3156; x_wconf 76' lang='grc' dir='ltr'><strong><em>προσέοικε</em></strong></span> <span class='ocrx_word' id='word_1_207' title='bbox 1478 3077 1553 3141; x_wconf 77' lang='grc' dir='ltr'><strong>δὲ</strong></span> <span class='ocrx_word' id='word_1_208' title='bbox 1615 3077 1705 3142; x_wconf 74' lang='grc' dir='ltr'><strong>σοὶ</strong></span> <span class='ocrx_word' id='word_1_209' title='bbox 1756 3077 1884 3141; x_wconf 82' lang='grc' dir='ltr'><strong>κτὲ.</strong></span> <span class='ocrx_word' id='word_1_210' title='bbox 1937 3076 2273 3143; x_wconf 79' lang='lat' dir='ltr'><strong>Eiusmodi</strong></span> <span class='ocrx_word' id='word_1_211' title='bbox 2323 3083 2544 3143; x_wconf 90' lang='lat' dir='ltr'><strong>autem</strong></span> <span class='ocrx_word' id='word_1_212' title='bbox 2592 3076 2822 3141; x_wconf 81' lang='lat' dir='ltr'><strong>fuisset.</strong></span> <span class='ocrx_word' id='word_1_213' title='bbox 2866 3074 2979 3139; x_wconf 90' lang='lat' dir='ltr'><strong>ho-</strong></span> 
     </span>
     <span class='ocr_line' id='line_1_24' title="bbox 583 3179 2980 3269; baseline -0 -24"><span class='ocrx_word' id='word_1_214' title='bbox 583 3183 778 3246; x_wconf 88' lang='lat' dir='ltr'><strong>minis</strong></span> <span class='ocrx_word' id='word_1_215' title='bbox 840 3202 918 3247; x_wconf 92' lang='lat' dir='ltr'><strong>ne</strong></span> <span class='ocrx_word' id='word_1_216' title='bbox 978 3180 1179 3247; x_wconf 87' lang='lat' dir='ltr'><strong>lenire</strong></span> <span class='ocrx_word' id='word_1_217' title='bbox 1240 3182 1503 3268; x_wconf 92' lang='lat' dir='ltr'><strong>quidem</strong></span> <span class='ocrx_word' id='word_1_218' title='bbox 1546 3182 2020 3269; x_wconf 86' lang='lat' dir='ltr'><strong>impudentiam</strong></span> <span class='ocrx_word' id='word_1_219' title='bbox 2067 3204 2252 3249; x_wconf 88' lang='lat' dir='ltr'><strong>suam</strong></span> <span class='ocrx_word' id='word_1_220' title='bbox 2296 3181 2572 3249; x_wconf 88' lang='lat' dir='ltr'><strong>formula</strong></span> <span class='ocrx_word' id='word_1_221' title='bbox 2617 3179 2828 3268; x_wconf 87' lang='lat' dir='ltr'><strong>qualis</strong></span> <span class='ocrx_word' id='word_1_222' title='bbox 2876 3186 2980 3245; x_wconf 88' lang='lat' dir='ltr'><strong>est</strong></span> 
     </span>
     <span class='ocr_line' id='line_1_25' title="bbox 582 3286 2977 3376; baseline 0 -24"><span class='ocrx_word' id='word_1_223' title='bbox 582 3286 698 3353; x_wconf 86' lang='lat' dir='ltr'><strong>illa</strong></span> <span class='ocrx_word' id='word_1_224' title='bbox 745 3290 845 3351; x_wconf 78' lang='grc' dir='ltr'><strong>καὶ</strong></span> <span class='ocrx_word' id='word_1_225' title='bbox 895 3291 983 3363; x_wconf 77' lang='grc' dir='ltr'><strong>μή</strong></span> <span class='ocrx_word' id='word_1_226' title='bbox 1035 3312 1137 3365; x_wconf 83' lang='grc' dir='ltr'><strong>μοι</strong></span> <span class='ocrx_word' id='word_1_227' title='bbox 1184 3286 1448 3369; x_wconf 72' lang='grc' dir='ltr'><strong><em>ἄχθου”.</em></strong></span> <span class='ocrx_word' id='word_1_228' title='bbox 1501 3288 1679 3356; x_wconf 86' lang='lat' dir='ltr'><strong>Haec</strong></span> <span class='ocrx_word' id='word_1_229' title='bbox 1726 3292 1782 3355; x_wconf 90' lang='lat' dir='ltr'><strong>si</strong></span> <span class='ocrx_word' id='word_1_230' title='bbox 1831 3292 2064 3355; x_wconf 88' lang='lat' dir='ltr'><strong>merito</strong></span> <span class='ocrx_word' id='word_1_231' title='bbox 2112 3291 2517 3376; x_wconf 84' lang='lat' dir='ltr'><strong>probaveris,</strong></span> <span class='ocrx_word' id='word_1_232' title='bbox 2567 3310 2692 3355; x_wconf 91' lang='lat' dir='ltr'><strong>non</strong></span> <span class='ocrx_word' id='word_1_233' title='bbox 2739 3308 2977 3373; x_wconf 84' lang='lat' dir='ltr'><strong>anceps</strong></span> 
     </span>
     <span class='ocr_line' id='line_1_26' title="bbox 581 3391 2973 3480; baseline 0 -23"><span class='ocrx_word' id='word_1_234' title='bbox 581 3393 869 3460; x_wconf 80' lang='lat' dir='ltr'><strong>haerebis</strong></span> <span class='ocrx_word' id='word_1_235' title='bbox 932 3394 1010 3460; x_wconf 88' lang='lat' dir='ltr'><strong>de</strong></span> <span class='ocrx_word' id='word_1_236' title='bbox 1072 3415 1134 3480; x_wconf 85' lang='lat' dir='ltr'><strong>p.</strong></span> <span class='ocrx_word' id='word_1_237' title='bbox 1189 3394 1422 3461; x_wconf 83' lang='lat' dir='ltr'>185E:</span> <span class='ocrx_word' id='word_1_238' title='bbox 1483 3397 1673 3468; x_wconf 76' lang='grc' dir='ltr'><strong><em>καλὸς</em></strong></span> <span class='ocrx_word' id='word_1_239' title='bbox 1724 3396 1851 3475; x_wconf 76' lang='grc' dir='ltr'><strong>γὰρ</strong></span> <span class='ocrx_word' id='word_1_240' title='bbox 1902 3391 1992 3474; x_wconf 77' lang='grc' dir='ltr'><strong>εἷ,</strong></span> <span class='ocrx_word' id='word_1_241' title='bbox 2042 3392 2084 3461; x_wconf 76' lang='grc' dir='ltr'><strong><em>ὦ</em></strong></span> <span class='ocrx_word' id='word_1_242' title='bbox 2136 3398 2479 3474; x_wconf 76' lang='grc' dir='ltr'><strong><em>Θεαίτητε,</em></strong></span> <span class='ocrx_word' id='word_1_243' title='bbox 2530 3395 2633 3459; x_wconf 74' lang='grc' dir='ltr'><strong>καὶ</strong></span> <span class='ocrx_word' id='word_1_244' title='bbox 2681 3396 2844 3475; x_wconf 79' lang='grc' dir='ltr'><strong><em>οὐχ,</em></strong></span> <span class='ocrx_word' id='word_1_245' title='bbox 2890 3394 2973 3465; x_wconf 72' lang='grc' dir='ltr'><strong>ὥς</strong></span> 
     </span>
     <span class='ocr_line' id='line_1_27' title="bbox 578 3500 2975 3582; baseline 0.001 -18"><span class='ocrx_word' id='word_1_246' title='bbox 578 3500 764 3577; x_wconf 76' lang='grc' dir='ltr'><strong><em>ἔλεγε</em></strong></span> <span class='ocrx_word' id='word_1_247' title='bbox 836 3500 1172 3580; x_wconf 79' lang='grc' dir='ltr'><strong><em>Θεόδωρος,</em></strong></span> <span class='ocrx_word' id='word_1_248' title='bbox 1245 3502 1594 3582; x_wconf 73' lang='grc' dir='ltr'><strong><em>αἰσχρός</em></strong></span> <span class='ocrx_word' id='word_1_249' title='bbox 1666 3509 1730 3568; x_wconf 93' lang='lat' dir='ltr'><strong>et</strong></span> <span class='ocrx_word' id='word_1_250' title='bbox 1799 3502 2112 3569; x_wconf 90' lang='lat' dir='ltr'><strong>ultimum</strong></span> <span class='ocrx_word' id='word_1_251' title='bbox 2176 3501 2566 3569; x_wconf 80' lang='lat' dir='ltr'><strong>vocabulum</strong></span> <span class='ocrx_word' id='word_1_252' title='bbox 2634 3522 2709 3567; x_wconf 87' lang='lat' dir='ltr'><strong>ex</strong></span> <span class='ocrx_word' id='word_1_253' title='bbox 2782 3507 2975 3566; x_wconf 81' lang='lat' dir='ltr'><strong>textu</strong></span> 
     </span>
     <span class='ocr_line' id='line_1_28' title="bbox 580 3605 2975 3696; baseline 0 -23"><span class='ocrx_word' id='word_1_254' title='bbox 580 3605 963 3674; x_wconf 89' lang='lat' dir='ltr'><strong>eliminabis.</strong></span> <span class='ocrx_word' id='word_1_255' title='bbox 1023 3607 1359 3675; x_wconf 86' lang='lat' dir='ltr'><strong>Praeterea</strong></span> <span class='ocrx_word' id='word_1_256' title='bbox 1405 3609 1826 3696; x_wconf 79' lang='lat' dir='ltr'><strong>subiungitur</strong></span> <span class='ocrx_word' id='word_1_257' title='bbox 1870 3608 2205 3696; x_wconf 88' lang='lat' dir='ltr'><strong>stupidum</strong></span> <span class='ocrx_word' id='word_1_258' title='bbox 2254 3607 2593 3686; x_wconf 88' lang='lat' dir='ltr'><strong>emblema,</strong></span> <span class='ocrx_word' id='word_1_259' title='bbox 2640 3608 2811 3695; x_wconf 89' lang='lat' dir='ltr'><strong>quod</strong></span> <span class='ocrx_word' id='word_1_260' title='bbox 2858 3610 2975 3673; x_wconf 76' lang='lat' dir='ltr'><strong>vix</strong></span> 
     </span>
     <span class='ocr_line' id='line_1_29' title="bbox 579 3714 2969 3804; baseline 0 -25"><span class='ocrx_word' id='word_1_261' title='bbox 579 3714 744 3781; x_wconf 86' lang='lat' dir='ltr'><strong>feras</strong></span> <span class='ocrx_word' id='word_1_262' title='bbox 811 3715 980 3802; x_wconf 87' lang='lat' dir='ltr'><strong>apud</strong></span> <span class='ocrx_word' id='word_1_263' title='bbox 1041 3715 1432 3782; x_wconf 86' lang='lat' dir='ltr'><strong>mediocrem</strong></span> <span class='ocrx_word' id='word_1_264' title='bbox 1501 3719 1910 3802; x_wconf 85' lang='lat' dir='ltr'><strong>scriptorem,</strong></span> <span class='ocrx_word' id='word_1_265' title='bbox 1976 3716 2215 3783; x_wconf 90' lang='lat' dir='ltr'><strong>nedum</strong></span> <span class='ocrx_word' id='word_1_266' title='bbox 2278 3716 2450 3804; x_wconf 85' lang='lat' dir='ltr'><strong>apud</strong></span> <span class='ocrx_word' id='word_1_267' title='bbox 2512 3715 2889 3782; x_wconf 87' lang='lat' dir='ltr'><strong>Platonem:</strong></span> <span class='ocrx_word' id='word_1_268' title='bbox 2938 3714 2969 3779; x_wconf 79' lang='grc' dir='ltr'><em>ὃ</em></span> 
     </span>
     <span class='ocr_line' id='line_1_30' title="bbox 581 3820 2979 3909; baseline 0.001 -24"><span class='ocrx_word' id='word_1_269' title='bbox 581 3822 739 3899; x_wconf 69' lang='grc' dir='ltr'><strong>γὰρ</strong></span> <span class='ocrx_word' id='word_1_270' title='bbox 785 3830 1047 3894; x_wconf 80' lang='grc' dir='ltr'><strong><em>καλῶς</em></strong></span> <span class='ocrx_word' id='word_1_271' title='bbox 1098 3823 1360 3900; x_wconf 70' lang='grc' dir='ltr'><strong><em>λέγων</em></strong></span> <span class='ocrx_word' id='word_1_272' title='bbox 1405 3823 1655 3894; x_wconf 80' lang='grc' dir='ltr'><strong><em>καλός</em></strong></span> <span class='ocrx_word' id='word_1_273' title='bbox 1696 3846 1779 3887; x_wconf 77' lang='grc' dir='ltr'><strong>τε</strong></span> <span class='ocrx_word' id='word_1_274' title='bbox 1823 3823 2217 3901; x_wconf 75' lang='grc' dir='ltr'><strong><em>κάγαθός.</em></strong></span> <span class='ocrx_word' id='word_1_275' title='bbox 2268 3820 2569 3889; x_wconf 81' lang='lat' dir='ltr'><strong>Senarius</strong></span> <span class='ocrx_word' id='word_1_276' title='bbox 2605 3828 2703 3888; x_wconf 89' lang='lat' dir='ltr'><strong>est</strong></span> <span class='ocrx_word' id='word_1_277' title='bbox 2740 3826 2979 3909; x_wconf 83' lang='lat' dir='ltr'><strong>potest-</strong></span> 
     </span>
     <span class='ocr_line' id='line_1_31' title="bbox 581 3926 2978 4017; baseline -0 -24"><span class='ocrx_word' id='word_1_278' title='bbox 581 3948 702 4012; x_wconf 90' lang='lat' dir='ltr'><strong>que</strong></span> <span class='ocrx_word' id='word_1_279' title='bbox 764 3928 919 3994; x_wconf 87' lang='lat' dir='ltr'><strong>adeo</strong></span> <span class='ocrx_word' id='word_1_280' title='bbox 978 3949 1012 3994; x_wconf 93' lang='lat' dir='ltr'><strong>e</strong></span> <span class='ocrx_word' id='word_1_281' title='bbox 1059 3934 1248 4016; x_wconf 85' lang='lat' dir='ltr'><strong>poeta</strong></span> <span class='ocrx_word' id='word_1_282' title='bbox 1296 3927 1633 3994; x_wconf 89' lang='lat' dir='ltr'><strong>desumtus</strong></span> <span class='ocrx_word' id='word_1_283' title='bbox 1680 3929 1919 4013; x_wconf 82' lang='lat' dir='ltr'><strong>videri,</strong></span> <span class='ocrx_word' id='word_1_284' title='bbox 1970 3928 2079 3995; x_wconf 92' lang='lat' dir='ltr'><strong>sed</strong></span> <span class='ocrx_word' id='word_1_285' title='bbox 2128 3932 2341 4017; x_wconf 83' lang='lat' dir='ltr'><strong>magis</strong></span> <span class='ocrx_word' id='word_1_286' title='bbox 2385 3934 2610 4017; x_wconf 87' lang='lat' dir='ltr'><strong>putem</strong></span> <span class='ocrx_word' id='word_1_287' title='bbox 2659 3926 2978 3996; x_wconf 75' lang='lat' dir='ltr'><strong>vocabula</strong></span> 
     </span>
     <span class='ocr_line' id='line_1_32' title="bbox 578 4033 2301 4122; baseline 0.003 -25"><span class='ocrx_word' id='word_1_288' title='bbox 578 4033 741 4100; x_wconf 85' lang='lat' dir='ltr'><strong>forte</strong></span> <span class='ocrx_word' id='word_1_289' title='bbox 787 4035 1043 4101; x_wconf 81' lang='lat' dir='ltr'><strong>fortuna</strong></span> <span class='ocrx_word' id='word_1_290' title='bbox 1087 4037 1156 4099; x_wconf 89' lang='lat' dir='ltr'><strong>in</strong></span> <span class='ocrx_word' id='word_1_291' title='bbox 1203 4056 1426 4103; x_wconf 83' lang='lat' dir='ltr'><strong>versus</strong></span> <span class='ocrx_word' id='word_1_292' title='bbox 1473 4038 1757 4122; x_wconf 91' lang='lat' dir='ltr'><strong>speciem</strong></span> <span class='ocrx_word' id='word_1_293' title='bbox 1804 4039 2301 4103; x_wconf 89' lang='lat' dir='ltr'><strong>concucurrisse.</strong></span> 
     </span>
    </p>
   </div>
   <div class='ocr_carea' id='block_1_6' title="bbox 576 4246 2973 4563">
    <p class='ocr_par' dir='ltr' id='par_1_6' title="bbox 576 4246 2973 4563">
     <span class='ocr_line' id='line_1_33' title="bbox 664 4246 2973 4335; baseline -0.001 -21"><span class='ocrx_word' id='word_1_294' title='bbox 664 4248 826 4314; x_wconf 88' lang='lat' dir='ltr'><strong>Ibid.</strong></span> <span class='ocrx_word' id='word_1_295' title='bbox 876 4271 939 4335; x_wconf 86' lang='lat' dir='ltr'><strong>p.</strong></span> <span class='ocrx_word' id='word_1_296' title='bbox 990 4246 1117 4315; x_wconf 81' lang='lat'><strong>201</strong></span> <span class='ocrx_word' id='word_1_297' title='bbox 1141 4248 1213 4315; x_wconf 91' lang='grc' dir='ltr'><strong>Β.</strong></span> <span class='ocrx_word' id='word_1_298' title='bbox 1277 4246 1447 4314; x_wconf 81' lang='lat' dir='ltr'><strong>Sunt</strong></span> <span class='ocrx_word' id='word_1_299' title='bbox 1500 4246 1691 4334; x_wconf 89' lang='lat' dir='ltr'><strong>plane</strong></span> <span class='ocrx_word' id='word_1_300' title='bbox 1734 4250 1869 4313; x_wconf 89' lang='lat' dir='ltr'><strong>sine</strong></span> <span class='ocrx_word' id='word_1_301' title='bbox 1917 4268 2107 4313; x_wconf 90' lang='lat' dir='ltr'><strong>sensu</strong></span> <span class='ocrx_word' id='word_1_302' title='bbox 2157 4268 2319 4334; x_wconf 88' lang='lat' dir='ltr'><strong>quae</strong></span> <span class='ocrx_word' id='word_1_303' title='bbox 2350 4246 2663 4313; x_wconf 67' lang='lat' dir='ltr'><strong>‘Socrates</strong></span> <span class='ocrx_word' id='word_1_304' title='bbox 2710 4246 2787 4312; x_wconf 91' lang='lat' dir='ltr'><strong>de</strong></span> <span class='ocrx_word' id='word_1_305' title='bbox 2835 4268 2973 4313; x_wconf 84' lang='lat' dir='ltr'><strong>ora—</strong></span> 
     </span>
     <span class='ocr_line' id='line_1_34' title="bbox 577 4350 2969 4442; baseline -0.001 -22"><span class='ocrx_word' id='word_1_306' title='bbox 577 4356 823 4422; x_wconf 80' lang='lat' dir='ltr'><strong>toribus</strong></span> <span class='ocrx_word' id='word_1_307' title='bbox 872 4358 1265 4442; x_wconf 76' lang='lat' dir='ltr'><strong>interrogat:</strong></span> <span class='ocrx_word' id='word_1_308' title='bbox 1317 4356 1350 4431; x_wconf 77' lang='grc' dir='ltr'>ἢ</span> <span class='ocrx_word' id='word_1_309' title='bbox 1401 4357 1476 4421; x_wconf 82' lang='grc' dir='ltr'><strong>σὺ</strong></span> <span class='ocrx_word' id='word_1_310' title='bbox 1526 4358 1631 4420; x_wconf 80' lang='grc' dir='ltr'><strong><em>οἴει</em></strong></span> <span class='ocrx_word' id='word_1_311' title='bbox 1673 4354 1889 4427; x_wconf 81' lang='grc' dir='ltr'><strong><em>δεινούς</em></strong></span> <span class='ocrx_word' id='word_1_312' title='bbox 1934 4380 2104 4426; x_wconf 79' lang='grc' dir='ltr'><strong><em>τινας</em></strong></span> <span class='ocrx_word' id='word_1_313' title='bbox 2145 4352 2297 4421; x_wconf 79' lang='grc' dir='ltr'><strong><em>οὕτω</em></strong></span> <span class='ocrx_word' id='word_1_314' title='bbox 2338 4353 2743 4425; x_wconf 71' lang='grc' dir='ltr'><strong>διδασκάλους</strong></span> <span class='ocrx_word' id='word_1_315' title='bbox 2788 4350 2969 4431; x_wconf 81' lang='grc' dir='ltr'><strong><em>εἶναι,</em></strong></span> 
     </span>
     <span class='ocr_line' id='line_1_35' title="bbox 576 4456 2967 4563; baseline -0 -37"><span class='ocrx_word' id='word_1_316' title='bbox 576 4460 691 4529; x_wconf 62' lang='lat' dir='ltr'><strong>&amp;ce</strong></span> <span class='ocrx_word' id='word_1_317' title='bbox 737 4456 852 4533; x_wconf 71' lang='grc' dir='ltr'><strong>οἷς</strong></span> <span class='ocrx_word' id='word_1_318' title='bbox 904 4466 990 4540; x_wconf 73' lang='grc' dir='ltr'><strong>μη</strong></span> <span class='ocrx_word' id='word_1_319' title='bbox 1043 4460 1451 4540; x_wconf 71' lang='grc' dir='ltr'><strong><em>παρεγένοντό</em></strong></span> <span class='ocrx_word' id='word_1_320' title='bbox 1497 4486 1653 4533; x_wconf 79' lang='grc' dir='ltr'><strong><em>τινες</em></strong></span> <span class='ocrx_word' id='word_1_321' title='bbox 1707 4460 2205 4563; x_wconf 62' lang='grc' dir='ltr'><strong><em>ἀποστερουμένοις</em></strong></span> <span class='ocrx_word' id='word_1_322' title='bbox 2255 4466 2563 4543; x_wconf 76' lang='grc' dir='ltr'><strong><em>χρήματα</em></strong></span> <span class='ocrx_word' id='word_1_323' title='bbox 2614 4462 2648 4537; x_wconf 75' lang='grc' dir='ltr'><strong><em>ἦ</em></strong></span> <span class='ocrx_word' id='word_1_324' title='bbox 2696 4484 2755 4526; x_wconf 92' lang='grc' dir='ltr'><strong>τι</strong></span> <span class='ocrx_word' id='word_1_325' title='bbox 2804 4460 2967 4525; x_wconf 77' lang='grc' dir='ltr'><strong><em>ἄλλο</em></strong></span> 
     </span>
    </p>
   </div>
  </div>
 </body>
</html>
