3246 5085
645 341 734 408 '70
1501 357 1757 406 mancus
1802 357 2181 406 ANTONINUS.

743 523 880 589 VII.
934 525 996 589 2.
1061 524 1268 589 Locus
1329 525 1420 589 sic
1477 523 1975 608 distinguendus
2037 542 2171 588 esse
2233 520 2523 586 videtur:
2573 520 2841 591 δύναμαι
2892 519 3051 597 περὶ

644 629 882 706 τούτου,
953 627 982 692 ὃ
1046 630 1170 705 δεῖ,
1243 629 1752 706 ὑπ’·ολαμβοὶνειν·
1828 631 1877 692 εἰ
1944 627 2253 704 δύναμαι,
2316 626 2381 690 τί
2442 626 2839 702 ταράσσομαι
2855 644 2873 701 ;
2946 625 3051 688 ’τὰ

645 732 756 812 ἔξω
819 742 925 806 τῆς
992 736 1146 808 ἐμῆς
1206 734 1469 804 διανοίας
1535 734 1700 798 οὐδὲν
1764 732 1918 804 ὅλως
1965 735 2111 811 πρὸς
2160 735 2269 807 τὴν
2317 734 2466 808 ἐμὴν
2517 731 2801 794 διάνοιαν.
2848 734 3053 794 τοῦτο

645 840 805 914 μάθε
856 840 956 903 καὶ
1003 839 1164 917 ὀρθὸς
1211 835 1286 905 εἶ.
1337 839 1684 916 ἀναβιῶναί
1731 863 1815 903 σοι
1870 838 2105 915 ἔξεστιν
2146 839 2343 914 κ.τ.ὲ.,
2384 841 2477 902 ita
2516 843 2591 901 ut
2636 834 2804 900 illud
2845 839 3049 900 τοῦτο

646 945 725 1010 ad
771 946 1210 1032 praecedentia
1253 946 1581 1011 referatur.

735 1148 895 1214 Ibid.
958 1149 1065 1215 31.
1138 1151 1355 1221 ἐκεῖνος
1418 1149 1532 1226 μέν
1593 1157 1803 1228 Φησιν,
1865 1145 1991 1213 ὅτι·
2052 1148 2337 1213 Πάντα
2383 1147 2735 1221 voute-tl.
2778 1143 2927 1209 ”Era
2980 1145 3045 1207 εἰ

648 1255 910 1330 δαίμονα
960 1256 1044 1319 τὰ
1093 1263 1397 1334 στοιχεῖα.
1443 1253 1516 1318 In
1552 1254 1693 1320 loco
1731 1257 2215 1340 corruptissimo
2256 1250 2473 1319 Gorais
2512 1272 2741 1318 vocem
2766 1251 3047 1324 δαίμονα

645 1366 796 1426 noto
844 1360 1254 1427 librariorum
1305 1382 1512 1426 errore
1561 1381 1641 1424 ex
1688 1361 1751 1426 δὲ
1797 1361 1956 1434 μόνα
2002 1365 2369 1444 corruptam
2408 1378 2541 1422 esse
2576 1357 2843 1422 viderat.
2889 1355 3047 1420 Iam

645 1487 795 1530 cum
843 1472 1056 1551 pateat
1102 1467 1296 1532 verba
1347 1468 1564 1530 Πάντα
1609 1466 1849 1541 νομιστί
1889 1486 1966 1530 ex
2005 1465 2373 1530 Democrito
2414 1464 2490 1528 ab
2532 1463 2854 1527 Antonino
2895 1481 3049 1526 esse

647 1571 1019 1658 adsumpta,
1081 1574 1149 1636 in
1209 1579 1516 1657 promptu
1578 1579 1675 1637 est
1737 1575 1934 1637 etiam
1980 1573 2050 1634 in
2098 1570 2508 1655 sequentibus
2555 1568 2752 1634 verba
2800 1566 3049 1632 Demo-

647 1679 844 1740 critea
912 1682 1274 1761 exspectare
1342 1686 1532 1762 atque
1594 1683 1819 1762 sponte
1879 1698 1947 1742 se
2008 1675 2188 1741 offert
2249 1697 2412 1753 voit,
2477 1694 2641 1758 quae
2705 1678 2801 1738 est
2854 1674 3047 1752 ἐτεῇ,

648 1780 1027 1865 philosopho
1095 1780 1195 1846 illi
1265 1785 1721 1862 usitatissima3
1796 1783 1875 1848 cf.
1940 1802 1997 1847 e.
2040 1803 2137 1868 gr.
2202 1779 2378 1846 Sext.
2445 1779 2635 1864 Emp.
2680 1777 2801 1843 VII
2867 1777 3045 1842 135:

651 1887 853 1965 ηνόμῳ
917 1887 1121 1964 γλυκὺ
1187 1889 1287 1950 καὶ
1353 1888 1512 1968 νόμῳ
1578 1890 1803 1968 πικρόν,
1855 1889 2012 1967 νόμῳ
2065 1886 2299 1966 θερμόν,
2350 1886 2509 1965 νόμῳ
2559 1885 2820 1964 ψυχρόν,
2870 1884 3045 1962 νόμῳ

646 1997 858 2072 moui·
907 1994 1043 2073 ἐτεῇ
1095 1993 1156 2057 δὲ
1203 1990 1414 2068 ἄτομα
1464 1994 1568 2059 καὶ
1621 1994 1852 2059 κενόν.”
1917 1993 2141 2078 Itaque
2186 1999 2403 2057 totum
2450 1991 2667 2056 locum
2716 1993 2806 2056 sic
2850 1989 3045 2054 refin-

645 2101 934 2188 gendum
983 2122 1116 2166 esse
1161 2106 1458 2187 apparet:
1521 2103 1568 2165 ἔ.
1618 2126 1691 2179 μ.
1740 2111 1815 2180 Φ.
1880 2096 2004 2164 ὅτι·
2068 2097 2353 2164 Ποὶντα
2421 2098 2783 2175 νομιστΙ,
2848 2098 3042 2177 ἐτεῇ

649 2205 726 2270 δὲ
773 2206 978 2282 μόνα
1026 2208 1126 2271 τὰ
1173 2215 1593 2287 στοιχεῖα,
1638 2227 1764 2292 qua
1810 2208 2197 2271 correctione
2240 2209 2495 2290 recepta
2543 2201 2785 2280 elucet,
2834 2221 3043 2286 quam

647 2332 842 2397 prope
887 2311 966 2376 ad
1014 2332 1242 2377 verum
1288 2315 1620 2377 accesserit
1667 2312 1804 2377 cod.
1855 2311 1932 2389 A,
1981 2313 2095 2396 qui
2142 2309 2228 2376 ἔτι
2278 2310 2313 2386 ἥ
2362 2309 2622 2374 exhibet
2658 2307 2727 2389 ¹).

740 2530 900 2596 Ibid.
945 2529 1050 2595 59.
1095 2529 1252 2594 ἔνδον
1279 2527 1522 2607 βλέπε,
1565 2525 1722 2595 ἔνδον
1764 2531 1797 2604 ἧ
1840 2531 2013 2606 πηγὴ
2040 2532 2145 2593 τοῦ
2171 2527 2413 2605 ἀγαθοῦ
2440 2526 2543 2592 καὶ
2572 2527 2667 2591 ἀεὶ
2694 2524 3047 2601 αναβλύειν

647 2635 986 2715 δυναμένη,
1038 2637 1145 2700 ἐὰν
1193 2636 1290 2700 ἀεὶ
1341 2635 1649 2716 σκέπα-ης.
1698 2635 1796 2700 Ita
1836 2634 2067 2712 editur,
2108 2640 2175 2700 at
2214 2656 2329 2719 pro
2368 2632 2659 2710 βλέπεΙ)
2700 2634 2934 2710 σκόπει,
2982 2634 3046 2697 Α

646 2727 836 2807 {radin
885 2743 1165 2807 exhibet.
1216 2740 1352 2807 Iam
1391 2743 1446 2806 si
1486 2761 1817 2827 comparas
1856 2739 1929 2806 V.
1976 2740 2080 2816 16,
2124 2741 2236 2805 ubi
2271 2741 2447 2804 idem
2489 2739 2621 2805 cod.
2665 2738 2720 2803 A
2758 2736 3043 2813 βλάπτον

646 2854 711 2913 et
766 2848 984 2923 βλέπω
1037 2848 1362 2924 turbavit,
1412 2854 1711 2933 apparet,
1760 2868 1954 2932 quam
2004 2853 2173 2911 recte
2219 2852 2285 2911 et
2331 2844 2659 2931 eleganter
2704 2843 2847 2909 Sch.
2896 2841 3044 2909 loco

643 2960 862 3018 nostro
927 2954 1171 3017 σκάπτε
1236 2952 1691 3018 emendaverit.
1770 2951 2063 3035 Itemque
2122 2954 2178 3015 si
2234 2950 2537 3016 lectiones
2598 2952 3043 3034 composueris

645 3059 838 3122 σκέπε
863 3093 948 3105 -
974 3058 1299 3121 σκόπει-
1325 3058 1566 3135 βλέπε,
1627 3064 1890 3143 apparet
1934 3058 2323 3142 praestantia
2368 3056 2503 3121 cod.
2556 3058 2632 3132 A,
2688 3058 2801 3139 qui
2846 3057 3036 3139 quasi

640 3166 958 3250 originem
1003 3163 1278 3228 ostendit
1325 3165 1506 3241 vitii,
1554 3166 1622 3227 in
1671 3166 1897 3229 ceteris
1944 3162 2270 3228 codicibus
2318 3163 2515 3226 latius
2559 3162 2931 3247 grassantis·

735 3380 895 3445 Ibid.
957 3379 1065 3445 60.
1133 3376 1246 3444 οἷον
1308 3381 1433 3458 γάρ
1498 3403 1556 3443 τι
1608 3380 1707 3444 ἐπὶ
1758 3385 1864 3444 τοῦ
1909 3381 2223 3459 προσώπου
2272 3382 2622 3460 παρέχεται
2675 3381 2708 3452 ἦ
2755 3378 3033 3456 διάνοια,

644 3486 928 3555 συνεστὸς
979 3487 1131 3549 αὐτὸ
1179 3484 1283 3549 καὶ
1333 3484 1650 3563 εὔσχημον
1696 3492 2107 3563 συντηροῦσα,
2156 3492 2382 3551 τοιοῦτο
2432 3486 2535 3549 καὶ
2584 3485 2683 3549 ἐπὶ
2734 3483 2873 3549 ὅλου
2919 3490 3031 3549 τοῦ

644 3592 929 3665 σώματος
994 3588 1390 3664 ἀπαιτητέον.
1454 3589 1626 3676 Lege
1674 3591 1909 3655 τοιοῦτό
1956 3614 2050 3670 τι,
2101 3591 2179 3655 ad
2221 3590 2465 3657 librarii
2512 3610 2792 3655 errorem
2834 3590 2916 3656 cf.
2966 3609 3027 3654 e.

642 3715 744 3781 gr.
795 3693 960 3761 VIII.
1017 3694 1119 3760 ll.

735 3896 904 3963 VIII.
953 3896 1062 3962 21.
1115 3896 1444 3976 ἔκστρεψον
1495 3896 1596 3961 καὶ
1650 3897 1903 3975 θέασαι,
1953 3893 2069 3962 οἷόν
2118 3900 2269 3976 ἐστι,
2322 3902 2606 3978 γηρᾶσαν
2654 3898 2715 3963 δὲ
2765 3894 2877 3964 οἷον
2929 3902 3032 3977 71-

643 4026 810 4066 νεται
833 4050 849 4079 ,
916 4009 1176 4073 νοσῆσαν
1231 4003 1330 4081 δέ,
1381 4006 1735 4080 πορνεῦσαν.
1799 4003 2044 4069 Locum
2091 4007 2265 4070 varie
2311 4011 2633 4069 tentatum
2680 4006 3033 4073 novissime

711 4281 764 4344 1)
800 4280 993 4329 Dudum
1025 4280 1234 4330 mirabar
1267 4280 1646 4331 emendationem
1678 4285 1780 4330 tam
1814 4282 1969 4331 lenem
2004 4286 2051 4332 et
2086 4282 2271 4333 facilem
2301 4282 2430 4333 viros
2456 4284 2619 4333 doctos
2648 4284 2838 4347 fugisse,
2868 4286 3028 4349 quoad

642 4376 686 4412 v.
719 4360 778 4410 cl.
830 4362 898 4411 H.
939 4360 1065 4409 Diels
1110 4362 1448 4411 humanissime
1495 4368 1568 4412 me
1613 4362 1801 4411 monuit
1848 4378 1948 4412 eam
1980 4379 2007 4412 a
2042 4381 2087 4414 v.
2123 4363 2182 4413 cl.
2214 4364 2398 4414 Usener
2430 4366 2724 4429 propositam
2762 4369 2811 4414 et
2845 4365 3028 4429 publici

640 4442 762 4493 iuris
805 4458 904 4491 esse
936 4443 1107 4492 factam
1141 4444 1190 4492 in
1227 4445 1339 4492 Mus
1391 4444 1540 4492 Rhen.
1578 4444 1643 4495 47
1682 4462 1725 4509 p.
1764 4446 1880 4503 437,
1914 4462 2057 4509 quam
2093 4462 2193 4495 rem
2228 4456 2276 4496 et
2312 4446 2546 4497 Stichium
2581 4447 2756 4510 fugisse
2788 4448 3023 4513 suspicor.
