3246 5085
1311 270 1628 319 nom-rus.
2538 254 2667 324 437

371 434 457 500 IV
505 433 569 501 4.
597 434 686 501 89
755 434 926 500 Nam
969 438 1110 523 ipss.
1153 439 1438 503 narravit
1487 437 1650 501 mihi

370 541 466 623 (l)
535 540 776 607 Utrum
838 541 1030 629 fingit
1091 543 1246 610 haec
1307 543 1544 609 dixisse
1607 542 1811 609 filiam
1874 545 1997 609 sibi
2058 566 2139 611 an
2189 566 2335 611 vere
2380 546 2550 609 κατὰ
2599 548 2667 611 τὸ

263 644 665 721 σιωπώμενον
706 648 951 713 factum
989 646 1128 713 est?
1264 650 1360 730 (2)
1403 649 1544 736 Ego
1583 656 1888 715 neutrum
1927 655 2084 737 puto
2121 655 2188 716 et
2227 653 2319 716 sic
2340 649 2665 738 intellige,

261 754 448 838 quod
503 754 580 819 de
625 774 824 821 uxore
871 776 988 821 sua
1036 756 1206 823 dicat
1255 738 1436 842 ,jipsa
1481 758 1769 823 narravit
1815 757 2023 823 mihi’'
2072 756 2421 823 secundum
2468 756 2666 837 illud,

259 860 449 945 quod
509 882 703 946 supra
763 861 927 926 dixit
991 862 1104 941 (IV
1156 863 1216 930 1.
1243 862 1542 945 21—24)
1605 863 1757 942 „sed
1820 885 1987 929 nunc
2050 864 2215 930 mihi
2268 865 2335 929 in
2381 870 2664 929 mentem

262 967 504 1031 venit’'
551 974 701 1033 cett.

370 1070 824 1141 Controversia
872 1096 910 1140 a
955 1074 1164 1141 Probo
1215 1077 1418 1162 Aspre
1463 1076 1730 1142 fortasse
1776 1078 1908 1141 iem
1953 1082 2151 1141 mota.

373 1300 800 1387 Repperimus

371 1406 659 1473 Probum
705 1406 736 1472 Ῑ
787 1408 848 1473 1.
876 1407 940 1474 2.

367 1512 568 1579 Locos
628 1514 742 1579 ubi
787 1515 1040 1580 Probus
1085 1515 1290 1601 Asper
1336 1500 1601 1582 indicati
1648 1537 1784 1582 esse
1828 1524 2097 1602 possunt
2141 1517 2173 1583 I
2224 1517 2282 1584 l.
2311 1518 2373 1597 1,
2423 1518 2485 1583 2.
2515 1517 2601 1585 78
2615 1516 2662 1597 ?,

261 1620 334 1685 II
389 1619 448 1685 1.
477 1618 584 1686 37.
657 1618 752 1685 ΙΠ
800 1618 862 1685 4.
913 1619 1022 1686 26.
1073 1620 1182 1686 33.
1250 1621 1337 1687 IV
1386 1620 1631 1701 2142,
1681 1623 1743 1687 4.
1770 1620 1879 1688 89.

366 1725 590 1791 Editor
624 1747 810 1791 suam
831 1728 1199 1811 opinionem
1225 1728 1466 1813 profert
1489 1728 1610 1794 sub
1640 1727 1951 1796 vocabulo
1976 1729 2325 1815 „quidam”
2350 1728 2437 1794 IV
2465 1729 2523 1795 1.
2552 1727 2660 1794 21.

365 1830 594 1896 Plures
641 1831 852 1897 fontes
899 1832 1270 1898 indicantur
1315 1832 1403 1898 IV
1449 1832 1513 1899 2.
1545 1832 1650 1900 14.

1263 2093 1677 2159 Phormi0.

367 2321 397 2388 I
449 2322 509 2387 1.
540 2320 622 2386 15
658 2320 704 2401 ¹)
776 2321 902 2387 Ubi
945 2323 1298 2387 initiabant

365 2428 462 2510 (3)
508 2428 782 2516 Legitur
829 2428 998 2514 apud
1048 2427 1398 2494 Varronem
1443 2426 1672 2506 (Catus
1720 2428 1798 2494 de
1845 2427 1958 2494 lib.
2007 2428 2217 2507 educ.)
2268 2431 2657 2508 „initiari

258 2557 502 2622 pueros
566 2533 834 2600 Eduliae
897 2542 961 2600 et
1024 2533 1286 2601 Poticae
1349 2540 1416 2600 et
1462 2531 1701 2614 Oubae,
1752 2534 1851 2600 dis
1896 2535 2122 2601 edendi
2161 2536 2238 2602 'et
2286 2535 2547 2622 potandi
2594 2542 2659 2604 et

257 2640 609 2720 cubandi”,
672 2647 821 2706 cett.
876 2688 891 2706 .
921 2688 935 2707 .
966 2689 979 2706 .
1029 2641 1147 2706 hoc
1208 2643 1543 2706 annotavit
1598 2641 1881 2718 Probus,
1932 2642 2041 2706 sed
2087 2641 2423 2707 Terentius
2469 2641 2662 2729 Apol-

257 2747 568 2814 lodorum
615 2749 928 2832 sequitur,
978 2747 1149 2832 spud
1196 2767 1389 2832 quem
1437 2744 1704 2831 leg-itur,
1752 2752 1900 2810 cett.

358 2852 922 2919 Verisimillimum
991 2859 1088 2917 est
1153 2850 1480 2918 Donatum
1546 2851 1612 2915 h.
1654 2850 1699 2916 1.
1763 2852 1997 2917 referre
2059 2873 2219 2938 quse
2281 2851 2528 2939 legerat
2586 2854 2653 2916 iu

256 2961 720 3028 commentario
780 2960 1010 3044 Aspri,
1074 2978 1224 3023 cum
1287 2957 1364 3023 de
1426 2958 1637 3022 Probo
1698 2963 1840 3022 tum
1904 2956 1981 3022 de
2039 2955 2445 3044 Apollodoro.
2498 2956 2654 3023 Vide

259 3065 344 3130 W
366 3086 572 3131 essn.
620 3086 683 3150 p.
739 3063 851 3130 22.

356 3170 386 3237 Ι
426 3171 488 3235 2.
517 3168 604 3235 24
672 3171 952 3236 Μο1111111
998 3169 1276 3255 relinqui
1325 3189 1430 3235 me
1476 3169 1594 3234 deo
1641 3171 1807 3234 irato
1856 3190 1998 3235 meo

357 3277 454 3358 (1)
515 3275 620 3342 Sic
679 3275 1006 3363 Vergilius
1069 3295 1229 3353 „nec
1291 3274 1357 3339 di
1416 3282 1633 3340 texere
1682 3273 2056 3360 Cupencum
2104 3278 2315 3341 Aenea
2363 3277 2658 3342 veniente

261 3385 370 3448 sui
415 3383 598 3464 (Aen.
649 3382 776 3448 XII
824 3381 1003 3458 539).
1056 3382 1197 3448 Hoc
1246 3381 1467 3466 Asper,
1515 3380 1626 3445 sed
1676 3381 1841 3445 mihi
1887 3381 2166 3460 videtur,
2216 3387 2368 3447 cett.

361 3487 454 3553 De
501 3489 621 3554 hoc
665 3487 910 3554 scholio
958 3488 1106 3553 vide
1153 3508 1347 3572 supra
1392 3489 1460 3551 in
1508 3488 1718 3572 capite
1764 3487 1841 3553 de
1882 3487 2143 3553 scholiis
2181 3487 2607 3552 Phormionis.

362 3594 392 3658 Ι
431 3583 499 3660 3.’
523 3593 562 3660 3
606 3593 1059 3682 „Incogitans”
1106 3595 1499 3659 temerarius.
1543 3593 1793 3658 Probus
1827 3615 2098 3672 „nomen
2136 3595 2653 3680 incogitans’'

264 3703 516 3787 inquit,
571 3703 676 3778 „in
725 3722 850 3766 usu
900 3707 1031 3780 est,
1084 3706 1152 3766 at
1196 3721 1320 3766 non
1369 3700 1591 3765 eodem
1641 3700 1830 3765 modo
1868 3699 2223 3787 cogitans'’.

362 3807 536 3872 Haec
581 3807 788 3872 denuo
838 3827 916 3872 ex
966 3807 1158 3891 Aspri
1204 3813 1589 3872 commentO.

357 3912 517 3978 Ibid.
561 3912 603 3977 8
642 3913 736 3992 (1)
782 3913 1111 3978 Amatorie
1151 3911 1441 3998 loquitur
1482 3912 1786 3997 Antipho.
1828 3911 2061 3976 Errant
2101 3912 2215 3996 qui
2251 3915 2483 3996 putant
2506 3933 2654 3977 eum

267 4021 591 4104 paenitere
637 4021 738 4083 sui
783 4017 1085 4084 desiderii
1137 4065 1152 4082 .
1183 4068 1198 4083 .
1229 4067 1243 4083 .
1293 4018 1403 4084 sed
1449 4018 1568 4082 hoc
1615 4017 1791 4082 dicit.

338 4308 392 4372 1)
425 4297 605 4356 Locum
641 4307 724 4371 qui
760 4306 1001 4372 praeeedit
1034 4305 1084 4356 in
1114 4304 1312 4372 prologo
1341 4304 1406 4354 26
1422 4305 1494 4368 (1)
1528 4320 1652 4354 ‚non
1682 4319 1795 4368 ergo
1823 4319 1850 4352 8
1881 4303 2105 4360 formula.
2135 4306 2189 4354 ut
2218 4305 2412 4369 quidun
2434 4304 2656 4370 putant”‚

269 4406 414 4456 supro
447 4389 664 4438 tractavi.
