3246 5085
1313 339 1625 391 nonnus.
2537 323 2669 392 217

367 507 459 573 Ib.
515 505 598 573 17
664 507 831 589 Quid
875 510 1013 573 eius
1062 508 1182 573 tibi
1231 508 1458 573 faciem
1505 507 1865 594 praedicem
1914 513 2029 572 aut
2071 505 2327 572 laudem

365 614 739 681 Differentia
786 613 1019 680 Donati
1059 615 1188 696 (l):
1238 614 1841 680 Praedicamus
1892 619 1965 680 ut
2010 619 2161 679 sunt
2206 635 2341 694 ree,
2389 613 2663 680 lauda·-

267 743 447 788 mue
495 720 893 788 extollimus.
989 722 1274 788 Editoris
1312 721 1437 803 (2);
1481 721 1588 790 vel
1627 721 2223 808 praedicamus
2266 742 2455 800 voce,
2503 721 2665 788 lau-

269 829 560 895 damus
603 831 1028 915 argumentis.

360 934 522 1001 Ibid.
574 934 662 1000 23
727 937 906 1000 Ant.
958 933 1125 1016 Quid
1164 934 1232 999 id
1280 931 1420 1001 est?
1487 932 1622 1002 Oh.
1674 935 1935 1001 Tacitus
1981 936 2175 1000 citius
2221 934 2441 1001 audies

356 1042 556 1107 Don.:
621 1042 717 1123 (l)
765 1039 1102 1108 Moraliter
1133 1040 1210 1123 ¹);
1261 1041 1546 1106 solemus
1594 1043 1915 1126 corripere
1968 1048 2148 1107 extra
2195 1041 2485 1106 ordinem
2534 1062 2667 1128 per-

265 1153 630 1225 contantes,
695 1147 792 1229 (2)
853 1153 918 1213 et
977 1148 1134 1213 bene
1181 1146 1576 1214 celeritatem
1627 1150 1960 1234 promisit,
2009 1169 2134 1233 qua
2183 1145 2369 1213 facile
2418 1155 2670 1213 tenetur

271 1253 546 1321 auditor.

362 1360 624 1426 Editor:
671 1359 768 1442 (3)
814 1359 902 1424 Et
947 1361 1146 1437 mire,
1195 1366 1526 1446 tamquam
1577 1358 1710 1426 sola
1756 1361 2178 1446 interrogatio
2228 1380 2442 1425 morae
2490 1361 2596 1424 sit.

360 1466 524 1558 Ibid.
575 1465 660 1532 39
724 1465 992 1532 Luserat
1036 1468 1170 1532 iam
1215 1465 1374 1533 olim
1421 1465 1534 1531 ille
1581 1465 1816 1531 ludum

359 1573 581 1655 IP(l)
643 1573 815 1639 Bene
875 1593 996 1638 non
1070 1570 1361 1650 „scelus”
1425 1571 1610 1636 dixit.
1754 1572 1915 1636 Don.
1986 1569 2074 1636 38
2098 1571 2195 1652 (2)
2254 1571 2345 1637 Ut
2410 1572 2657 1650 „hunc,

271 1702 420 1760 oro,
485 1681 620 1745 sine
681 1700 788 1746 me
849 1680 1056 1744 furere
1120 1687 1266 1744 ante
1315 1677 1640 1744 furorem''
1690 1679 1875 1757 (Aen.
1932 1676 2037 1743 12.
2066 1676 2225 1759 680)
2237 1698 2256 1757 ;
2307 1677 2515 1764 figura
2560 1679 2660 1759 ἀρ·

271 1786 574 1868 χαισμδς.

356 1893 520 1960 Ibid.
571 1893 658 1959 40

403 2000 614 2066 Deum
661 2021 730 2065 se
772 2001 841 2064 in
886 1999 1221 2065 hominem
1266 2000 1651 2064 convertisse
1701 2002 1894 2084 atque
1940 1999 2010 2064 in
2058 1996 2297 2064 alienas
2343 1995 2600 2084 tegulas

407 2106 668 2172 Venisse
713 2104 1078 2172 clanculum
1123 2126 1237 2190 per
1281 2103 1683 2191 impluvium
1734 2105 1955 2171 fucum
2004 2104 2246 2170 factum
2296 2103 2557 2170 mulieri

357 2214 454 2296 (2)
516 2213 642 2278 Hic
703 2219 966 2299 apparet
1011 2213 1353 2298 separatim
1401 2211 1620 2277 Iovem
1645 2263 1660 2294 ‚
1711 2214 2054 2298 separatim
2103 2214 2243 2276 auri
2291 2211 2490 2277 fuisse
2536 2212 2663 2297 pic-

263 2325 501 2386 turam.
629 2316 723 2401 (3)
779 2317 894 2396 „In
932 2318 1308 2385 hominem”
1351 2324 1576 2383 utrum
1613 2321 1767 2404 quia
1806 2318 2097 2403 Iuppiter
2133 2319 2417 2384 humana
2454 2317 2661 2383 forma

263 2448 497 2493 aurum
560 2424 898 2490 infundens
956 2427 1168 2511 pictus
1229 2430 1365 2490 erat
1419 2427 1489 2490 in
1539 2424 1795 2502 tabula,
1844 2445 1967 2490 non
2017 2447 2132 2511 pro
2178 2425 2330 2490 Iove
2378 2421 2657 2490 aurum?

263 2556 343 2601 an
395 2536 503 2612 „in
550 2530 925 2598 hominem”
971 2531 1038 2597 id
1087 2537 1184 2597 est
1229 2533 1298 2597 in
1343 2532 1623 2598 hominis
1672 2530 2001 2597 audaciam
2050 2538 2242 2618 atque
2288 2528 2576 2619 flag-itia?

357 2639 452 2705 De
512 2638 787 2705 lectione
852 2640 960 2715 „in
1024 2638 1396 2705 hominem”
1463 2644 1530 2703 et
1593 2660 1752 2723 „per
1810 2638 2251 2723 impluvium''
2318 2644 2462 2705 tum
2508 2659 2652 2703 con-

258 2748 503 2825 stabat,
555 2754 628 2811 ut
675 2745 862 2811 hodie
908 2750 1192 2821 constat,
1242 2748 1299 2810 si
1345 2744 1657 2811 Bembino
1699 2766 1919 2810 aurem
1958 2745 2335 2830 praebemus
2365 2744 2447 2827 ²);
2492 2766 2652 2831 quae

257 2852 454 2919 lectio
514 2873 707 2939 quem
767 2851 1149 2939 scrupulum
1196 2853 1475 2918 moverit
1522 2851 1824 2916 audimus
1869 2854 1937 2915 in
1984 2850 2284 2929 scholiiS,
2334 2851 2501 2917 unde
2548 2873 2655 2917 na-

261 2964 408 3024 tum
478 2964 574 3024 est
641 2958 921 3024 alterum
981 2960 1535 3045 interpretamenti
1598 2978 1901 3023 conamen
1965 2958 2043 3023 ab
2104 2960 2245 3043 ipso
2304 2956 2487 3024 Aelio
2547 2956 2656 3023 vel

258 3072 518 3131 auctore
565 3065 706 3130 eius
753 3064 996 3130 factum
1047 3065 1158 3142 „in
1207 3065 1486 3130 hominis
1532 3063 1679 3129 aud.
1731 3084 1787 3129 a.
1837 3061 1945 3128 fi.'’
2255 3066 2267 3075 '

349 3168 795 3256 Interpolator,
856 3177 932 3236 ut
978 3192 1200 3256 saepe,
1251 3172 1360 3236 ubi
1409 3169 1571 3236 Don.
1621 3170 1997 3248 dubitabat,
2048 3170 2301 3236 fortiter
2347 3171 2657 3255 quaestio-

258 3298 410 3343 nem
457 3276 718 3341 diremit
765 3278 832 3341 in
881 3276 998 3359 (2).

351 3382 511 3449 Ibid.
561 3383 649 3450 42
716 3382 841 3463 Qui
884 3383 1126 3470 templa
1173 3382 1330 3449 caeli
1378 3404 1640 3449 summa
1682 3386 1897 3449 sonitu
1944 3386 2230 3450 concutit

351 3489 510 3557 Don.
574 3488 671 3572 (3)
724 3490 988 3557 Parodia
1035 3490 1110 3556 de
1157 3490 1383 3556 Ennio.
1522 3490 1640 3556 Ed.
1693 3488 1789 3573 (3)
1838 3488 2141 3577 Tragice,
2188 3489 2297 3556 sed
2346 3489 2423 3557 de
2468 3490 2651 3556 indu-

259 3598 452 3678 stria,
504 3619 628 3664 non
675 3618 909 3663 errore.

351 3703 514 3769 Ibid.
563 3701 649 3769 47
723 3701 892 3788 Cape
937 3703 1056 3769 hoc
1106 3702 1464 3782 flabellum,
1517 3703 1861 3769 ventulum
1908 3705 2061 3769 huic
2109 3706 2199 3769 sic
2246 3705 2438 3770 facito

357 3809 523 3875 Don.
587 3808 685 3892 (l)
748 3807 1078 3876 Praeclare
1136 3832 1262 3876 non
1322 3832 1581 3877 sensum
1648 3810 1755 3876 sed
1805 3810 2001 3877 verba
2046 3797 2346 3897 ipsa'per
2392 3812 2651 3887 μίμησιν

275 3916 572 4000 induxit,
644 3936 757 4002 per
824 3937 1017 4003 quam
1089 3939 1263 3984 error
1330 3915 1637 4004 puellaris
1706 3920 2115 4004 exprimitur.
2279 3916 2451 3982 Hinc
2519 3922 2657 3983 orta

325 4160 380 4222 1)
415 4158 456 4209 1.
477 4174 520 4209 e.
557 4156 744 4215 ἧθυιῦς.
779 4156 858 4210 Sic
892 4157 1079 4208 correxi
1115 4174 1204 4223 pro
1242 4158 1578 4209 ‚morantem”
1614 4158 1741 4223 quod
1778 4159 2015 4209 sententia
2048 4158 2336 4225 refragatur.

329 4243 386 4307 2)
436 4240 821 4291 Bentleiue
856 4240 1059 4291 coniecit
1107 4240 1205 4290 ‚in
1252 4238 1526 4292 aurum”
1564 4241 1642 4291 vel
1695 4242 1791 4291 -in
1836 4240 2209 4307 pretium”,
2241 4246 2290 4293 et
2330 4260 2477 4309 uper
2520 4244 2661 4311 plu·

251 4324 498 4384 viam”;
538 4324 628 4374 hoc
662 4340 818 4389 nuper
853 4322 1076 4389 probavit
1110 4339 1234 4373 van
1271 4324 1601 4375 Leeuwen
1640 4325 1823 4375 Mnem.
1866 4324 2068 4375 XXXIV
2100 4341 2147 4390 p.
2182 4326 2298 4387 306,
2332 4326 2413 4375 aed
2446 4342 2534 4392 pro
2575 4327 2655 4378 nin

251 4405 533 4458 hominem”
569 4405 775 4455 coniecit
812 4407 907 4457 uin
955 4406 1088 4457 imb
1109 4404 1293 4467 rem’',
1328 4408 1454 4472 quod
1489 4408 1586 4457 iam
1619 4406 1831 4458 Fabia
1864 4408 2130 4473 suspicatus
2164 4412 2266 4459 erat
2300 4417 2348 4459 et
2381 4410 2561 4476 recepit
2594 4410 2643 4460 in

251 4489 530 4541 maionem
564 4504 610 4541 a.
644 4489 790 4540 1895.
