3246 5085
636 317 769 384 300
1677 333 1990 382 nonnus.

730 502 889 569 Ibid.
940 502 1026 569 43
1077 510 1141 569 et
1190 502 1275 568 46
1345 501 1636 588 Utraque
1699 503 1894 568 series
1954 501 2215 567 exhibet
2277 501 2354 568 ad
2417 501 2531 568 hos
2592 500 2761 568 locos
2821 500 3044 568 schol.

634 613 921 699 genuina
939 661 955 690 ,
1006 608 1175 676 nihil
1222 608 1523 697 amplius.

724 716 887 783 Ibid.
938 715 1023 781 49
1096 716 1225 782 De.
1289 715 1389 782 Ita
1450 721 1525 780 ut
1587 714 1770 782 dicis.
1834 713 2010 802 Ergo
2077 719 2219 780 tum
2266 735 2416 780 eum
2459 714 2862 782 advenissem
2918 721 3041 796 (se.

630 826 697 889 in
746 823 1087 903 iudicium)
2062 843 2068 848 ·

722 929 966 1015 Lepida
1026 928 1451 1015 Demiphonis
1498 928 1695 995 verba
1753 926 1891 1006 „Ita
1937 933 2015 993 ut
2063 926 2264 992 dieis”
2315 931 2602 1013 spectant
2647 933 2912 994 tantum
2965 947 3046 994 ea

634 1056 796 1122 quae
834 1037 1140 1102 Phormio
1181 1037 1344 1101 dixit
1381 1057 1474 1102 vs.
1520 1035 1644 1101 46:
1691 1037 1988 1121 „primus
2027 1055 2195 1100 esses
2234 1036 2609 1100 memoriter
2645 1037 3042 1120 progeniem

634 1147 919 1209 vostram
985 1164 1186 1229 usque
1234 1143 1311 1208 ab
1360 1163 1479 1208 avo
1526 1148 1720 1228 atque
1767 1147 1960 1207 atavo
2007 1141 2396 1228 proferens”,
2441 1162 2566 1207 non
2613 1141 2692 1206 ad
2737 1140 2805 1206 id
2851 1139 3042 1227 quod

634 1249 749 1317 ille
812 1249 1058 1315 dixerat
1120 1271 1217 1315 vs.
1286 1248 1372 1314 46
1440 1251 1539 1327 „si
1590 1247 1919 1314 talentum
1965 1269 2101 1314 rem
2151 1246 2514 1334 reliquisset
2562 1247 2847 1327 deeem”‚
2903 1269 3041 1334 quo

637 1339 971 1442 perperam
1024 1361 1224 1421 tracta
1271 1361 1421 1420 sunt
1470 1357 1548 1422 ab
1595 1355 1859 1420 Editore
1907 1357 1973 1419 in
2024 1354 2238 1435 A(1):
2284 1354 2384 1421 Ita
2431 1376 2609 1434 sum,
2657 1358 2915 1442 inquit,
2961 1359 3042 1420 ut

637 1462 793 1528 dieis
842 1483 1074 1529 avarus
1124 1470 1189 1528 et
1239 1462 1571 1547 superbus.
1622 1460 1838 1527 Sehol.
1885 1460 2063 1542 A(2)
2088 1461 2184 1544 (3)
2223 1467 2288 1527 et
2326 1460 2378 1526 B
2419 1461 2496 1527 de
2535 1462 2862 1528 schemate
2905 1461 3042 1528 Do-

634 1571 769 1634 nati
814 1576 986 1634 sunt.

725 1675 885 1742 Ibid.
938 1675 1204 1741 51—59
1274 1675 1400 1742 Sex
1462 1674 1705 1741 scholia
1753 1676 2048 1741 breviora
2093 1675 2330 1742 Donati
2375 1678 2438 1741 in
2493 1677 2566 1741 A.
2705 1674 2907 1741 Deest
2956 1675 3035 1754 B,

638 1785 750 1869 qui
790 1789 1007 1849 eontra
1052 1781 1133 1848 ad
1182 1781 1263 1848 61
1317 1781 1551 1848 Donati
1600 1779 1800 1848 schol.
1849 1782 2113 1847 exhibet
2155 1781 2433 1868 longius.

726 1887 888 1954 Ibid.
940 1887 1027 1954 62
1096 1887 1394 1970 Α(1)(2)
1450 1889 1673 1955 brevia
1720 1887 1973 1954 Donati.
2038 1886 2093 1951 B
2139 1890 2370 1954 tritum
2416 1886 2585 1953 illud
2633 1886 3034 1975 magistelli:

640 1994 789 2073 „id”
842 2016 956 2080 pro
1002 1995 1081 2060 ob
1128 1994 1196 2059 id
1228 1995 1294 2076 ¹).

728 2100 886 2165 Ibid.
937 2100 1044 2179 64,
1098 2099 1203 2179 65,
1256 2099 1341 2166 66
1417 2102 1471 2165 Α
1526 2107 1832 2188 quattuor
1879 2101 2100 2166 brev-ia
2149 2099 2406 2166 Donat-i.
2479 2100 2531 2166 B
2580 2101 2905 2167 rhetorica
2951 2099 3034 2166 ad

642 2205 729 2271 64
776 2213 839 2272 et
890 2205 974 2272 66
1000 2208 1073 2288 ²).

729 2311 891 2378 Ibid.
942 2311 1024 2379 67
1096 2313 1231 2378 Ph.
1297 2312 1478 2380 Itane
1529 2313 1788 2380 tandem
1835 2333 2102 2399 quaeso,
2153 2315 2480 2400 virginem
2528 2335 2677 2381 eum
2725 2313 3028 2392 duxeris,

638 2419 998 2485 mercedem
1046 2419 1209 2486 dare·
1238 2419 1344 2486 lex
1389 2421 1570 2486 iubet
1614 2423 1676 2485 ei
1722 2427 1912 2506 atque
1959 2419 2297 2486 amittere?

727 2526 784 2592 A
831 2526 998 2593 Bene
1041 2527 1446 2607 „amittet-&2
1489 2529 1641 2614 quia
1678 2526 1822 2592 finis
1862 2527 2235 2615 cupiditatis
2282 2529 2633 2594 amissio
2681 2533 2797 2595 est.
2941 2526 3029 2593 Et

636 2655 747 2721 per
793 2654 859 2698 se
906 2640 970 2699 et
1016 2634 1135 2700 hoe
1180 2632 1318 2700 loeo
1364 2637 1520 2699 satis
1567 2634 1915 2700 absurdum
1928 2656 1946 2715 ς
1997 2635 2319 2722 significat
2357 2638 2528 2700 enim
2577 2636 3026 2721 repudiare.

725 2739 911 2805 Ibid.·
940 2740 1025 2807 68
1113 2741 1289 2821 Α(1)
1352 2740 1652 2828 Longum
1717 2747 1782 2806 et
1843 2744 2176 2829 integrum
2223 2740 2478 2808 Donati.
2593 2742 2690 2824 (2)
2737 2742 3030 2808 Rhetori-

636 2870 785 2914 eum
814 2846 885 2930 ³).
952 2847 1142 2914 Vides
1188 2850 1399 2937 igitur
1444 2855 1784 2933 utramque
1831 2851 2062 2914 seriem
2107 2850 2306 2915 etiam
2354 2849 2701 2917 rhetoricas
2747 2852 3028 2935 interpo-

632 2954 905 3021 lationes
951 2961 1185 3028 tenere.
1255 2954 1309 3019 B
1358 2954 1557 3019 deest.

723 3060 885 3126 Ibid.
936 3059 1022 3127 70
1070 3067 1136 3127 et
1184 3061 1270 3129 72
1340 3063 1398 3126 A
1446 3060 1572 3126 duo
1618 3062 1840 3129 brevia
1885 3060 2140 3127 Donati.

725 3166 887 3233 Ibid.
940 3165 1023 3233 73
1091 3166 1239 3235 Sine
1288 3167 1476 3234 modo

727 3274 903 3355 Α(1)
974 3273 1150 3339 Haec
1218 3276 1527 3341 minantis
1594 3280 1750 3339 sunt
1817 3276 2032 3343 verba.
2171 3276 2268 3360 (2)
2338 3275 2508 3343 Bene
2569 3278 2864 3341 imitatus
2929 3280 3024 3339 est

636 3379 904 3479 modum
953 3383 1422 3447 comminantis.
1540 3381 1644 3447 IP
1691 3382 1810 3448 hoc
1855 3380 1957 3448 illi
2004 3403 2119 3469 pro
2165 3389 2517 3469 aug-mento
2565 3381 2880 3451 addidisse
2929 3383 3022 3449 vi-

637 3486 845 3552 detur.

728 3593 781 3658 B
844 3592 970 3658 duo
1017 3593 1239 3659 brevia
1286 3596 1587 3679 genuina.

726 3699 887 3765 Ibid.
933 3698 1015 3767 75
1087 3700 1144 3764 A
1193 3699 1586 3766 rhetoricum
1633 3704 1950 3788 spurium.
2048 3702 2099 3767 B
2140 3702 2266 3770 duo
2303 3705 2604 3791 genuina.
2703 3702 2786 3770 76
2827 3710 2894 3769 et
2937 3700 3019 3769 '78

638 3809 693 3873 A
740 3805 1184 3873 scholium-,ula
1228 3808 1487 3872 ineerta.

726 3914 886 3980 Ibid.
933 3911 1015 3979 79
1081 3912 1296 3997 Dem.
1478 3935 1629 3979 eum
1669 3936 1868 3981 uxore
1906 3916 2023 3981 hae
2061 3918 2278 4002 ipsum
2318 3916 2664 4002 prohibebo
2703 3916 2894 3983 domo

1073 4021 1208 4087 Ph.
1258 4019 1358 4086 ΤΠ
1406 4025 1470 4087 te
1516 4021 1691 4087 idem
1740 4021 1973 4089 melius
2019 4023 2239 4089 feceris

702 4304 757 4363 1)
792 4302 867 4353 Cf.
904 4304 1087 4351 Mnem.
1123 4304 1307 4352 XXXII
1343 4320 1389 4369 p.
1431 4304 1527 4353 308
1565 4304 1676 4353 adn.

699 4386 756 4450 2)
794 4385 867 4433 Cf.
908 4386 1088 4434 Mnem.
1126 4386 1339 4435 XXXIII
1378 4404 1423 4452 p.
1460 4388 1574 4436 246.

702 4470 757 4534 8)
800 4468 905 4517 Hoc
938 4468 1243 4517 inserendum
1275 4469 1327 4518 in
1368 4470 1549 4521 Mnem.
1588 4470 1800 4519 XXXIII
1833 4486 1880 4536 p.
1917 4470 2016 4520 246
2049 4476 2155 4537 post
2191 4472 2271 4523 66.
