3246 5085
1236 353 1555 406 nonnus.
2462 335 2599 405 243

217 525 558 603 intellexit,
600 545 750 590 cum
787 526 856 589 in
897 523 992 606 (2)
1025 543 1138 609 per
1181 521 1388 600 „Sed”
1429 527 1847 610 impugnaret
1880 521 2142 588 effatum
2170 521 2403 588 Donati
2428 521 2600 608 quod

221 633 328 696 hoc
385 635 608 717 ipsum
653 633 940 696 continet
987 626 1155 714 quod
1204 628 1494 694 dicturus
1539 637 1656 694 est.
1720 628 2094 695 Differentia
2138 628 2233 708 (3)
2280 634 2396 694 aut
2441 632 2605 694 eius-

223 738 350 803 dem
413 745 516 802 est
560 747 676 803 aut
726 736 890 802 alius
937 737 1271 823 magistri,
1319 737 1420 799 uti
1467 738 1667 800 etiam
1715 736 1831 816 (4).
1902 735 2115 800 Schol.
2166 735 2261 816 (6)
2308 756 2459 800 cum
2508 734 2603 815 (5)

222 843 732 930 coniungendum
781 843 1060 919 videtur,
1107 845 1294 906 cuius
1341 840 1905 927 amplificationem
1953 841 2269 928 quandam
2322 842 2604 908 exhibet.

221 950 656 1037 Interpretatio
719 948 816 1028 (7)
881 949 1218 1013 arbitraria
1279 959 1409 1026 est,
1459 955 1524 1012 et
1571 949 1669 1030 (8)
1717 949 1927 1014 denuo
1974 953 2041 1013 in
2089 952 2467 1014 memoriam
2516 969 2606 1012 re-

223 1065 394 1122 vocat
463 1077 628 1142 quae
699 1053 1120 1141 Interpolator
1183 1075 1377 1140 supra
1437 1055 1515 1120 de
1577 1055 1973 1121 militaribus
2036 1056 2247 1121 verbis
2294 1053 2606 1142 protulit,

227 1172 572 1250 praeterea,
637 1165 735 1229 uti
794 1167 985 1227 antea
1047 1159 1321 1238 alicubi,
1371 1162 1491 1227 hoc
1555 1182 1809 1248 quoque
1857 1161 1995 1227 loco
2044 1165 2281 1247 partim
2330 1162 2608 1227 concinit

227 1291 362 1335 cum
406 1268 820 1356 EugraphiO,
869 1276 934 1332 et
979 1266 1202 1333 eodem
1250 1267 1427 1333 fonte
1477 1289 1633 1333 usus
1678 1289 1813 1334 esse
1860 1267 2134 1333 videtur.

305 1376 465 1441 Ecce
527 1374 698 1461 quod
745 1395 970 1440 censeo
1015 1372 1094 1437 de
1145 1373 1392 1438 difficili
1439 1373 1831 1439 scholiorum
1878 1373 2166 1462 sylloge,
2214 1395 2340 1438 non
2388 1381 2607 1438 tamen

224 1484 333 1560 ita,
377 1489 458 1547 ιιι
505 1482 672 1546 mihi
718 1501 978 1567 prorsus
1017 1479 1428 1545 satisfaciam.
1489 1480 1635 1546 Hoc
1665 1487 1913 1546 constat
1946 1478 2402 1548 Commentum
2436 1499 2611 1564 prae-

225 1595 314 1652 ter
351 1587 454 1653 IP
503 1589 580 1654 ab
628 1586 774 1652 aliis
821 1607 960 1652 esse
1004 1585 1510 1672 interpolatum,
1556 1593 1671 1672 qui
1716 1585 1959 1652 scholia
2000 1606 2115 1651 sua
2153 1586 2295 1670 ((4)
2332 1583 2402 1668 (7
2442 1580 2608 1666 (8)?)

227 1695 479 1760 fortasse
537 1697 608 1759 in
661 1696 954 1781 margine
1001 1693 1282 1758 Editoris
1329 1693 1831 1780 adscripserant,
1884 1693 2053 1758 unde
2100 1699 2310 1758 totum
2360 1712 2611 1777 compo-

227 1804 350 1866 suit
395 1801 816 1888 compilator.

304 1907 464 1973 Ibid.
513 1907 601 1973 29
669 1904 941 1972 Postulo
1000 1911 1078 1971 ιιι
1138 1905 1304 1970 mihi
1367 1913 1479 1972 tua
1539 1905 1771 1972 domus
1834 1913 1898 1972 te
1954 1913 2287 1994 praesente
2348 1907 2609 1972 absente
2694 1961 2701 1970 .

229 1993 814 2098 pateat,‘iuvocato
860 2017 936 2077 ιιι
983 2013 1071 2076 sit
1113 2010 1294 2077 locus
1341 2033 1592 2098 semper

311 2120 473 2186 Don.
536 2121 636 2201 (1)
701 2117 1083 2198 „Invocato”
1130 2140 1258 2184 non
1304 2126 1566 2197 vocate,
1613 2119 1682 2183 id
1726 2124 1827 2184 est
1876 2119 2267 2197 αὐτομάτως.
2326 2157 2403 2169 -
2459 2118 2611 2197 „in”

238 2228 465 2292 etenim
511 2233 576 2292 et
623 2233 820 2313 auget
865 2232 929 2291 et
975 2227 1216 2290 minuit
1264 2225 1610 2291 dictionem
1646 2225 1713 2306 ¹).
1763 2263 1849 2275 -—
1896 2226 2014 2292 Ed.
2063 2226 2161 2308 (2)
2208 2225 2382 2292 Male
2426 2225 2615 2292 intel-

233 2331 439 2420 ligunt
485 2334 881 2420 precibus
929 2339 1262 2412 vocat0,
1311 2354 1462 2398 cum
1511 2335 1598 2398 sit
1647 2335 1729 2414 τῷ
1777 2336 2115 2415 αὐτομάτῳ
2161 2333 2227 2398 id
2274 2339 2372 2399 est
2418 2334 2611 2400 etiam

237 2461 348 2504 non
409 2443 721 2507 invitato:
787 2441 944 2524 quin
1006 2436 1180 2505 ultro
1241 2442 1459 2505 venire
1509 2439 1735 2504 debeat
1778 2442 1848 2504 in
1895 2460 2079 2505 suam
2129 2439 2417 2506 domum.

233 2546 511 2613 Imitatio
587 2546 824 2611 Donati
889 2544 1095 2611 libera
1159 2552 1224 2611 et
1292 2553 1623 2632 suspectae
1694 2545 2135 2613 Latininitatis
2204 2550 2432 2633 („quin
2507 2594 2523 2611 .
2554 2593 2570 2612 .
2598 2594 2614 2611 .

235 2652 446 2720 debeat
495 2704 512 2720 .
543 2702 558 2719 .
589 2700 606 2719 .
654 2652 934 2737 suam’').

317 2758 475 2826 Ibid.
527 2758 613 2825 33
639 2759 738 2839 (3)
807 2757 967 2823 Vide
1011 2780 1206 2845 supra
1258 2782 1321 2846 p.
1377 2759 1482 2825 13.
2134 2802 2147 2813 -

313 2865 471 2931 Ibid.
521 2866 608 2931 34
679 2864 748 2931 Si
817 2871 881 2931 te
941 2868 1010 2929 in
1070 2865 1284 2951 platea
1337 2865 1651 2932 offendero
1700 2866 1817 2932 hac
1862 2871 2003 2953 post
2052 2886 2396 2952 umquam,
2447 2862 2616 2952 quod

237 2971 399 3038 dicas
441 2973 645 3038 mihi:
699 2970 967 3050 „Alium
1017 2972 1401 3057 quaerebam
1427 3020 1443 3051 ,
1490 2975 1616 3038 iter
1664 2974 1781 3038 hac
1828 2972 2093 3051 habui’',
2143 2975 2392 3059 periisti

317 3080 412 3160 (2)
459 3082 592 3144 Aut
639 3080 846 3157 deest,
895 3099 1022 3143 non
1071 3080 1332 3158 <est>”‘
1388 3086 1462 3144 ut
1509 3082 1594 3144 sit
1645 3101 1811 3157 „non
1858 3089 1955 3145 est
2004 3077 2173 3166 quod
2220 3079 2389 3144 dicas
2428 3078 2615 3157 mihi,

241 3186 324 3267 [id
385 3194 482 3251 est
541 3184 708 3250 nihil
767 3188 894 3267 est]
919 3205 936 3263 ;
987 3190 1101 3250 aut
1152 3207 1253 3271 „q.
1299 3186 1357 3251 d.
1401 3186 1535 3251 m.''
1586 3207 1701 3272 pro
1752 3194 1867 3265 „ut
1914 3186 2085 3253 dicas
2134 3185 2365 3264 mihi’',
2412 3192 2489 3251 ut
2533 3188 2619 3251 sit

245 3292 483 3377 „quod”
541 3314 656 3379 pro
722 3289 908 3369 „ut'’.
961 3329 1044 3340 —
1093 3300 1208 3357 aut
1274 3292 1528 3378 „quod”
1595 3313 1709 3379 pro
1775 3291 1973 3378 „quid
2024 3294 2263 3371 enim”,
2329 3299 2454 3374 <ut
2498 3294 2616 3357 sit:

242 3399 384 3483 quid
429 3402 652 3474 enim>
705 3398 878 3463 dicas
924 3398 1110 3464 mihi.
1160 3436 1246 3447 -
1291 3398 1559 3466 Certum
1607 3404 1706 3465 est
1754 3406 1974 3465 autem
2024 3406 2269 3466 veteres
2314 3402 2405 3465 sic
2452 3398 2623 3465 locu-

247 3512 334 3571 tos
377 3527 532 3572 esse.
1730 3498 1757 3519 ‘

323 3612 427 3679 Sic
473 3612 763 3678 Donatus
807 3614 1024 3677 minus
1071 3619 1241 3679 recte
1280 3619 1357 3679 ut
1395 3612 1683 3679 vidimus
1722 3634 1917 3699 supra
1956 3633 2017 3698 p.
2046 3612 2178 3677 229
2204 3612 2281 3678 ad
2306 3611 2391 3677 IV
2421 3610 2480 3677 ’7.
2511 3610 2615 3676 15.

244 3714 529 3785 Ceterum
579 3718 816 3785 seclusi
863 3718 1182 3785 emblema
1229 3728 1294 3785 et
1341 3727 1667 3806 praeterea
1711 3717 2270 3804 interpolationem
2310 3718 2385 3783 de
2426 3720 2622 3803 signi-

243 3823 517 3891 ficatione
563 3832 670 3890 τοῦ
725 3826 924 3911 „quid
971 3826 1209 3904 enim”,
1259 3848 1451 3912 quam
1500 3827 1683 3892 Aelio
1729 3829 2051 3912 imputare
2096 3828 2343 3890 veritus
2390 3845 2557 3889 sum.

323 3932 478 3998 Ibid.
531 3932 616 3997 35
689 3932 916 3998 Alium
965 3933 1349 4019 quaerebam

327 4039 424 4117 (1)
483 4039 617 4104 Αιιι
683 4037 972 4115 „alium”
1038 4061 1150 4125 pro
1215 4038 1619 4125 „quendam”
1685 4041 1938 4124 posuit,
2000 4044 2077 4101 ut
2135 4039 2253 4102 sit:
2303 4038 2620 4123 quendam

249 4147 650 4230 quaerebam,
700 4144 764 4210 id
810 4152 906 4210 est
951 4145 1270 4231 aliquem;
1320 4152 1434 4211 aut
1475 4184 1558 4195 -
1607 4143 1894 4219 „alium”
1936 4145 2054 4209 hoc
2092 4152 2221 4209 est:
2264 4166 2388 4210 non
2428 4166 2623 4230 quem

249 4260 462 4338 putas,
508 4255 624 4319 hoc
670 4262 769 4318 est
817 4251 1075 4335 [alium]
1125 4274 1248 4317 non
1295 4252 1649 4331 Thaidem,
1694 4288 1771 4300 —
1816 4251 1925 4317 sed
1964 4254 2021 4315 si
2064 4250 2341 4328 „aliam”
2385 4251 2623 4316 diceret

221 4456 232 4463 ο
309 4483 376 4547 1)·
403 4483 468 4529 De
499 4481 586 4531 hoe
619 4480 902 4532 emblemate
936 4480 1042 4530 vide
1077 4495 1222 4545 snpra
1256 4496 1286 4545 p
1338 4480 1438 4529 200
1473 4480 1532 4529 ad
1569 4478 1622 4527 11
1661 4478 1709 4529 3.
1727 4482 1791 4528 45
1812 4480 1909 4543 (3).

1034 4602 1068 4619 ’ἢ
