3246 5085
1357 347 1737 399 rmromox.
2154 418 2161 425 .
2348 281 2353 286 ἢ
2608 332 2735 400 165

337 512 485 579 Non
546 515 766 579 minus
827 513 1088 579 evidens
1151 520 1250 580 est
1310 536 1372 600 p.
1426 512 1668 579 409A:
1733 514 1846 580 ubi
1910 514 1987 581 de
2032 484 2388 582 derivando
2428 514 2739 582 vocabulo

332 618 547 692 Ἥλιος
617 623 710 687 ita
779 619 968 686 Plato
1037 622 1384 707 praecipit:
1449 623 1660 686 Ἔοικε
1725 622 1919 686 τοίνυν
1988 621 2341 697 κοιτοὲδηλον
2406 624 2735 702 γενόμενον

338 732 589 804 μᾶλλον
639 728 690 792 εἶ
740 728 822 807 τῷ
876 729 1119 808 Δωρικῷ
1161 751 1252 800 τις
1292 727 1550 805 ὀνόματι
1592 730 1794 809 χρῷτο
1836 725 2095 811 [ἅλιον
2137 730 2291 810 γὰρ
2334 734 2734 795 καλοῦσιν

337 835 408 899 οἱ
452 838 841 917 Δωριεῖς]
884 832 1184 900 Potestne
1225 833 1546 899 emblema
1578 855 1715 900 esse
1754 832 2075 920 apertius?
2115 833 2213 900 Ne
2236 836 2489 901 mireris
2513 842 2734 903 autem

335 943 406 1005 in
455 941 753 1006 omnibus
801 940 1124 1006 codicibus
1170 942 1404 1007 nostris
1451 947 1515 1006 et
1561 941 1718 1007 haec
1764 946 1831 1007 et
1875 940 2003 1007 alia
2041 962 2166 1007 non
2206 944 2425 1008 minus
2463 942 2737 1010 absurda

309 1047 523 1113 addi:
587 1046 887 1133 pleraque
946 1034 1336 1133 glossemata
1397 1048 1701 1113 omnibus
1748 1047 2075 1113 codicibus
2122 1054 2275 1114 sunt
2318 1048 2531 1115 multo
2576 1053 2738 1116 anti-

337 1155 590 1241 quiora:
633 1152 782 1219 vide
821 1150 1327 1219 Stallbaumium
1364 1156 1615 1241 ipsum,
1656 1156 1767 1240 qui
1806 1153 1929 1220 hoc
1952 1152 2294 1220 confitetur
2316 1154 2395 1221 ad
2420 1179 2481 1242 p.
2510 1155 2642 1221 410
2657 1156 2730 1223 Β.

335 1260 464 1326 Sed
536 1258 922 1326 Hartmanni
984 1258 1325 1345 peculiaris
1395 1264 1492 1325 est
1559 1259 1637 1324 de
1697 1257 2103 1325 emblematis
2164 1260 2390 1327 doctus
2449 1260 2730 1329 libellus.

334 1364 770 1431 Luculentum
833 1368 900 1431 in
961 1368 1182 1451 paucis
1227 1364 1600 1452 exemplum
1646 1366 1909 1450 praebet
1955 1365 2192 1453 duplex
2240 1368 2472 1433 Boethi
2517 1367 2734 1455 glossa

335 1472 506 1560 apud
555 1472 878 1545 ¹Photium
941 1494 1005 1538 v.
1053 1470 1320 1550 ςαθερόν.
1373 1471 1637 1551 Quando
1685 1472 1791 1537 hic
1843 1475 2114 1551 vixerit,
2162 1473 2336 1539 haud
2386 1477 2543 1539 satis
2588 1496 2732 1541 con-

335 1585 501 1657 stat,
539 1578 661 1669 ‚sed
705 1586 968 1665 apparet
1015 1600 1165 1645 eum
1215 1580 1413 1644 fuisse
1459 1579 1721 1645 doctum
1762 1585 1828 1646 et
1873 1586 2247 1645 accuratum
2285 1588 2351 1647 et
2388 1602 2731 1668 usurpasse

333 1690 584 1773 optima
643 1689 710 1751 in
773 1685 1104 1753 scribendo
1173 1685 1505 1771 praesidia.
1554 1685 1812 1751 Invenit
1861 1691 2076 1751 tamen
2121 1690 2189 1752 in
2236 1687 2451 1753 codice
2498 1709 2614 1753 suo
2661 1691 2729 1753 in

332 1793 611 1859 Phaedri
669 1791 809 1859 loco
873 1795 1212 1859 notissimo
1273 1796 1567 1878 ineptum
1628 1791 1795 1858 illud
1858 1792 2212 1872 emblema,
2262 1793 2433 1879 quod
2481 1796 2731 1880 primus

331 1899 759 1966 Ruhnkenius
805 1902 1090 1967 notavit:
1143 1901 1176 1975 ἧ
1226 1899 1297 1971 δὴ
1345 1898 1696 1976 καλουμένη
1746 1900 1997 1979 ςαθεροὲ.

424 2114 678 2181 Norunt
739 2115 868 2179 viri
929 2111 1100 2179 docti
1159 2114 1522 2199 frequenter
1566 2111 1868 2178 confundi
1914 2111 2117 2178 solere
2161 2113 2356 2179 verba
2403 2108 2607 2193 φ’έρειν
2656 2119 2724 2181 et

332 2221 600 2305 τρέφειν.
667 2218 1058 2306 Exemplum
1109 2219 1421 2285 habemus
1469 2242 1531 2304 p.
1579 2218 1711 2283 411
1732 2219 1805 2296 B,
1855 2219 1969 2284 ubi
2014 2218 2089 2284 de
2136 2217 2522 2285 Heracliteis
2567 2218 2727 2308 legi·

329 2349 513 2395 mus:
581 2329 696 2394 ὑπὸ
761 2332 869 2392 τοῦ
936 2327 1142 2392 πυκνὰ
1206 2324 1851 2405 περιςρέφεσθαι
1913 2324 2235 2406 ζητοῦντες
2289 2322 2406 2407 ’ὅπῃ
2453 2323 2585 2407 ἔχει
2638 2328 2723 2391 τοὶ

331 2434 518 2514 ὄντα,
567 2434 664 2499 ἀεὶ
714 2435 1030 2511 immutans
1081 2430 1333 2497 κᾶπειτ’
1382 2434 1592 2503 αὐτοῖς
1644 2431 1943 2506 Φαίνεται
1994 2432 2589 2513 περιφέρεσθαι
2638 2433 2721 2497 τὰ

328 2542 716 2623 πράγματα.
776 2539 948 2606 Fieri
1010 2545 1219 2626 potest
1277 2544 1353 2604 ut
1421 2537 1625 2616 fallar,
1686 2545 1765 2604 ut
1810 2561 2062 2626 semper
2109 2545 2354 2626 potest,
2401 2538 2511 2606 sed
2556 2539 2724 2605 mihi

327 2651 710 2736 compositio
773 2647 944 2713 haud
1005 2649 1160 2712 satis
1224 2645 1431 2712 nitida
1491 2641 1749 2712 videtur
1810 2666 1979 2712 esse:
2040 2649 2168 2733 ipsi
2214 2647 2721 2727 περιςρέφονται,

325 2757 478 2822 hinc
523 2754 599 2821 fit
643 2761 720 2820 ut
765 2758 996 2840 putent
1040 2774 1142 2818 res
1189 2753 1640 2833 περιφέρεσθαι.
1690 2753 1862 2818 Mihi
1907 2773 2113 2818 unum
2160 2753 2433 2818 verbum
2482 2756 2721 2841 requiri

327 2863 587 2929 videtur
635 2867 734 2940 et,
786 2858 1137 2926 dummodo
1184 2859 1528 2924 discrimen
1575 2865 1749 2924 recte
1792 2858 2193 2946 intelligam,
2240 2859 2719 2925 rescribendum

323 2971 448 3035 erit
512 2967 1104 3048 περιφέρεσθαι
1172 2988 1285 3052 pro
1341 2966 1835 3046 περιςρέφεσθοιι.
1899 2965 2043 3030 Non
2106 2986 2309 3052 urgeo
2356 2965 2717 3031 Moeridem

323 3074 646 3161 explicare
711 3074 778 3137 τὸ
845 3074 1135 3150 ἰλιγγιᾶν
1199 3093 1312 3158 per
1360 3072 1829 3151 περιφέρεσθαι,
1876 3093 2025 3137 nam
2069 3074 2134 3137 in
2187 3071 2423 3138 talibus
2469 3075 2715 3140 nemini

321 3180 574 3248 dicendi
637 3183 739 3246 ius
802 3185 902 3245 est
953 3186 1403 3265 praeterquam
1451 3179 1667 3243 Attico
1714 3179 2041 3263 scriptori:
2090 3189 2329 3244 ceteros
2374 3178 2718 3246 discrimen

321 3289 668 3357 violavisse
729 3309 852 3352 non
916 3288 1312 3372 negaverim.
1382 3283 1648 3349 Videtur
1709 3291 1929 3350 autem
1976 3287 2009 3360 ἡ
2059 3283 2361 3364 περιφορὰ
2409 3290 2717 3371 perpetuo

319 3397 460 3462 fieri
507 3401 574 3461 et
618 3416 744 3461 non
784 3413 1028 3460 cessare
1069 3393 1227 3457 dum
1271 3375 1612 3477 aliquoties
1660 3395 1966 3458 iteratur:
2028 3393 2061 3466 ἧ
2115 3394 2446 3471 περιςροφὺ
2498 3401 2720 3459 contra

319 3506 560 3579 cessat,
610 3500 724 3567 ubi
769 3499 850 3566 ad
897 3504 1140 3564 metam
1188 3497 1472 3582 aliquam
1521 3499 1905 3584 pervenerit.
1956 3496 2205 3563 Milites
2247 3497 2714 3577 περιςρέφονται

322 3617 390 3675 et
450 3610 727 3694 pertinet
785 3627 858 3671 ea
903 3627 1002 3670 res
1051 3604 1129 3670 ad
1177 3607 1507 3678 τακτικῆν·
1557 3609 1772 3691 potest
1818 3607 2072 3691 saepius
2121 3604 2197 3669 de
2242 3619 2409 3670 novo
2457 3607 2715 3671 institui

320 3718 388 3781 in
451 3735 643 3780 usum
706 3719 771 3779 et
817 3713 1343 3778 exercitationem
1390 3713 1716 3787 tironum,
1766 3733 1889 3776 non
1938 3715 2149 3797 potest
2195 3717 2505 3797 perpetuo
2554 3711 2712 3777 fieri.

322 3822 514 3886 Astra
557 3826 776 3886 contra
824 3818 1214 3898 περιφέρεται
1269 3824 1334 3883 et
1381 3815 1565 3882 Ixion
1602 3817 1775 3902 apud
1811 3818 2067 3883 inferos.
2117 3817 2242 3897 Qui
2284 3815 2713 3896 περιφέρονται

317 3928 671 3992 necessario
735 3927 1084 4004 ἱλιγγιῶσι,
1148 3926 1260 4009 qui
1308 3922 1774 4003 περιςρέΦοντοιι
1824 3946 1948 3990 non
1995 3926 2177 3989 item.
2226 3923 2422 3989 Recte
2476 3925 2544 3988 in
2592 3923 2715 4012 Ly-

317 4033 436 4100 sid.
503 4055 566 4118 p.
633 4030 876 4100 207A:
950 4028 1461 4110 περιςρεφόμενος
1528 4031 1707 4106 θαμὰ
1776 4031 2180 4094 ἐπεσκοπεῖτο
2248 4033 2453 4108 ἡμᾶς,
2516 4033 2713 4096 nimis

315 4141 486 4206 foret
531 4137 884 4204 ridiculum
935 4136 1427 4217 περιφερόμενος.
1475 4135 1655 4202 Haec
1702 4139 1759 4201 si
1809 4157 1957 4202 vera
1997 4142 2184 4214 sunt,
2232 4144 2495 4222 apparet
2543 4137 2713 4224 quod

315 4247 488 4323 dixi,
536 4266 706 4310 nunc
731 4246 819 4336 ‘in
869 4242 1135 4330 Cratylo
1186 4241 1613 4322 περιφέρεσθαι
1661 4240 1951 4308 Platonis
1996 4263 2265 4309 manum
2310 4263 2467 4308 esse.

409 4457 571 4523 Ibid.
637 4480 699 4544 p.
752 4455 988 4522 414B:
1054 4458 1202 4520 ἀλλ’
1269 4456 1333 4521 οὐ
1396 4455 1523 4536 γὰρ
1588 4457 2075 4528 ἐπισκοπεῖς
2140 4480 2224 4532 με
2284 4453 2483 4535 ὥσπερ
2534 4456 2706 4528 ἐκτὸς
