3246 5085
1215 357 1530 411 nonnus.
2482 337 2569 410 33

285 529 450 594 Ibid.
495 527 580 594 48
605 530 703 609 (2)
750 528 836 592 Et
877 529 1032 593 bene
1074 528 1410 607 „credam”
1452 528 1800 594 secundum
1838 527 2004 593 illud
2041 534 2161 608 (vs.
2203 527 2319 609 21)
2353 532 2577 613 „potin

196 640 294 699 est
336 634 444 699 hic
481 638 686 699 tacere
705 631 773 697 ?''

289 739 653 805 Absurdam
702 737 1074 804 relationem
1120 739 1199 804 ad
1207 760 1338 826 με.
1389 738 1471 802 21
1523 741 1753 804 merito
1799 742 2173 825 proscripsit
2218 739 2448 806 Sabb.

296 845 456 909 Ibid.
527 844 614 909 50
636 844 732 924 (1)
795 843 978 920 ,,Ηο0
1038 844 1257 930 agite''
1320 865 1435 928 pro
1481 843 1782 910 adverbio
1828 848 2229 930 corripientis
2278 852 2372 910 est
2419 849 2582 931 posi-

197 960 337 1015 tum
364 998 381 1027 ,
434 986 516 998 --
567 958 681 1015 aut
740 955 908 1014 certe
968 970 1083 1035 pro
1129 949 1568 1015 adhortatione
1615 951 1972 1016 audientiae
2023 952 2438 1036 praebendae;
2491 953 2580 1015 sic

202 1055 477 1120 Plautus
541 1055 744 1134 (Asin.
809 1053 967 1140 prol.
1037 1055 1101 1135 1)
1165 1054 1324 1132 „hoc
1387 1058 1559 1141 agite
1621 1055 1677 1120 si
1724 1055 1944 1134 vultis,
1993 1056 2445 1142 spectatores”.
2497 1093 2579 1105 —

201 1161 301 1242 (2)
362 1166 428 1225 et
489 1163 788 1226 convenit
849 1159 1057 1226 veluti
1116 1168 1282 1225 nutu
1341 1160 1734 1226 audientiam
1798 1160 2218 1246 significantis
2281 1168 2346 1226 et
2391 1168 2583 1248 gestu

207 1267 582 1351 hoc.ipsum
620 1265 936 1331 adiuvari.
983 1303 1068 1314 —
1118 1264 1216 1344 (3)
1256 1264 1329 1329 Id
1368 1271 1498 1330 est:
1539 1265 1704 1330 illud
1730 1266 1999 1332 desinite
2024 1272 2088 1331 et
2112 1268 2230 1332 hoc
2253 1266 2581 1332 attendite.

294 1369 858 1456 Interpolationem
915 1369 1198 1436 Editor-is
1255 1371 1534 1438 indicavi
1593 1371 1879 1450 lineolis,
1951 1375 2189 1457 partim
2249 1372 2582 1438 confictam

195 1498 281 1546 ex
344 1476 460 1557 (2),
530 1478 772 1561 partim
834 1497 868 1541 e
930 1475 1090 1541 Don.
1154 1476 1232 1541 ad
1297 1477 1490 1541 Andr.
1552 1477 1583 1541 I
1645 1477 1961 1559 2.15(1),
2028 1479 2137 1543 ubi
2200 1482 2437 1543 citatur
2480 1479 2585 1543 hic

203 1582 385 1646 locus
447 1587 512 1645 et
560 1580 932 1666 exemplum
979 1580 1232 1660 Plauti,
1282 1603 1353 1646 ac
1396 1588 1618 1669 gestus
1664 1585 1755 1648 sic
1802 1582 2134 1648 definitur:
2185 1583 2587 1649 Demonstra-

204 1690 342 1753 tive
387 1686 572 1753 velut
620 1707 842 1752 aurem
887 1707 1071 1751 suam
1117 1692 1405 1773 tangens.

294 1792 504 1858 Schol.
569 1792 665 1872 (3)
737 1801 836 1858 est
905 1814 983 1857 ex
1053 1793 1508 1859 additamentis
1577 1815 1691 1879 per
1748 1795 1819 1858 id
1878 1802 1967 1858 est
2026 1797 2169 1859 sim.
2234 1794 2309 1860 de
2358 1797 2589 1880 quibus

201 1905 458 1985 postea3
509 1899 951 1984 suppeditavit
995 1899 1114 1963 hoc
1160 1899 1424 1964 fort-asse
1471 1899 1640 1984 quod
1687 1899 1764 1964 D.
1820 1899 1993 1964 dedit
2038 1899 2099 1963 II
2148 1899 2208 1965 3.
2238 1897 2323 1965 5¹7
2348 1899 2463 1980 (5).

297 2002 511 2088 Igitur
571 2002 668 2084 (1)
717 2011 782 2068 et
828 2003 924 2083 (2)
970 2002 1170 2068 schol.
1221 2006 1599 2069 continuum
1647 2003 1723 2070 D.
1798 2003 2027 2069 Sabb.
2076 2025 2406 2089 perperam
2456 2025 2593 2088 pro-

205 2111 461 2193 scripsit
507 2106 624 2186 (2).

298 2212 463 2277 Ibid.
509 2211 594 2276 59
642 2213 713 2278 Si
762 2212 950 2279 fidem
1001 2214 1224 2279 habeat

300 2317 396 2397 (2)
457 2318 599 2383 Hoc
646 2324 745 2382 est
792 2321 848 2383 si
899 2319 1127 2383 faciam
1181 2318 1460 2404 aliquid,
1508 2321 1677 2385 unde
1726 2320 1939 2385 credat
1988 2342 2054 2385 se
2104 2321 2223 2386 tibi
2270 2322 2591 2405 praeponi.

203 2424 314 2489 Sic
376 2424 476 2501 D„
547 2426 729 2488 cuius
795 2424 1248 2508 compendium
1312 2424 1486 2489 dedit
1545 2429 1856 2511 magister
1917 2425 2151 2509 aliquis
2211 2429 2313 2491 in:
2378 2423 2473 2505 (3)
2538 2427 2590 2489 si

204 2530 460 2596 credere
522 2534 810 2615 cogatur.
949 2531 1292 2614 Sequitur:
1357 2528 1454 2611 (4)
1512 2529 1586 2595 Id
1648 2538 1745 2596 est
1789 2534 1846 2595 si
1891 2530 2139 2597 credat:
2187 2531 2354 2596 unde
2399 2529 2597 2595 fide-

202 2637 488 2699 iussor
536 2635 790 2713 dicitur,
841 2637 959 2700 hoc
999 2642 1098 2700 est
1139 2642 1359 2701 auctor
1395 2636 1711 2701 credendi.
1807 2639 2096 2722 Agnosco
2136 2637 2256 2715 IP,
2300 2638 2375 2703 de
2414 2640 2597 2702 cuius

206 2743 450 2826 etymis
512 2746 576 2805 et
638 2741 982 2805 verborum
1032 2741 1508 2807 definitionibus
1557 2741 1702 2807 vide
1748 2742 2196 2827 exemplorum
2242 2746 2469 2807 seriem
2518 2741 2599 2807 ad

212 2844 405 2910 Andr.
469 2848 536 2909 in
601 2846 846 2910 Mnem.
911 2846 1168 2910 XXXII
1229 2868 1289 2930 p.
1343 2846 1474 2911 219
1501 2868 1637 2932 sqq.
1776 2848 1983 2911 Miror
2027 2846 2259 2912 Sabb.
2308 2850 2598 2913 reiecisse

210 2956 578 3015 accuratam
625 2949 860 3015 Donati
905 2954 1496 3035 interpretationem
1544 2953 1608 3014 in
1658 2951 1753 3031 (2)
1803 2958 1867 3016 et
1906 2953 2199 3035 probasse
2238 2951 2335 3032 (3)
2374 2960 2438 3017 et
2481 2952 2597 3032 (4).

310 3053 472 3119 Ibid.
523 3053 609 3121 '70
635 3077 726 3140 sq.
776 3055 1016 3121 Adiuta
1061 3077 1202 3133 me,
1239 3078 1378 3141 ,quo
1421 3057 1488 3121 id
1535 3056 1647 3121 fiat
1693 3056 1982 3122 facilius:
2033 3057 2183 3123 Sine
2230 3057 2423 3123 illum
2474 3059 2601 3143 pri-

217 3182 358 3227 ores
403 3167 615 3246 partes
661 3161 850 3226 hosce
897 3160 1141 3247 aliquot
1186 3160 1319 3226 dies
1366 3162 1536 3247 apud
1585 3184 1690 3227 me
1737 3162 1967 3228 habere

311 3265 471 3332 Don.
526 3264 605 3331 71
635 3267 733 3347 (1)
781 3266 1021 3332 Blande
1072 3269 1247 3343 „sine
1291 3266 1550 3347 illum'',
1598 3275 1931 3353 tamquam
1978 3271 2043 3332 in
2094 3290 2289 3333 manu
2336 3272 2474 3333 eius
2517 3271 2603 3332 sit

214 3374 528 3437 iniuriam
573 3393 699 3436 non
745 3374 880 3456 pati
927 3379 992 3436 et
1030 3371 1283 3436 excludi
1322 3372 1616 3437 militem.
1757 3372 2021 3438 Addidit
2060 3373 2159 3437 IP
2196 3395 2308 3459 per
2345 3396 2463 3438 non
2498 3374 2606 3437 sed

215 3479 508 3562 ineptam
570 3476 632 3541 h.
680 3475 724 3539 1.
788 3475 1244 3541 differentiam:
1307 3498 1432 3542 non
1481 3480 1654 3543 enim
1703 3477 1866 3542 dixit
1916 3477 2091 3555 „fer”
2139 3485 2252 3542 aut
2302 3476 2601 3563 „patere”

217 3582 334 3647 sed
382 3580 627 3659 ‚,sine''.

317 3684 416 3749 Ex
476 3706 552 3751 eo
613 3685 781 3770 quod
831 3688 1122 3770 sequitur
1168 3685 1429 3751 Donati:
1479 3687 1576 3766 (2)
1626 3688 1913 3753 Honeste
1960 3686 2492 3771 circumloquitur
2538 3691 2606 3751 et

219 3792 532 3866 oratorie,
601 3810 680 3854 ne
743 3789 912 3854 dicat
979 3790 1124 3865 „abi
1185 3789 1392 3855 foras'’
1455 3798 1647 3876 atque
1710 3791 2007 3869 „excludi
2054 3796 2116 3856 te
2164 3791 2443 3875 patere'',
2507 3789 2607 3854 IP

225 3896 415 3960 finxit
477 3892 564 3960 70
588 3892 688 3978 (2)
749 3894 922 3959 Mira
981 3898 1256 3959 coactio:
1322 3918 1481 3981 „pro
1542 3903 1761 3981 patere
1802 3894 2100 3961 excludi''
2153 3893 2414 3973 „adiuta
2458 3893 2605 3959 me'’

223 4000 411 4065 dixit.
2349 3998 2415 4064 S.
2462 4020 2514 4066 c.

324 4102 486 4168 Ibid.
539 4100 623 4168 '74
669 4101 952 4169 Tandem
997 4103 1353 4188 perdoluit3
1405 4107 1508 4171 vir
1552 4126 1639 4171 es.

324 4206 486 4273 Don.
546 4207 642 4289 (4)
703 4208 1049 4294 Eleganter
1111 4212 1387 4275 variavit
1446 4230 1777 4294 personas,
1828 4209 2172 4275 secundam
2220 4216 2285 4273 et
2331 4213 2611 4276 tertiam.

228 4312 333 4377 IP
384 4313 590 4377 denuo
637 4317 869 4379 otiose:
929 4312 1025 4399 (5)
1074 4335 1202 4378 non
1251 4315 1494 4400 „puer”
1543 4336 1711 4380 nunc
1758 4336 1860 4393 es,
1910 4314 2019 4380 sed
2064 4318 2197 4379 iam
2249 4316 2455 4392 ,‚vir’',
2504 4319 2616 4401 qui

229 4421 635 4483 meretricem
681 4420 1056 4503 contemnis.
