<?xml version="1.0" encoding="UTF-8"?>
<!DOCTYPE html PUBLIC "-//W3C//DTD XHTML 1.0 Transitional//EN"
    "http://www.w3.org/TR/xhtml1/DTD/xhtml1-transitional.dtd">
<html xmlns="http://www.w3.org/1999/xhtml" xml:lang="en" lang="en">
 <head>
  <title>
</title>
<meta http-equiv="Content-Type" content="text/html;charset=utf-8" />
  <meta name='ocr-system' content='tesseract 3.04.00' />
  <meta name='ocr-capabilities' content='ocr_page ocr_carea ocr_par ocr_line ocrx_word'/>
</head>
<body>
  <div class='ocr_page' id='page_1' title='image "./mnemosynevolume03verdgoog_0171.png"; bbox 0 0 3246 5085; ppageno 0'>
   <div class='ocr_carea' id='block_1_1' title="bbox 1314 343 2683 410">
    <p class='ocr_par' dir='ltr' id='par_1_1' title="bbox 1314 343 2683 410">
     <span class='ocr_line' id='line_1_1' title="bbox 1314 343 2683 410; baseline 0.001 -3"><span class='ocrx_word' id='word_1_1' title='bbox 1314 360 1688 409; x_wconf 68' lang='lat' dir='ltr'>purorum.</span> <span class='ocrx_word' id='word_1_2' title='bbox 2393 377 2397 381; x_wconf 94' lang='lat'>·</span> <span class='ocrx_word' id='word_1_3' title='bbox 2554 343 2683 410; x_wconf 85' lang='lat'>163</span> 
     </span>
    </p>
   </div>
   <div class='ocr_carea' id='block_1_2' title="bbox 296 520 2763 2076">
    <p class='ocr_par' dir='ltr' id='par_1_2' title="bbox 296 520 2763 2076">
     <span class='ocr_line' id='line_1_2' title="bbox 389 520 2687 602; baseline 0.003 -16"><span class='ocrx_word' id='word_1_4' title='bbox 389 520 554 588; x_wconf 88' lang='lat' dir='ltr'>Ibid.</span> <span class='ocrx_word' id='word_1_5' title='bbox 608 521 735 590; x_wconf 86' lang='lat'>117</span> <span class='ocrx_word' id='word_1_6' title='bbox 754 525 830 589; x_wconf 87' lang='lat' dir='ltr'>A.</span> <span class='ocrx_word' id='word_1_7' title='bbox 880 521 1096 595; x_wconf 81' lang='lat' dir='ltr'>Grave</span> <span class='ocrx_word' id='word_1_8' title='bbox 1143 526 1380 591; x_wconf 82' lang='lat' dir='ltr'>vitium</span> <span class='ocrx_word' id='word_1_9' title='bbox 1431 532 1532 591; x_wconf 80' lang='lat' dir='ltr'>est</span> <span class='ocrx_word' id='word_1_10' title='bbox 1574 526 1644 590; x_wconf 89' lang='lat' dir='ltr'>in</span> <span class='ocrx_word' id='word_1_11' title='bbox 1682 546 1751 591; x_wconf 81' lang='lat' dir='ltr'>re</span> <span class='ocrx_word' id='word_1_12' title='bbox 1795 524 1961 591; x_wconf 80' lang='lat' dir='ltr'>levi:</span> <span class='ocrx_word' id='word_1_13' title='bbox 2015 525 2118 591; x_wconf 72' lang='grc' dir='ltr'>καὶ</span> <span class='ocrx_word' id='word_1_14' title='bbox 2170 526 2197 590; x_wconf 98' lang='lat'><em>3</em></span> <span class='ocrx_word' id='word_1_15' title='bbox 2240 534 2389 600; x_wconf 77' lang='grc' dir='ltr'><strong><em>παῖς</em></strong></span> <span class='ocrx_word' id='word_1_16' title='bbox 2435 524 2687 602; x_wconf 71' lang='grc' dir='ltr'><strong><em>ἐξελθὼν</em></strong></span> 
     </span>
     <span class='ocr_line' id='line_1_3' title="bbox 302 628 2687 711; baseline 0.002 -19"><span class='ocrx_word' id='word_1_17' title='bbox 302 628 407 692; x_wconf 72' lang='grc' dir='ltr'>καὶ</span> <span class='ocrx_word' id='word_1_18' title='bbox 459 628 760 710; x_wconf 79' lang='grc' dir='ltr'><strong><em>συχνὸν</em></strong></span> <span class='ocrx_word' id='word_1_19' title='bbox 806 632 1018 711; x_wconf 79' lang='grc' dir='ltr'><strong><em>χρόνον</em></strong></span> <span class='ocrx_word' id='word_1_20' title='bbox 1065 630 1400 711; x_wconf 81' lang='grc' dir='ltr'><strong><em>διατρίψας</em></strong></span> <span class='ocrx_word' id='word_1_21' title='bbox 1446 628 1586 709; x_wconf 76' lang='grc' dir='ltr'><strong><em>ἧκεν</em></strong></span> <span class='ocrx_word' id='word_1_22' title='bbox 1638 630 1811 710; x_wconf 72' lang='grc' dir='ltr'><strong><em>ἄγων</em></strong></span> <span class='ocrx_word' id='word_1_23' title='bbox 1858 634 1961 696; x_wconf 79' lang='grc' dir='ltr'><strong><em>τὸν</em></strong></span> <span class='ocrx_word' id='word_1_24' title='bbox 2005 633 2320 708; x_wconf 79' lang='grc' dir='ltr'><strong><em>μέλλοντα</em></strong></span> <span class='ocrx_word' id='word_1_25' title='bbox 2369 633 2575 698; x_wconf 78' lang='grc' dir='ltr'><strong><em>δώσειν</em></strong></span> <span class='ocrx_word' id='word_1_26' title='bbox 2617 634 2687 698; x_wconf 80' lang='grc' dir='ltr'>τὸ</span> 
     </span>
     <span class='ocr_line' id='line_1_4' title="bbox 299 734 2689 824; baseline 0.003 -25"><span class='ocrx_word' id='word_1_27' title='bbox 299 734 656 813; x_wconf 72' lang='grc' dir='ltr'><strong><em>Φάρμακον.</em></strong></span> <span class='ocrx_word' id='word_1_28' title='bbox 704 735 780 801; x_wconf 89' lang='lat' dir='ltr'>In</span> <span class='ocrx_word' id='word_1_29' title='bbox 814 756 888 801; x_wconf 86' lang='lat' dir='ltr'>ea</span> <span class='ocrx_word' id='word_1_30' title='bbox 925 739 1290 804; x_wconf 87' lang='lat' dir='ltr'>animorum</span> <span class='ocrx_word' id='word_1_31' title='bbox 1333 738 1757 824; x_wconf 79' lang='lat' dir='ltr'>trepidatione</span> <span class='ocrx_word' id='word_1_32' title='bbox 1796 759 1957 824; x_wconf 87' lang='lat' dir='ltr'>puer</span> <span class='ocrx_word' id='word_1_33' title='bbox 1992 760 2143 804; x_wconf 90' lang='lat' dir='ltr'>cum</span> <span class='ocrx_word' id='word_1_34' title='bbox 2182 738 2473 805; x_wconf 82' lang='lat' dir='ltr'>carnifice</span> <span class='ocrx_word' id='word_1_35' title='bbox 2497 742 2689 805; x_wconf 88' lang='lat' dir='ltr'>citius</span> 
     </span>
     <span class='ocr_line' id='line_1_5' title="bbox 296 841 2763 932; baseline 0.003 -27"><span class='ocrx_word' id='word_1_36' title='bbox 296 841 492 907; x_wconf 89' lang='lat' dir='ltr'>rediit</span> <span class='ocrx_word' id='word_1_37' title='bbox 554 863 750 927; x_wconf 86' lang='lat' dir='ltr'>quam</span> <span class='ocrx_word' id='word_1_38' title='bbox 813 865 1036 909; x_wconf 90' lang='lat' dir='ltr'>omnes</span> <span class='ocrx_word' id='word_1_39' title='bbox 1093 844 1433 911; x_wconf 80' lang='lat' dir='ltr'>voluerant</span> <span class='ocrx_word' id='word_1_40' title='bbox 1493 866 1608 911; x_wconf 91' lang='lat' dir='ltr'>nec</span> <span class='ocrx_word' id='word_1_41' title='bbox 1646 848 1883 931; x_wconf 81' lang='lat' dir='ltr'>potuit</span> <span class='ocrx_word' id='word_1_42' title='bbox 1944 846 2218 932; x_wconf 86' lang='lat' dir='ltr'>quidem</span> <span class='ocrx_word' id='word_1_43' title='bbox 2266 848 2375 911; x_wconf 77' lang='lat' dir='ltr'>diu</span> <span class='ocrx_word' id='word_1_44' title='bbox 2436 847 2690 925; x_wconf 85' lang='lat' dir='ltr'>abesse,</span> <span class='ocrx_word' id='word_1_45' title='bbox 2754 864 2763 869; x_wconf 84' lang='lat'>·</span> 
     </span>
     <span class='ocr_line' id='line_1_6' title="bbox 297 950 2690 1039; baseline 0.003 -27"><span class='ocrx_word' id='word_1_46' title='bbox 297 970 449 1013; x_wconf 88' lang='lat' dir='ltr'>nam</span> <span class='ocrx_word' id='word_1_47' title='bbox 513 954 660 1035; x_wconf 89' lang='lat' dir='ltr'>post</span> <span class='ocrx_word' id='word_1_48' title='bbox 721 950 1060 1016; x_wconf 85' lang='lat' dir='ltr'><strong>meridiem</strong></span> <span class='ocrx_word' id='word_1_49' title='bbox 1123 950 1519 1039; x_wconf 81' lang='lat' dir='ltr'>colloquium</span> <span class='ocrx_word' id='word_1_50' title='bbox 1580 954 1792 1018; x_wconf 87' lang='lat' dir='ltr'>fuerat</span> <span class='ocrx_word' id='word_1_51' title='bbox 1837 955 2217 1018; x_wconf 87' lang='lat' dir='ltr'>institutum</span> <span class='ocrx_word' id='word_1_52' title='bbox 2240 1002 2257 1032; x_wconf 94' lang='lat'>,</span> <span class='ocrx_word' id='word_1_53' title='bbox 2306 953 2451 1019; x_wconf 82' lang='lat' dir='ltr'>vide</span> <span class='ocrx_word' id='word_1_54' title='bbox 2498 952 2690 1019; x_wconf 92' lang='lat' dir='ltr'>modo</span> 
     </span>
     <span class='ocr_line' id='line_1_7' title="bbox 302 1051 2695 1141; baseline 0.002 -22"><span class='ocrx_word' id='word_1_55' title='bbox 302 1076 366 1140; x_wconf 89' lang='lat' dir='ltr'>p.</span> <span class='ocrx_word' id='word_1_56' title='bbox 418 1051 606 1119; x_wconf 82' lang='lat' dir='ltr'>61E:</span> <span class='ocrx_word' id='word_1_57' title='bbox 671 1057 736 1120; x_wconf 84' lang='grc' dir='ltr'>τί</span> <span class='ocrx_word' id='word_1_58' title='bbox 797 1056 922 1135; x_wconf 71' lang='grc' dir='ltr'>γὰρ</span> <span class='ocrx_word' id='word_1_59' title='bbox 971 1053 1048 1121; x_wconf 71' lang='grc' dir='ltr'><strong><em>ἄν</em></strong></span> <span class='ocrx_word' id='word_1_60' title='bbox 1095 1080 1188 1128; x_wconf 91' lang='grc' dir='ltr'><strong><em>τις</em></strong></span> <span class='ocrx_word' id='word_1_61' title='bbox 1240 1060 1342 1123; x_wconf 73' lang='grc' dir='ltr'>καὶ</span> <span class='ocrx_word' id='word_1_62' title='bbox 1392 1058 1588 1131; x_wconf 89' lang='grc' dir='ltr'><strong><em>ποιοίη</em></strong></span> <span class='ocrx_word' id='word_1_63' title='bbox 1640 1057 1801 1124; x_wconf 73' lang='grc' dir='ltr'><strong><em>ἄλλο</em></strong></span> <span class='ocrx_word' id='word_1_64' title='bbox 1851 1058 1909 1123; x_wconf 75' lang='grc' dir='ltr'><strong><em>ἐν</em></strong></span> <span class='ocrx_word' id='word_1_65' title='bbox 1958 1060 2042 1139; x_wconf 66' lang='grc' dir='ltr'>τῷ</span> <span class='ocrx_word' id='word_1_66' title='bbox 2094 1058 2284 1141; x_wconf 76' lang='grc' dir='ltr'><strong><em>μέχρι</em></strong></span> <span class='ocrx_word' id='word_1_67' title='bbox 2338 1059 2507 1133; x_wconf 74' lang='grc' dir='ltr'><strong><em>ἧλίου</em></strong></span> <span class='ocrx_word' id='word_1_68' title='bbox 2559 1058 2695 1124; x_wconf 91' lang='grc' dir='ltr'><strong><em>δυσ-</em></strong></span> 
     </span>
     <span class='ocr_line' id='line_1_8' title="bbox 301 1162 2693 1252; baseline 0.003 -29"><span class='ocrx_word' id='word_1_69' title='bbox 301 1168 432 1237; x_wconf 77' lang='grc' dir='ltr'><strong><em>μῶν</em></strong></span> <span class='ocrx_word' id='word_1_70' title='bbox 493 1162 724 1241; x_wconf 81' lang='grc' dir='ltr'><strong><em>χρόνῳ,</em></strong></span> <span class='ocrx_word' id='word_1_71' title='bbox 786 1162 1046 1242; x_wconf 89' lang='lat' dir='ltr'>deinde,</span> <span class='ocrx_word' id='word_1_72' title='bbox 1109 1170 1185 1229; x_wconf 89' lang='lat' dir='ltr'>ut</span> <span class='ocrx_word' id='word_1_73' title='bbox 1245 1171 1340 1230; x_wconf 89' lang='lat' dir='ltr'>est</span> <span class='ocrx_word' id='word_1_74' title='bbox 1387 1188 1448 1251; x_wconf 90' lang='lat' dir='ltr'>p.</span> <span class='ocrx_word' id='word_1_75' title='bbox 1503 1163 1632 1229; x_wconf 85' lang='lat'>116</span> <span class='ocrx_word' id='word_1_76' title='bbox 1651 1166 1725 1244; x_wconf 95' lang='lat' dir='ltr'>B,</span> <span class='ocrx_word' id='word_1_77' title='bbox 1774 1166 1996 1231; x_wconf 91' lang='lat' dir='ltr'>habito</span> <span class='ocrx_word' id='word_1_78' title='bbox 2042 1164 2357 1252; x_wconf 89' lang='lat' dir='ltr'>colloquio</span> <span class='ocrx_word' id='word_1_79' title='bbox 2404 1164 2693 1233; x_wconf 74' lang='lat' dir='ltr'><strong>Socrates</strong></span> 
     </span>
     <span class='ocr_line' id='line_1_9' title="bbox 299 1264 2694 1338; baseline 0.003 -7"><span class='ocrx_word' id='word_1_80' title='bbox 299 1287 452 1331; x_wconf 91' lang='lat' dir='ltr'>cum</span> <span class='ocrx_word' id='word_1_81' title='bbox 493 1264 750 1333; x_wconf 80' lang='lat' dir='ltr'>Critone</span> <span class='ocrx_word' id='word_1_82' title='bbox 787 1268 1034 1334; x_wconf 88' lang='lat' dir='ltr'>abierat</span> <span class='ocrx_word' id='word_1_83' title='bbox 1069 1267 1362 1335; x_wconf 85' lang='lat' dir='ltr'>lavatum</span> <span class='ocrx_word' id='word_1_84' title='bbox 1403 1292 1474 1337; x_wconf 89' lang='lat' dir='ltr'>ac</span> <span class='ocrx_word' id='word_1_85' title='bbox 1515 1270 1743 1336; x_wconf 87' lang='lat' dir='ltr'>deinde</span> <span class='ocrx_word' id='word_1_86' title='bbox 1781 1269 2175 1337; x_wconf 84' lang='lat' dir='ltr'>valedixerat</span> <span class='ocrx_word' id='word_1_87' title='bbox 2213 1271 2365 1337; x_wconf 88' lang='lat' dir='ltr'>filiis</span> <span class='ocrx_word' id='word_1_88' title='bbox 2404 1279 2468 1337; x_wconf 91' lang='lat' dir='ltr'>et</span> <span class='ocrx_word' id='word_1_89' title='bbox 2506 1274 2694 1338; x_wconf 84' lang='lat' dir='ltr'>uxori</span> 
     </span>
     <span class='ocr_line' id='line_1_10' title="bbox 301 1368 2696 1464; baseline 0.003 -27"><span class='ocrx_word' id='word_1_90' title='bbox 301 1380 368 1437; x_wconf 88' lang='lat' dir='ltr'>et</span> <span class='ocrx_word' id='word_1_91' title='bbox 411 1372 556 1439; x_wconf 88' lang='lat' dir='ltr'>aliis</span> <span class='ocrx_word' id='word_1_92' title='bbox 601 1374 983 1460; x_wconf 88' lang='lat' dir='ltr'>quibusdam</span> <span class='ocrx_word' id='word_1_93' title='bbox 1031 1374 1420 1442; x_wconf 86' lang='lat' dir='ltr'>mulieribus</span> <span class='ocrx_word' id='word_1_94' title='bbox 1469 1376 1546 1443; x_wconf 90' lang='lat' dir='ltr'>de</span> <span class='ocrx_word' id='word_1_95' title='bbox 1591 1376 1878 1457; x_wconf 87' lang='lat' dir='ltr'>familia,</span> <span class='ocrx_word' id='word_1_96' title='bbox 1927 1380 2188 1463; x_wconf 86' lang='lat' dir='ltr'>iamque</span> <span class='ocrx_word' id='word_1_97' title='bbox 2225 1368 2696 1464; x_wconf 85' lang='lat' dir='ltr'>advesperasce-</span> 
     </span>
     <span class='ocr_line' id='line_1_11' title="bbox 299 1478 2695 1569; baseline 0.003 -26"><span class='ocrx_word' id='word_1_98' title='bbox 299 1480 448 1558; x_wconf 87' lang='lat' dir='ltr'>bat,</span> <span class='ocrx_word' id='word_1_99' title='bbox 510 1480 618 1557; x_wconf 76' lang='grc' dir='ltr'>ἤδη</span> <span class='ocrx_word' id='word_1_100' title='bbox 679 1480 878 1559; x_wconf 72' lang='grc' dir='ltr'><strong><em>ἔγγὺς</em></strong></span> <span class='ocrx_word' id='word_1_101' title='bbox 948 1478 1014 1555; x_wconf 75' lang='grc' dir='ltr'><strong><em>ἦν</em></strong></span> <span class='ocrx_word' id='word_1_102' title='bbox 1064 1482 1234 1555; x_wconf 70' lang='grc' dir='ltr'><strong><em>ἡλίου</em></strong></span> <span class='ocrx_word' id='word_1_103' title='bbox 1299 1482 1561 1564; x_wconf 80' lang='grc' dir='ltr'>δυσμῶν,</span> <span class='ocrx_word' id='word_1_104' title='bbox 1629 1506 1830 1569; x_wconf 88' lang='lat' dir='ltr'>quum</span> <span class='ocrx_word' id='word_1_105' title='bbox 1881 1484 2075 1550; x_wconf 88' lang='lat' dir='ltr'>rediit</span> <span class='ocrx_word' id='word_1_106' title='bbox 2122 1484 2201 1551; x_wconf 88' lang='lat' dir='ltr'>ad</span> <span class='ocrx_word' id='word_1_107' title='bbox 2250 1506 2434 1563; x_wconf 89' lang='lat' dir='ltr'>suos,</span> <span class='ocrx_word' id='word_1_108' title='bbox 2483 1484 2695 1565; x_wconf 80' lang='grc' dir='ltr'><strong><em>χρόνον</em></strong></span> 
     </span>
     <span class='ocr_line' id='line_1_12' title="bbox 304 1585 2694 1669; baseline 0.004 -20"><span class='ocrx_word' id='word_1_109' title='bbox 304 1588 432 1666; x_wconf 65' lang='grc' dir='ltr'>γὰρ</span> <span class='ocrx_word' id='word_1_110' title='bbox 495 1586 690 1651; x_wconf 80' lang='grc' dir='ltr'><strong><em>πολὺν</em></strong></span> <span class='ocrx_word' id='word_1_111' title='bbox 751 1585 1056 1667; x_wconf 75' lang='grc' dir='ltr'><strong><em>διέτριψεν</em></strong></span> <span class='ocrx_word' id='word_1_112' title='bbox 1123 1585 1300 1655; x_wconf 79' lang='grc' dir='ltr'><strong><em>ἔνδον.</em></strong></span> <span class='ocrx_word' id='word_1_113' title='bbox 1365 1588 1558 1669; x_wconf 85' lang='lat' dir='ltr'>Erat,</span> <span class='ocrx_word' id='word_1_114' title='bbox 1628 1596 1703 1655; x_wconf 85' lang='lat' dir='ltr'>ut</span> <span class='ocrx_word' id='word_1_115' title='bbox 1762 1597 1859 1656; x_wconf 85' lang='lat' dir='ltr'>est</span> <span class='ocrx_word' id='word_1_116' title='bbox 1929 1590 2056 1655; x_wconf 83' lang='lat'>116</span> <span class='ocrx_word' id='word_1_117' title='bbox 2076 1590 2151 1669; x_wconf 83' lang='lat' dir='ltr'>E,</span> <span class='ocrx_word' id='word_1_118' title='bbox 2204 1589 2365 1666; x_wconf 69' lang='grc' dir='ltr'><strong><em>ἥλιος</em></strong></span> <span class='ocrx_word' id='word_1_119' title='bbox 2418 1591 2517 1655; x_wconf 74' lang='grc' dir='ltr'><strong><em>ἐπὶ</em></strong></span> <span class='ocrx_word' id='word_1_120' title='bbox 2565 1600 2694 1665; x_wconf 82' lang='grc' dir='ltr'><strong><em>τοῖς</em></strong></span> 
     </span>
     <span class='ocr_line' id='line_1_13' title="bbox 299 1691 2695 1781; baseline 0.003 -26"><span class='ocrx_word' id='word_1_121' title='bbox 299 1691 456 1770; x_wconf 77' lang='grc' dir='ltr'><strong><em>ὄρεσι</em></strong></span> <span class='ocrx_word' id='word_1_122' title='bbox 536 1692 810 1758; x_wconf 87' lang='lat' dir='ltr'>necdum</span> <span class='ocrx_word' id='word_1_123' title='bbox 880 1693 1193 1760; x_wconf 86' lang='lat' dir='ltr'>occiderat</span> <span class='ocrx_word' id='word_1_124' title='bbox 1259 1698 1476 1781; x_wconf 88' lang='lat' dir='ltr'>itaque</span> <span class='ocrx_word' id='word_1_125' title='bbox 1548 1695 1848 1762; x_wconf 88' lang='lat' dir='ltr'>servulus</span> <span class='ocrx_word' id='word_1_126' title='bbox 1917 1694 2199 1764; x_wconf 83' lang='lat' dir='ltr'>Critonis</span> <span class='ocrx_word' id='word_1_127' title='bbox 2265 1692 2449 1763; x_wconf 85' lang='lat' dir='ltr'>iussu</span> <span class='ocrx_word' id='word_1_128' title='bbox 2522 1704 2695 1779; x_wconf 85' lang='lat' dir='ltr'>(OT)</span> 
     </span>
     <span class='ocr_line' id='line_1_14' title="bbox 300 1796 2697 1883; baseline 0.003 -22"><span class='ocrx_word' id='word_1_129' title='bbox 300 1796 528 1880; x_wconf 78' lang='grc' dir='ltr'><strong><em>συχνὸν</em></strong></span> <span class='ocrx_word' id='word_1_130' title='bbox 589 1798 802 1881; x_wconf 80' lang='grc' dir='ltr'><strong><em>χρόνον</em></strong></span> <span class='ocrx_word' id='word_1_131' title='bbox 865 1798 1196 1883; x_wconf 72' lang='grc' dir='ltr'><strong><em>διατρίψας</em></strong></span> <span class='ocrx_word' id='word_1_132' title='bbox 1249 1796 1387 1874; x_wconf 74' lang='grc' dir='ltr'><strong><em>ἧκεν</em></strong></span> <span class='ocrx_word' id='word_1_133' title='bbox 1433 1800 1605 1881; x_wconf 74' lang='grc' dir='ltr'><strong><em>ἄγων</em></strong></span> <span class='ocrx_word' id='word_1_134' title='bbox 1653 1805 1754 1867; x_wconf 81' lang='grc' dir='ltr'><strong><em>τὸν</em></strong></span> <span class='ocrx_word' id='word_1_135' title='bbox 1804 1803 2122 1879; x_wconf 84' lang='grc' dir='ltr'><strong><em>μέλλοντα</em></strong></span> <span class='ocrx_word' id='word_1_136' title='bbox 2169 1803 2375 1868; x_wconf 79' lang='grc' dir='ltr'><strong><em>δώσειν</em></strong></span> <span class='ocrx_word' id='word_1_137' title='bbox 2421 1803 2490 1868; x_wconf 78' lang='grc' dir='ltr'>τὸ</span> <span class='ocrx_word' id='word_1_138' title='bbox 2538 1804 2697 1883; x_wconf 71' lang='grc' dir='ltr'><strong><em>Φαρ-</em></strong></span> 
     </span>
     <span class='ocr_line' id='line_1_15' title="bbox 303 1904 2695 1997; baseline 0.003 -29"><span class='ocrx_word' id='word_1_139' title='bbox 303 1928 528 1979; x_wconf 79' lang='grc' dir='ltr'><strong><em>μακον.</em></strong></span> <span class='ocrx_word' id='word_1_140' title='bbox 594 1904 971 1972; x_wconf 79' lang='lat' dir='ltr'>Incredibile</span> <span class='ocrx_word' id='word_1_141' title='bbox 1036 1906 1213 1973; x_wconf 88' lang='lat' dir='ltr'>dictu</span> <span class='ocrx_word' id='word_1_142' title='bbox 1284 1915 1380 1974; x_wconf 88' lang='lat' dir='ltr'>est</span> <span class='ocrx_word' id='word_1_143' title='bbox 1438 1912 1691 1994; x_wconf 89' lang='lat' dir='ltr'>quoties</span> <span class='ocrx_word' id='word_1_144' title='bbox 1752 1911 2011 1997; x_wconf 86' lang='lat' dir='ltr'>negatio</span> <span class='ocrx_word' id='word_1_145' title='bbox 2073 1930 2150 1975; x_wconf 86' lang='lat' dir='ltr'>ex</span> <span class='ocrx_word' id='word_1_146' title='bbox 2213 1912 2447 1975; x_wconf 87' lang='lat' dir='ltr'>nostris</span> <span class='ocrx_word' id='word_1_147' title='bbox 2508 1908 2695 1976; x_wconf 89' lang='lat' dir='ltr'>libris</span> 
     </span>
     <span class='ocr_line' id='line_1_16' title="bbox 305 2013 659 2076; baseline 0 -1"><span class='ocrx_word' id='word_1_148' title='bbox 305 2013 659 2076; x_wconf 84' lang='lat' dir='ltr'>evanuerit.</span> 
     </span>
    </p>
   </div>
   <div class='ocr_carea' id='block_1_3' title="bbox 1259 2257 1755 2307">
    <p class='ocr_par' dir='ltr' id='par_1_3' title="bbox 1259 2257 1755 2307">
     <span class='ocr_line' id='line_1_17' title="bbox 1259 2257 1755 2307; baseline 0.002 -2"><span class='ocrx_word' id='word_1_149' title='bbox 1259 2258 1348 2305; x_wconf 75' lang='lat' dir='ltr'>AD</span> <span class='ocrx_word' id='word_1_150' title='bbox 1393 2257 1755 2307; x_wconf 76' lang='lat' dir='ltr'>ORAmIJM.</span> 
     </span>
    </p>
   </div>
   <div class='ocr_carea' id='block_1_4' title="bbox 300 2435 2697 4551">
    <p class='ocr_par' dir='ltr' id='par_1_4' title="bbox 300 2435 2697 4551">
     <span class='ocr_line' id='line_1_18' title="bbox 392 2435 2693 2529; baseline 0.003 -27"><span class='ocrx_word' id='word_1_151' title='bbox 392 2436 553 2504; x_wconf 90' lang='lat' dir='ltr'>Ibid.</span> <span class='ocrx_word' id='word_1_152' title='bbox 603 2460 666 2523; x_wconf 91' lang='lat' dir='ltr'>p.</span> <span class='ocrx_word' id='word_1_153' title='bbox 720 2436 853 2503; x_wconf 84' lang='lat'>390</span> <span class='ocrx_word' id='word_1_154' title='bbox 869 2435 941 2505; x_wconf 83' lang='lat' dir='ltr'>O.</span> <span class='ocrx_word' id='word_1_155' title='bbox 991 2436 1168 2504; x_wconf 85' lang='lat' dir='ltr'>Haec</span> <span class='ocrx_word' id='word_1_156' title='bbox 1216 2441 1466 2523; x_wconf 88' lang='lat' dir='ltr'>quoties</span> <span class='ocrx_word' id='word_1_157' title='bbox 1505 2438 1757 2527; x_wconf 85' lang='lat' dir='ltr'>relego,</span> <span class='ocrx_word' id='word_1_158' title='bbox 1801 2440 2080 2507; x_wconf 86' lang='lat' dir='ltr'>offendor</span> <span class='ocrx_word' id='word_1_159' title='bbox 2117 2445 2199 2507; x_wconf 92' lang='lat' dir='ltr'>iis</span> <span class='ocrx_word' id='word_1_160' title='bbox 2240 2463 2401 2529; x_wconf 89' lang='lat' dir='ltr'>quae</span> <span class='ocrx_word' id='word_1_161' title='bbox 2441 2446 2693 2511; x_wconf 88' lang='lat' dir='ltr'>uncinis</span> 
     </span>
     <span class='ocr_line' id='line_1_19' title="bbox 301 2538 2695 2638; baseline 0.003 -30"><span class='ocrx_word' id='word_1_162' title='bbox 301 2547 592 2631; x_wconf 78' lang='lat' dir='ltr'>signavi:</span> <span class='ocrx_word' id='word_1_163' title='bbox 658 2544 755 2617; x_wconf 87' lang='grc' dir='ltr'>τίς</span> <span class='ocrx_word' id='word_1_164' title='bbox 818 2538 916 2609; x_wconf 84' lang='grc' dir='ltr'>οὖν</span> <span class='ocrx_word' id='word_1_165' title='bbox 977 2545 1005 2610; x_wconf 90' lang='lat'><em>3</em></span> <span class='ocrx_word' id='word_1_166' title='bbox 1067 2545 1446 2623; x_wconf 74' lang='grc' dir='ltr'><strong><em>γνωσόμενος</em></strong></span> <span class='ocrx_word' id='word_1_167' title='bbox 1512 2549 1562 2610; x_wconf 74' lang='grc' dir='ltr'><strong><em>εἴ</em></strong></span> <span class='ocrx_word' id='word_1_168' title='bbox 1628 2546 1696 2610; x_wconf 79' lang='grc' dir='ltr'>τὸ</span> <span class='ocrx_word' id='word_1_169' title='bbox 1760 2557 2053 2626; x_wconf 76' lang='grc' dir='ltr'><strong><em>προσῆκον</em></strong></span> <span class='ocrx_word' id='word_1_170' title='bbox 2113 2545 2269 2620; x_wconf 80' lang='grc' dir='ltr'><strong><em>εἶδος</em></strong></span> <span class='ocrx_word' id='word_1_171' title='bbox 2320 2551 2582 2638; x_wconf 80' lang='grc' dir='ltr'><strong><em>κερκίδος</em></strong></span> <span class='ocrx_word' id='word_1_172' title='bbox 2636 2555 2695 2616; x_wconf 75' lang='grc' dir='ltr'><strong><em>ἐν</em></strong></span> 
     </span>
     <span class='ocr_line' id='line_1_20' title="bbox 303 2649 2693 2744; baseline 0.003 -30"><span class='ocrx_word' id='word_1_173' title='bbox 303 2651 584 2731; x_wconf 76' lang='grc' dir='ltr'><strong><em>ὁποιῳοῦν</em></strong></span> <span class='ocrx_word' id='word_1_174' title='bbox 641 2649 812 2744; x_wconf 67' lang='grc' dir='ltr'>ξύλῳ</span> <span class='ocrx_word' id='word_1_175' title='bbox 871 2658 1073 2714; x_wconf 79' lang='grc' dir='ltr'><strong><em>κεῖται</em></strong></span> <span class='ocrx_word' id='word_1_176' title='bbox 1091 2673 1108 2730; x_wconf 83' lang='grc'><strong>;</strong></span> <span class='ocrx_word' id='word_1_177' title='bbox 1175 2652 1202 2715; x_wconf 88' lang='lat'><em>3</em></span> <span class='ocrx_word' id='word_1_178' title='bbox 1263 2653 1522 2726; x_wconf 70' lang='grc' dir='ltr'><strong><em>ποιήσας</em></strong></span> <span class='ocrx_word' id='word_1_179' title='bbox 1565 2653 1620 2735; x_wconf 90' lang='lat'>[3</span> <span class='ocrx_word' id='word_1_180' title='bbox 1670 2651 2002 2737; x_wconf 75' lang='grc' dir='ltr'><strong><em>τέκτων]</em></strong></span> <span class='ocrx_word' id='word_1_181' title='bbox 2051 2654 2084 2730; x_wconf 76' lang='grc' dir='ltr'>ἢ</span> <span class='ocrx_word' id='word_1_182' title='bbox 2138 2656 2163 2720; x_wconf 91' lang='lat'><em>3</em></span> <span class='ocrx_word' id='word_1_183' title='bbox 2213 2658 2586 2735; x_wconf 78' lang='grc' dir='ltr'><strong><em>χρησόμενος</em></strong></span> <span class='ocrx_word' id='word_1_184' title='bbox 2636 2659 2693 2740; x_wconf 87' lang='lat'>[3</span> 
     </span>
     <span class='ocr_line' id='line_1_21' title="bbox 305 2757 2697 2846; baseline 0.003 -26"><span class='ocrx_word' id='word_1_185' title='bbox 305 2757 743 2839; x_wconf 72' lang='grc' dir='ltr'><strong><em>ὑφαντης];</em></strong></span> <span class='ocrx_word' id='word_1_186' title='bbox 794 2757 1160 2843; x_wconf 81' lang='lat' dir='ltr'>Respondet</span> <span class='ocrx_word' id='word_1_187' title='bbox 1207 2757 1685 2846; x_wconf 82' lang='lat' dir='ltr'>Hermogenes:</span> <span class='ocrx_word' id='word_1_188' title='bbox 1736 2760 1919 2832; x_wconf 75' lang='grc' dir='ltr'><strong><em>Εἰκὸς</em></strong></span> <span class='ocrx_word' id='word_1_189' title='bbox 1970 2762 2081 2836; x_wconf 79' lang='grc' dir='ltr'><strong><em>μὲν</em></strong></span> <span class='ocrx_word' id='word_1_190' title='bbox 2121 2765 2366 2837; x_wconf 70' lang='grc' dir='ltr'><strong><em>μᾶλλον</em></strong></span> <span class='ocrx_word' id='word_1_191' title='bbox 2407 2764 2507 2826; x_wconf 81' lang='grc' dir='ltr'><strong><em>τὸν</em></strong></span> <span class='ocrx_word' id='word_1_192' title='bbox 2548 2787 2697 2843; x_wconf 77' lang='grc' dir='ltr'><strong><em>χρη-</em></strong></span> 
     </span>
     <span class='ocr_line' id='line_1_22' title="bbox 305 2863 2691 2950; baseline 0.004 -24"><span class='ocrx_word' id='word_1_193' title='bbox 305 2865 591 2938; x_wconf 63' lang='grc' dir='ltr'><strong><em>σόμενον</em></strong></span> <span class='ocrx_word' id='word_1_194' title='bbox 633 2863 928 2943; x_wconf 81' lang='lat' dir='ltr'>dixisset,</span> <span class='ocrx_word' id='word_1_195' title='bbox 969 2867 1212 2950; x_wconf 88' lang='lat' dir='ltr'>opinor,</span> <span class='ocrx_word' id='word_1_196' title='bbox 1255 2868 1356 2930; x_wconf 82' lang='grc' dir='ltr'><strong><em>τὸν</em></strong></span> <span class='ocrx_word' id='word_1_197' title='bbox 1394 2865 1676 2945; x_wconf 74' lang='grc' dir='ltr'><strong><em>ὑφάντην</em></strong></span> <span class='ocrx_word' id='word_1_198' title='bbox 1716 2868 1773 2931; x_wconf 89' lang='lat' dir='ltr'>si</span> <span class='ocrx_word' id='word_1_199' title='bbox 1814 2865 2105 2932; x_wconf 78' lang='lat' dir='ltr'>Socrates</span> <span class='ocrx_word' id='word_1_200' title='bbox 2146 2867 2262 2934; x_wconf 89' lang='lat' dir='ltr'>hoc</span> <span class='ocrx_word' id='word_1_201' title='bbox 2304 2869 2691 2935; x_wconf 82' lang='lat' dir='ltr'>vocabulum</span> 
     </span>
     <span class='ocr_line' id='line_1_23' title="bbox 305 2968 2696 3061; baseline 0.002 -25"><span class='ocrx_word' id='word_1_202' title='bbox 305 2977 692 3056; x_wconf 78' lang='lat' dir='ltr'>usurpasset.</span> <span class='ocrx_word' id='word_1_203' title='bbox 741 2968 884 3035; x_wconf 90' lang='lat' dir='ltr'>Non</span> <span class='ocrx_word' id='word_1_204' title='bbox 926 2973 1142 3036; x_wconf 90' lang='lat' dir='ltr'>minus</span> <span class='ocrx_word' id='word_1_205' title='bbox 1177 2973 1472 3057; x_wconf 87' lang='lat' dir='ltr'>ineptum</span> <span class='ocrx_word' id='word_1_206' title='bbox 1508 2974 2154 3057; x_wconf 80' lang='lat' dir='ltr'>interpretamentum</span> <span class='ocrx_word' id='word_1_207' title='bbox 2186 2973 2383 3040; x_wconf 82' lang='lat' dir='ltr'>latere</span> <span class='ocrx_word' id='word_1_208' title='bbox 2408 2978 2696 3061; x_wconf 88' lang='lat' dir='ltr'>suspicor</span> 
     </span>
     <span class='ocr_line' id='line_1_24' title="bbox 307 3075 2692 3169; baseline 0.003 -28"><span class='ocrx_word' id='word_1_209' title='bbox 307 3101 368 3163; x_wconf 90' lang='lat' dir='ltr'>p.</span> <span class='ocrx_word' id='word_1_210' title='bbox 405 3075 537 3142; x_wconf 82' lang='lat'>392</span> <span class='ocrx_word' id='word_1_211' title='bbox 552 3075 626 3155; x_wconf 91' lang='lat' dir='ltr'>B,</span> <span class='ocrx_word' id='word_1_212' title='bbox 669 3078 783 3141; x_wconf 89' lang='lat' dir='ltr'>ubi</span> <span class='ocrx_word' id='word_1_213' title='bbox 822 3075 1112 3143; x_wconf 82' lang='lat' dir='ltr'>Socrates</span> <span class='ocrx_word' id='word_1_214' title='bbox 1151 3081 1554 3164; x_wconf 88' lang='lat' dir='ltr'>quaesiturus</span> <span class='ocrx_word' id='word_1_215' title='bbox 1594 3078 1672 3144; x_wconf 88' lang='lat' dir='ltr'>de</span> <span class='ocrx_word' id='word_1_216' title='bbox 1706 3077 2118 3145; x_wconf 81' lang='lat' dir='ltr'>Scamandrio</span> <span class='ocrx_word' id='word_1_217' title='bbox 2156 3085 2220 3144; x_wconf 87' lang='lat' dir='ltr'>et</span> <span class='ocrx_word' id='word_1_218' title='bbox 2264 3077 2692 3169; x_wconf 77' lang='lat' dir='ltr'>Astyanacte,</span> 
     </span>
     <span class='ocr_line' id='line_1_25' title="bbox 307 3179 2694 3266; baseline 0.003 -18"><span class='ocrx_word' id='word_1_219' title='bbox 307 3182 521 3248; x_wconf 87' lang='lat' dir='ltr'>addit:</span> <span class='ocrx_word' id='word_1_220' title='bbox 571 3180 613 3246; x_wconf 74' lang='grc' dir='ltr'><em>ἅ</em></span> <span class='ocrx_word' id='word_1_221' title='bbox 663 3189 913 3261; x_wconf 82' lang='grc' dir='ltr'><strong><em>Φησιν</em></strong></span> <span class='ocrx_word' id='word_1_222' title='bbox 953 3185 1282 3256; x_wconf 76' lang='grc' dir='ltr'><strong><em>ὀνόματ’</em></strong></span> <span class='ocrx_word' id='word_1_223' title='bbox 1322 3179 1671 3266; x_wconf 75' lang='grc' dir='ltr'><strong><em>εἶναιτῷ</em></strong></span> <span class='ocrx_word' id='word_1_224' title='bbox 1719 3191 1853 3250; x_wconf 82' lang='grc' dir='ltr'><strong><em>τοῦ</em></strong></span> <span class='ocrx_word' id='word_1_225' title='bbox 1893 3183 2270 3265; x_wconf 76' lang='grc' dir='ltr'><strong><em>Ἕκτορος</em></strong></span> <span class='ocrx_word' id='word_1_226' title='bbox 2312 3189 2488 3253; x_wconf 72' lang='grc' dir='ltr'><strong><em>υἱεῖ.</em></strong></span> <span class='ocrx_word' id='word_1_227' title='bbox 2530 3187 2694 3255; x_wconf 84' lang='lat' dir='ltr'>Sane</span> 
     </span>
     <span class='ocr_line' id='line_1_26' title="bbox 300 3289 2693 3380; baseline 0.003 -26"><span class='ocrx_word' id='word_1_228' title='bbox 300 3292 562 3376; x_wconf 87' lang='lat' dir='ltr'>ineptus</span> <span class='ocrx_word' id='word_1_229' title='bbox 621 3289 882 3367; x_wconf 86' lang='lat' dir='ltr'>fuisset,</span> <span class='ocrx_word' id='word_1_230' title='bbox 946 3292 1002 3354; x_wconf 89' lang='lat' dir='ltr'>si</span> <span class='ocrx_word' id='word_1_231' title='bbox 1063 3290 1186 3356; x_wconf 92' lang='lat' dir='ltr'>hoc</span> <span class='ocrx_word' id='word_1_232' title='bbox 1250 3289 1729 3378; x_wconf 84' lang='lat' dir='ltr'>Hermogenem</span> <span class='ocrx_word' id='word_1_233' title='bbox 1791 3291 2013 3358; x_wconf 89' lang='lat' dir='ltr'>docere</span> <span class='ocrx_word' id='word_1_234' title='bbox 2075 3291 2387 3372; x_wconf 83' lang='lat' dir='ltr'>voluisset</span> <span class='ocrx_word' id='word_1_235' title='bbox 2446 3301 2512 3360; x_wconf 90' lang='lat' dir='ltr'>et</span> <span class='ocrx_word' id='word_1_236' title='bbox 2556 3297 2693 3380; x_wconf 89' lang='lat' dir='ltr'>ipse</span> 
     </span>
     <span class='ocr_line' id='line_1_27' title="bbox 303 3391 2693 3480; baseline 0.003 -20"><span class='ocrx_word' id='word_1_237' title='bbox 303 3398 528 3460; x_wconf 86' lang='lat' dir='ltr'>statim</span> <span class='ocrx_word' id='word_1_238' title='bbox 573 3394 784 3461; x_wconf 76' lang='lat' dir='ltr'>addit:</span> <span class='ocrx_word' id='word_1_239' title='bbox 833 3391 1006 3459; x_wconf 76' lang='grc' dir='ltr'><strong><em>οἶσθα</em></strong></span> <span class='ocrx_word' id='word_1_240' title='bbox 1057 3395 1182 3473; x_wconf 69' lang='grc' dir='ltr'>γὰρ</span> <span class='ocrx_word' id='word_1_241' title='bbox 1231 3395 1420 3470; x_wconf 74' lang='grc' dir='ltr'><strong><em>δήπου</em></strong></span> <span class='ocrx_word' id='word_1_242' title='bbox 1468 3402 1678 3460; x_wconf 82' lang='grc' dir='ltr'><strong><em>ταῦτα</em></strong></span> <span class='ocrx_word' id='word_1_243' title='bbox 1729 3397 1812 3462; x_wconf 69' lang='grc' dir='ltr'><strong><em>τοὶ</em></strong></span> <span class='ocrx_word' id='word_1_244' title='bbox 1855 3395 1970 3470; x_wconf 77' lang='grc' dir='ltr'><strong><em>ἔπη</em></strong></span> <span class='ocrx_word' id='word_1_245' title='bbox 2025 3399 2083 3461; x_wconf 83' lang='grc' dir='ltr'><strong><em>ἐν</em></strong></span> <span class='ocrx_word' id='word_1_246' title='bbox 2130 3394 2212 3468; x_wconf 76' lang='grc' dir='ltr'><strong><em>οἷς</em></strong></span> <span class='ocrx_word' id='word_1_247' title='bbox 2240 3397 2450 3468; x_wconf 73' lang='grc' dir='ltr'><strong><em>,ἓνεςιν</em></strong></span> <span class='ocrx_word' id='word_1_248' title='bbox 2485 3393 2529 3466; x_wconf 72' lang='grc' dir='ltr'><strong><em>ἃ</em></strong></span> <span class='ocrx_word' id='word_1_249' title='bbox 2570 3402 2693 3480; x_wconf 72' lang='grc' dir='ltr'>ἐγὼ</span> 
     </span>
     <span class='ocr_line' id='line_1_28' title="bbox 304 3499 2695 3590; baseline 0.004 -26"><span class='ocrx_word' id='word_1_250' title='bbox 304 3505 494 3577; x_wconf 72' lang='grc' dir='ltr'><strong><em>λέγω.</em></strong></span> <span class='ocrx_word' id='word_1_251' title='bbox 557 3500 714 3580; x_wconf 78' lang='lat' dir='ltr'>Quis</span> <span class='ocrx_word' id='word_1_252' title='bbox 775 3499 938 3566; x_wconf 85' lang='lat' dir='ltr'>ferat</span> <span class='ocrx_word' id='word_1_253' title='bbox 998 3503 1066 3565; x_wconf 90' lang='lat' dir='ltr'>in</span> <span class='ocrx_word' id='word_1_254' title='bbox 1120 3502 1238 3566; x_wconf 88' lang='lat' dir='ltr'>hac</span> <span class='ocrx_word' id='word_1_255' title='bbox 1279 3505 1740 3588; x_wconf 89' lang='lat' dir='ltr'>compositione</span> <span class='ocrx_word' id='word_1_256' title='bbox 1786 3502 2193 3590; x_wconf 83' lang='lat' dir='ltr'>negligent-er</span> <span class='ocrx_word' id='word_1_257' title='bbox 2235 3504 2574 3572; x_wconf 88' lang='lat' dir='ltr'>adhaerere</span> <span class='ocrx_word' id='word_1_258' title='bbox 2621 3529 2695 3574; x_wconf 89' lang='lat' dir='ltr'>ea</span> 
     </span>
     <span class='ocr_line' id='line_1_29' title="bbox 305 3606 2693 3700; baseline 0.003 -28"><span class='ocrx_word' id='word_1_259' title='bbox 305 3608 500 3672; x_wconf 84' lang='lat' dir='ltr'>fuisse</span> <span class='ocrx_word' id='word_1_260' title='bbox 546 3609 808 3672; x_wconf 87' lang='lat' dir='ltr'>nomina</span> <span class='ocrx_word' id='word_1_261' title='bbox 851 3606 972 3671; x_wconf 88' lang='lat' dir='ltr'>filii</span> <span class='ocrx_word' id='word_1_262' title='bbox 1023 3606 1360 3674; x_wconf 83' lang='lat' dir='ltr'>Hectoris?</span> <span class='ocrx_word' id='word_1_263' title='bbox 1406 3607 1478 3674; x_wconf 79' lang='lat' dir='ltr'>Si</span> <span class='ocrx_word' id='word_1_264' title='bbox 1527 3629 1629 3674; x_wconf 90' lang='lat' dir='ltr'>res</span> <span class='ocrx_word' id='word_1_265' title='bbox 1678 3612 1804 3676; x_wconf 89' lang='lat' dir='ltr'>mei</span> <span class='ocrx_word' id='word_1_266' title='bbox 1850 3611 2101 3675; x_wconf 86' lang='lat' dir='ltr'>arbitrii</span> <span class='ocrx_word' id='word_1_267' title='bbox 2147 3619 2331 3689; x_wconf 86' lang='lat' dir='ltr'>esset,</span> <span class='ocrx_word' id='word_1_268' title='bbox 2373 3632 2693 3700; x_wconf 84' lang='lat' dir='ltr'>expunge-</span> 
     </span>
     <span class='ocr_line' id='line_1_30' title="bbox 304 3711 2694 3802; baseline 0.003 -24"><span class='ocrx_word' id='word_1_269' title='bbox 304 3735 443 3778; x_wconf 88' lang='lat' dir='ltr'>rem</span> <span class='ocrx_word' id='word_1_270' title='bbox 504 3734 756 3799; x_wconf 89' lang='lat' dir='ltr'>quoque</span> <span class='ocrx_word' id='word_1_271' title='bbox 815 3735 877 3800; x_wconf 91' lang='lat' dir='ltr'>p.</span> <span class='ocrx_word' id='word_1_272' title='bbox 931 3711 1166 3780; x_wconf 81' lang='lat'>3960:</span> <span class='ocrx_word' id='word_1_273' title='bbox 1229 3711 1337 3786; x_wconf 76' lang='grc' dir='ltr'>ἕως</span> <span class='ocrx_word' id='word_1_274' title='bbox 1401 3715 1817 3795; x_wconf 73' lang='grc' dir='ltr'><strong><em>ἀπεπειράθην</em></strong></span> <span class='ocrx_word' id='word_1_275' title='bbox 1867 3727 1977 3789; x_wconf 69' lang='grc' dir='ltr'>τῆς</span> <span class='ocrx_word' id='word_1_276' title='bbox 2026 3718 2255 3795; x_wconf 78' lang='grc' dir='ltr'><strong><em>σοφίας</em></strong></span> <span class='ocrx_word' id='word_1_277' title='bbox 2300 3719 2535 3793; x_wconf 77' lang='grc' dir='ltr'><strong><em>ταύτης</em></strong></span> <span class='ocrx_word' id='word_1_278' title='bbox 2585 3721 2694 3802; x_wconf 84' lang='grc' dir='ltr'>[τί</span> 
     </span>
     <span class='ocr_line' id='line_1_31' title="bbox 304 3817 2690 3908; baseline 0.003 -24"><span class='ocrx_word' id='word_1_279' title='bbox 304 3821 697 3901; x_wconf 74' lang='grc' dir='ltr'><strong><em>ποιήσει],</em></strong></span> <span class='ocrx_word' id='word_1_280' title='bbox 755 3821 807 3884; x_wconf 74' lang='grc' dir='ltr'><strong><em>εἰ</em></strong></span> <span class='ocrx_word' id='word_1_281' title='bbox 870 3817 990 3898; x_wconf 72' lang='grc' dir='ltr'>ἄρα</span> <span class='ocrx_word' id='word_1_282' title='bbox 1053 3821 1274 3898; x_wconf 67' lang='grc' dir='ltr'><strong><em>ἀπερεῖ</em></strong></span> <span class='ocrx_word' id='word_1_283' title='bbox 1328 3820 1362 3895; x_wconf 78' lang='grc' dir='ltr'>ἢ</span> <span class='ocrx_word' id='word_1_284' title='bbox 1426 3819 1514 3901; x_wconf 81' lang='grc' dir='ltr'><strong><em>οὔ,</em></strong></span> <span class='ocrx_word' id='word_1_285' title='bbox 1567 3819 1601 3898; x_wconf 79' lang='grc' dir='ltr'>ἣ</span> <span class='ocrx_word' id='word_1_286' title='bbox 1654 3822 1786 3898; x_wconf 69' lang='grc' dir='ltr'><strong><em>ἐμοὶ</em></strong></span> <span class='ocrx_word' id='word_1_287' title='bbox 1830 3823 2283 3908; x_wconf 78' lang='grc' dir='ltr'><strong><em>[ἐξαίφνης]</em></strong></span> <span class='ocrx_word' id='word_1_288' title='bbox 2332 3830 2431 3889; x_wconf 81' lang='grc' dir='ltr'>νῦν</span> <span class='ocrx_word' id='word_1_289' title='bbox 2478 3825 2690 3891; x_wconf 77' lang='grc' dir='ltr'><strong><em>οὑτωσὶ</em></strong></span> 
     </span>
     <span class='ocr_line' id='line_1_32' title="bbox 305 3925 2694 4016; baseline 0.004 -26"><span class='ocrx_word' id='word_1_290' title='bbox 305 3927 782 4003; x_wconf 78' lang='grc' dir='ltr'><strong><em>προσπέπτωκεν</em></strong></span> <span class='ocrx_word' id='word_1_291' title='bbox 822 3925 1084 4010; x_wconf 58' lang='lat'>[59²7]-</span> <span class='ocrx_word' id='word_1_292' title='bbox 1144 3926 1360 4014; x_wconf 82' lang='lat' dir='ltr'>Magis</span> <span class='ocrx_word' id='word_1_293' title='bbox 1409 3931 1608 3993; x_wconf 79' lang='lat' dir='ltr'>etiam</span> <span class='ocrx_word' id='word_1_294' title='bbox 1657 3927 2007 3994; x_wconf 82' lang='lat' dir='ltr'>ridiculum</span> <span class='ocrx_word' id='word_1_295' title='bbox 2054 3937 2151 3995; x_wconf 81' lang='lat' dir='ltr'>est</span> <span class='ocrx_word' id='word_1_296' title='bbox 2197 3953 2258 4016; x_wconf 91' lang='lat' dir='ltr'>p.</span> <span class='ocrx_word' id='word_1_297' title='bbox 2307 3931 2443 3996; x_wconf 80' lang='grc'>432</span> <span class='ocrx_word' id='word_1_298' title='bbox 2460 3930 2532 4010; x_wconf 84' lang='grc' dir='ltr'>Ο,</span> <span class='ocrx_word' id='word_1_299' title='bbox 2582 3935 2694 4000; x_wconf 87' lang='lat' dir='ltr'>ubi</span> 
     </span>
     <span class='ocr_line' id='line_1_33' title="bbox 303 4030 2692 4118; baseline 0.003 -21"><span class='ocrx_word' id='word_1_300' title='bbox 303 4036 494 4118; x_wconf 84' lang='lat' dir='ltr'>rogat</span> <span class='ocrx_word' id='word_1_301' title='bbox 539 4031 859 4098; x_wconf 79' lang='lat' dir='ltr'>Socrates:</span> <span class='ocrx_word' id='word_1_302' title='bbox 909 4030 1156 4110; x_wconf 83' lang='grc' dir='ltr'><strong><em>πότερον</em></strong></span> <span class='ocrx_word' id='word_1_303' title='bbox 1206 4033 1516 4109; x_wconf 77' lang='grc' dir='ltr'><strong><em>Κρατύλος</em></strong></span> <span class='ocrx_word' id='word_1_304' title='bbox 1575 4033 1652 4100; x_wconf 72' lang='grc' dir='ltr'><strong><em>ἂν</em></strong></span> <span class='ocrx_word' id='word_1_305' title='bbox 1700 4035 1802 4099; x_wconf 77' lang='grc' dir='ltr'>καὶ</span> <span class='ocrx_word' id='word_1_306' title='bbox 1852 4036 2022 4100; x_wconf 77' lang='grc' dir='ltr'><strong><em>εἰκὼν</em></strong></span> <span class='ocrx_word' id='word_1_307' title='bbox 2070 4036 2391 4115; x_wconf 82' lang='grc' dir='ltr'><strong><em>Κρατύλου</em></strong></span> <span class='ocrx_word' id='word_1_308' title='bbox 2430 4039 2561 4103; x_wconf 80' lang='grc' dir='ltr'>τότ’</span> <span class='ocrx_word' id='word_1_309' title='bbox 2601 4039 2692 4115; x_wconf 76' lang='grc' dir='ltr'><strong><em>εἴη</em></strong></span> 
     </span>
     <span class='ocr_line' id='line_1_34' title="bbox 304 4138 2696 4238; baseline 0.002 -35"><span class='ocrx_word' id='word_1_310' title='bbox 304 4141 376 4203; x_wconf 80' lang='grc' dir='ltr'>τὸ</span> <span class='ocrx_word' id='word_1_311' title='bbox 438 4145 704 4204; x_wconf 79' lang='grc' dir='ltr'><strong><em>τοιοῦτον</em></strong></span> <span class='ocrx_word' id='word_1_312' title='bbox 769 4139 802 4210; x_wconf 71' lang='grc' dir='ltr'>ἢ</span> <span class='ocrx_word' id='word_1_313' title='bbox 864 4138 964 4203; x_wconf 82' lang='grc' dir='ltr'><strong><em>δύο</em></strong></span> <span class='ocrx_word' id='word_1_314' title='bbox 1013 4139 1339 4216; x_wconf 77' lang='grc' dir='ltr'><strong><em>Κρατύλοι.</em></strong></span> <span class='ocrx_word' id='word_1_315' title='bbox 1392 4140 1754 4226; x_wconf 87' lang='lat' dir='ltr'>Respondet</span> <span class='ocrx_word' id='word_1_316' title='bbox 1800 4143 1936 4206; x_wconf 87' lang='lat' dir='ltr'>hic:</span> <span class='ocrx_word' id='word_1_317' title='bbox 1990 4143 2115 4207; x_wconf 81' lang='grc' dir='ltr'><strong><em>Δύο</em></strong></span> <span class='ocrx_word' id='word_1_318' title='bbox 2163 4141 2377 4222; x_wconf 73' lang='grc' dir='ltr'><strong><em>ἔμοιγε</em></strong></span> <span class='ocrx_word' id='word_1_319' title='bbox 2426 4142 2696 4238; x_wconf 80' lang='grc' dir='ltr'><strong><em>δοκοῦσιν</em></strong></span> 
     </span>
     <span class='ocr_line' id='line_1_35' title="bbox 303 4242 2691 4333; baseline 0.003 -23"><span class='ocrx_word' id='word_1_320' title='bbox 303 4242 345 4310; x_wconf 82' lang='grc' dir='ltr'><em>ὦ</em></span> <span class='ocrx_word' id='word_1_321' title='bbox 399 4249 758 4323; x_wconf 74' lang='grc' dir='ltr'><strong><em>Σώκρατες·</em></strong></span> <span class='ocrx_word' id='word_1_322' title='bbox 808 4267 1035 4311; x_wconf 86' lang='lat' dir='ltr'>verum</span> <span class='ocrx_word' id='word_1_323' title='bbox 1085 4248 1228 4331; x_wconf 86' lang='lat' dir='ltr'>quis</span> <span class='ocrx_word' id='word_1_324' title='bbox 1275 4267 1400 4312; x_wconf 92' lang='lat' dir='ltr'>non</span> <span class='ocrx_word' id='word_1_325' title='bbox 1447 4254 1779 4333; x_wconf 80' lang='lat' dir='ltr'>expungat</span> <span class='ocrx_word' id='word_1_326' title='bbox 1824 4247 1995 4332; x_wconf 89' lang='lat' dir='ltr'>quod</span> <span class='ocrx_word' id='word_1_327' title='bbox 2043 4249 2301 4316; x_wconf 87' lang='lat' dir='ltr'>additur</span> <span class='ocrx_word' id='word_1_328' title='bbox 2352 4251 2691 4330; x_wconf 80' lang='grc' dir='ltr'><strong><em>Κρατύλοι,</em></strong></span> 
     </span>
     <span class='ocr_line' id='line_1_36' title="bbox 301 4352 2695 4445; baseline 0.003 -28"><span class='ocrx_word' id='word_1_329' title='bbox 301 4352 470 4438; x_wconf 89' lang='lat' dir='ltr'>quod</span> <span class='ocrx_word' id='word_1_330' title='bbox 518 4360 584 4417; x_wconf 89' lang='lat' dir='ltr'>et</span> <span class='ocrx_word' id='word_1_331' title='bbox 631 4373 745 4438; x_wconf 87' lang='lat' dir='ltr'>per</span> <span class='ocrx_word' id='word_1_332' title='bbox 790 4373 856 4416; x_wconf 88' lang='lat' dir='ltr'>se</span> <span class='ocrx_word' id='word_1_333' title='bbox 903 4355 1107 4417; x_wconf 89' lang='lat' dir='ltr'>risum</span> <span class='ocrx_word' id='word_1_334' title='bbox 1163 4357 1384 4418; x_wconf 82' lang='lat' dir='ltr'>movet</span> <span class='ocrx_word' id='word_1_335' title='bbox 1442 4358 1507 4418; x_wconf 88' lang='lat' dir='ltr'>et</span> <span class='ocrx_word' id='word_1_336' title='bbox 1567 4353 1912 4419; x_wconf 90' lang='lat' dir='ltr'>absurdum</span> <span class='ocrx_word' id='word_1_337' title='bbox 1979 4362 2111 4432; x_wconf 88' lang='lat' dir='ltr'>est,</span> <span class='ocrx_word' id='word_1_338' title='bbox 2176 4359 2329 4441; x_wconf 87' lang='lat' dir='ltr'>quia</span> <span class='ocrx_word' id='word_1_339' title='bbox 2390 4355 2695 4445; x_wconf 84' lang='lat' dir='ltr'>Gratylus</span> 
     </span>
     <span class='ocr_line' id='line_1_37' title="bbox 300 4459 2689 4551; baseline 0.003 -27"><span class='ocrx_word' id='word_1_340' title='bbox 300 4463 439 4545; x_wconf 89' lang='lat' dir='ltr'>ipse</span> <span class='ocrx_word' id='word_1_341' title='bbox 477 4461 630 4525; x_wconf 85' lang='lat' dir='ltr'>haec</span> <span class='ocrx_word' id='word_1_342' title='bbox 677 4462 1062 4545; x_wconf 83' lang='lat' dir='ltr'>pronunciat</span> <span class='ocrx_word' id='word_1_343' title='bbox 1077 4480 1094 4538; x_wconf 88' lang='lat'>;</span> <span class='ocrx_word' id='word_1_344' title='bbox 1145 4462 1236 4525; x_wconf 91' lang='lat' dir='ltr'>sic</span> <span class='ocrx_word' id='word_1_345' title='bbox 1283 4460 1557 4525; x_wconf 85' lang='lat' dir='ltr'>infantes</span> <span class='ocrx_word' id='word_1_346' title='bbox 1604 4459 1810 4526; x_wconf 87' lang='lat' dir='ltr'>solent</span> <span class='ocrx_word' id='word_1_347' title='bbox 1858 4482 2089 4527; x_wconf 90' lang='lat' dir='ltr'>nomen</span> <span class='ocrx_word' id='word_1_348' title='bbox 2129 4485 2323 4528; x_wconf 87' lang='lat' dir='ltr'>suum</span> <span class='ocrx_word' id='word_1_349' title='bbox 2362 4484 2689 4551; x_wconf 84' lang='lat' dir='ltr'>usurpare.</span> 
     </span>
    </p>
   </div>
  </div>
 </body>
</html>
