3246 5085
1292 354 1603 403 nonnus.
1849 350 1856 357 ·
2513 338 2644 403 413

265 522 507 593 Donato
554 521 912 587 adhibitam
962 520 1243 584 vidimus
1292 522 1356 583 iu
1405 518 1668 583 scholiis
1711 518 2042 598 Eunuchi,
2081 528 2157 585 ut
2197 543 2424 608 nempe
2467 526 2645 607 prius

267 634 457 715 ponat
504 628 672 693 alius
720 628 1084 713 opinionem
1130 631 1466 711 tamquam
1516 631 1792 703 certam,
1842 626 1952 691 sed
2001 626 2226 693 deinde
2273 628 2434 693 hanc
2481 629 2646 697 refu-

264 740 395 813 tet,
457 755 765 819 suamque
826 753 1058 798 novam
1121 732 1415 818 proferat.
1464 731 1690 817 Itaque
1733 734 1802 796 in
1849 734 1944 813 (l)
1991 732 2381 800 affirmanter
2427 735 2649 800 scribit

266 842 495 921 „Nove
558 842 765 906 dixit’'
815 846 986 916 cett„
1036 839 1145 904 sed
1194 860 1414 905 revera
1460 837 1643 905 illius
1691 842 2073 905 sententiam
2122 840 2350 917 refert,
2399 845 2508 926 qui
2557 845 2649 905 in-

260 950 591 1034 terpunxit
651 952 795 1031 post
860 946 1209 1023 „fratrem”
1244 946 1313 1025 ¹),
1377 965 1571 1030 quam
1638 945 1864 1011 deinde
1930 946 2262 1033 redarguit
2322 949 2387 1010 in
2435 948 2534 1027 (2)
2581 958 2648 1013 et

256 1062 429 1120 recte
465 1053 760 1139 quidem,
803 1072 951 1117 nam
992 1050 1154 1117 alter
1192 1052 1472 1129 errabat,
1514 1054 1651 1138 ipse
1687 1073 1914 1117 verum
1957 1051 2142 1118 vidit.
2195 1052 2292 1117 Ad
2332 1056 2647 1119 amussim

260 1161 383 1225 hoc
430 1157 798 1245 exemplum
847 1159 1150 1224 convenit
1197 1178 1344 1221 cum
1393 1178 1500 1236 eo,
1552 1157 1722 1243 quod
1762 1157 2065 1243 descripsi
2105 1164 2290 1224 antea
2328 1180 2390 1245 p.
2421 1158 2508 1225 30
2533 1181 2650 1245 sq„

263 1267 377 1331 ubi
437 1266 515 1331 ad
578 1264 774 1330 Eun.
838 1264 867 1329 1
931 1264 993 1330 2.
1024 1264 1063 1329 5
1127 1265 1305 1349 prius
1368 1262 1614 1350 legitur
1679 1262 1804 1329 tale
1865 1262 2221 1330 scholium.
2288 1266 2468 1345 (2),
2467 1264 2654 1343 ,Plus

264 1373 460 1439 satis'’
524 1372 771 1450 n,ove’'
828 1376 1003 1449 cett„
1055 1376 1121 1435 et
1174 1370 1319 1436 dein
1363 1372 1654 1455 sequitur
1691 1370 1995 1436 refutatio
2033 1370 2190 1451 (4),
2189 1370 2355 1448 ,Hoc
2387 1372 2652 1459 quidam

264 1484 531 1565 putant,
581 1482 649 1543 at
696 1478 861 1542 mihi
910 1476 1210 1541 videtur’'
1262 1482 1412 1542 cett.

352 1584 427 1649 Id
497 1583 666 1670 quod
736 1590 834 1649 est
908 1584 1067 1661 ,‚hoc
1130 1582 1392 1667 quidam
1457 1582 1755 1669 putant-’',
1821 1604 1987 1648 nunc
2052 1585 2399 1664 omittitur,
2449 1604 2652 1669 neque

266 1692 413 1757 addi
484 1712 741 1778 prorsus
809 1711 1059 1756 necesse
1122 1698 1253 1767 est,
1315 1697 1571 1776 propter
1635 1712 1743 1755 vv.
1810 1688 1976 1767 „Sed
2041 1712 2162 1776 ego
2227 1691 2426 1777 puto''
2449 1712 2464 1769 ;
2517 1690 2654 1757 fieri

267 1806 481 1863 tamen
538 1800 754 1883 potuit
804 1804 877 1861 ut
924 1796 1150 1862 Editor
1194 1799 1263 1861 in
1311 1797 1688 1861 huiusmodi
1735 1795 1892 1862 locis
1939 1796 2176 1862 Donati
2224 1800 2653 1864 notationem:

276 1904 423 1983 ,‚Sic
483 1903 811 1989 quidam’',
876 1901 979 1968 vel
1041 1902 1169 1967 tale
1233 1902 1420 1987 quid,
1484 1901 1877 1988 neglexerit,
1945 1923 2082 1967 rem
2143 1905 2237 1968 ita
2298 1924 2655 1990 proponens

273 2013 457 2097 quasi
504 2010 665 2075 Don.
714 2010 955 2075 dederit
1006 2008 1121 2089 (1),
1170 2011 1306 2094 ipse
1353 2014 1572 2073 autem
1619 2009 1738 2089 (2).
1791 2008 1967 2073 Idem
2011 2009 2275 2075 fortasse
2315 2030 2438 2075 usu
2477 2013 2656 2076 venit

272 2117 351 2183 ad
397 2116 589 2181 Eun.
638 2115 693 2179 V
744 2115 806 2181 8.
834 2114 919 2179 49
965 2112 1063 2195 (7)
1111 2121 1176 2179 et
1222 2114 1343 2195 (8),
1392 2115 1468 2179 de
1517 2113 1750 2199 quibus
1799 2115 1944 2180 vide
1994 2136 2205 2200 supra.
2523 2182 2529 2187 ,

362 2223 851 2289 Wessnerus
896 2224 1222 2287 immerito
1270 2222 1545 2306 priorem
1586 2230 1832 2307 partem
1876 2221 2100 2287 scholii
2139 2222 2434 2287 secundi:
2488 2222 2656 2300 „Sed

278 2310 400 2417 ego
439 2337 597 2415 puto
624 2377 637 2393 .
668 2378 681 2391 .
712 2378 726 2393 .
755 2328 1173 2393 subaudietur
1213 2348 1406 2411 quam
1449 2326 1657 2391 mihi”
1699 2327 2021 2392 inclinatis
2059 2326 2296 2393 litteris
2321 2330 2654 2415 expressit.

274 2437 349 2501 In
412 2435 793 2503 Commento
853 2437 1063 2519 primo
1127 2432 1447 2517 (1)-1-(2)
1510 2454 1703 2497 unam
1767 2436 2130 2499 continuam
2183 2433 2657 2500 adnotationem

274 2542 613 2609 effecerunt
677 2564 753 2608 ex
820 2544 996 2607 omni
1060 2547 1239 2627 parte
1284 2542 1627 2627 integram.
1679 2539 1975 2607 Dubitari
2022 2547 2275 2607 tantum
2323 2550 2532 2630 potest
2580 2544 2657 2610 de

274 2650 477 2716 altera
522 2656 703 2735 parte
748 2646 977 2713 scholii
1021 2647 1154 2728 (3):
1226 2667 1416 2722 „nam
1462 2669 1611 2712 cum
1662 2649 2026 2713 neminem'’
2075 2655 2249 2727 cett„
2296 2670 2488 2734 quam
2537 2649 2655 2716 Ed.

274 2758 541 2821 fortasse
588 2753 834 2820 addidit
880 2753 1077 2818 simul
1124 2774 1274 2817 cum
1322 2753 1439 2833 (4).

367 2862 570 2928 Ibid.
611 2861 703 2926 111
744 2861 805 2925 2.
834 2859 921 2926 26
947 2881 1083 2945 sqq.
1133 2858 1419 2927 Canth.
1462 2859 1628 2939 Quid
1670 2859 1953 2939 festinas,
1979 2863 2073 2925 mi
2097 2859 2304 2927 Geta?
2345 2863 2654 2927 Animam

272 2973 500 3056 recipe.
572 2965 707 3034 Ge.
748 2968 1018 3032 Prorsus
1045 3015 1058 3032 .
1090 3015 1103 3031 .
1135 3016 1148 3031 .
1221 2965 1480 3031 Sostr.
1523 2966 1692 3046 Quid
1733 2969 1899 3032 istuc
1943 2967 2286 3053 „prorsus”
2332 2989 2486 3054 ergo
2518 2967 2656 3033 est?

274 3075 407 3142 Ge.
458 3075 797 3140 Periimus.
848 3075 1087 3138 Actum
1136 3078 1251 3138 est.
1324 3071 1579 3137 Sostr.
1634 3071 1978 3158 Eloquere,
2020 3075 2308 3151 obsecr0,
2353 3075 2506 3160 quid
2547 3078 2652 3139 sit.

274 3179 407 3248 Ge.
471 3180 609 3245 Iam
650 3229 664 3245 .
741 3226 756 3244 .
828 3179 1083 3244 Sostr.
1150 3178 1399 3257 Quid,
1400 3178 1595 3256 ,iam’'
1606 3175 1894 3250 ,Geta?
1965 3176 2095 3245 Ge.
2149 3180 2560 3245 Aeschinus.

271 3289 525 3355 Sostr.
575 3286 742 3366 Quid
791 3289 848 3350 is
895 3283 1092 3371 ergo?
1164 3281 1293 3350 Ge.
1348 3281 1613 3349 Alienus
1663 3291 1759 3349 est
1806 3285 1884 3350 ab
1933 3293 2143 3351 nostra
2191 3285 2436 3351 familia

364 3393 525 3459 Don.
576 3393 653 3458 ad
703 3391 825 3458 26:
876 3392 973 3472 (1)
1020 3392 1189 3477 Apta
1239 3391 1541 3466 κόμματα
1590 3391 1754 3455 fesso
1803 3396 1869 3456 et
1913 3392 2244 3457 anhelanti
2289 3393 2368 3458 ob
2400 3397 2660 3524 pertur-

272 3477 595 3565 bationem
658 3504 723 3563 et
783 3503 1156 3562 contentum
1216 3517 1495 3560 cursum.
1637 3495 1812 3575 (2),
1811 3499 2136 3574 ,Animam
2187 3500 2414 3584 recipe'
2425 3499 2660 3585 ’quod

270 3609 337 3671 in
385 3604 654 3671 lectione
702 3611 893 3690 gestu
940 3603 1188 3669 ostendi
1236 3605 1505 3667 minime
1551 3605 1800 3687 potuit,
1849 3603 1915 3668 id
1963 3626 2036 3668 ex
2081 3605 2293 3670 verbis
2335 3603 2657 3670 Sostratae

271 3712 669 3777 ostenditur
686 3714 757 3776 in
822 3707 1019 3786 Geta;
1086 3731 1231 3774 nam
1295 3709 1435 3773 ideo
1504 3707 1743 3773 dicitur
1793 3713 2117 3787 „animam
2167 3710 2440 3797 recipe’',
2488 3711 2657 3825 quod

270 3818 383 3885 ille
434 3840 581 3904 prae
628 3817 916 3882 anhelitu
962 3816 1277 3882 crebriora
1325 3815 1519 3880 verba
1566 3819 1941 3882 continuare
1986 3838 2114 3881 non
2163 3819 2381 3902 possit.

363 3926 461 3991 Ad
509 3924 665 4002 27,
667 3927 925 4002 ,Actum
976 3923 1113 3988 est''
1157 3943 1290 4008 sqq.
1356 3921 1451 4002 (2)
1498 3921 1635 3985 Iam
1684 3923 1789 3987 hic
1828 3921 1976 4008 plus
2013 3929 2206 4009 gestu
2246 3943 2440 4007 quam
2478 3923 2656 3988 dictu

271 4037 507 4120 agitur,
558 4035 743 4117 quia,
808 4039 874 4094 ut
919 4053 1107 4112 supra
1154 4029 1436 4104 diximus,
1487 4033 1553 4092 et
1595 4027 1802 4094 lassus
1849 4035 1946 4094 est
1993 4031 2104 4115 qui
2154 4031 2408 4094 nuntiat
2455 4035 2521 4094 et
2564 4033 2658 4094 in-

270 4147 563 4226 tegratur
632 4138 809 4204 dolor
878 4139 1129 4214 nuntii,
1210 4156 1361 4200 cum
1441 4135 1610 4219 apud
1680 4133 1864 4200 illam
1934 4136 2242 4221 loquitur,
2315 4136 2392 4201 ad
2462 4157 2653 4222 quam

346 4387 393 4451 1)
438 4386 489 4435 Si
538 4383 775 4434 Probus
809 4383 1173 4433 dictinctionnm
1211 4385 1379 4432 auctor
1413 4385 1500 4442 est,
1542 4385 1595 4432 ut
1637 4383 1998 4432 wesenerus
2031 4382 2278 4432 contendit
2312 4381 2362 4432 in
2398 4381 2523 4430 libro
2567 4383 2654 4431 nde

270 4469 475 4518 Aemilio
512 4467 715 4534 Aspro”,
751 4467 829 4516 hie
862 4465 992 4516 locus
1025 4467 1265 4516 addendus
1300 4469 1367 4514 est
1405 4464 1493 4524 iis,
1526 4481 1646 4529 quos
1679 4465 1849 4514 citavit
1883 4481 1932 4529 p.
1971 4465 2028 4513 21
2051 4481 2120 4528 sq.
