3246 5085
589 322 720 388 138
1640 338 1922 388 sunus.

585 526 666 571 ac
708 508 926 593 vigere
966 526 1156 592 quam
1197 507 1480 570 maxime
1503 502 1907 570 ostendebat?
1946 504 2089 570 Non
2127 505 2311 571 credo
2336 527 2538 592 neque
2560 506 2971 573 crediderunt

584 610 698 676 alii
745 618 890 676 ante
936 633 1077 688 me,
1122 632 1272 675 nam
1319 613 1387 675 in
1427 609 1606 676 codd.
1657 608 1792 689 KQ
1835 631 1949 695 pro
1986 610 2187 691 gloria
2232 618 2567 677 exaratum
2606 633 2741 677 esse
2778 613 2969 678 video

582 716 789 799 copia,
839 717 1010 801 quod
1057 714 1304 783 Garrod
1347 721 1650 781 annotare
1697 714 2005 802 neglexit.
2066 716 2209 802 Ego
2257 725 2473 783 tamen
2517 739 2643 784 non
2689 718 2970 784 vocabu-

580 820 722 887 lum
777 822 983 905 gloria
1039 820 1514 887 sollicitandum
1580 842 1716 886 6666
1780 824 2023 907 opinor,
2084 822 2191 887 sed
2238 844 2352 908 pro
2400 826 2547 887 data
2592 824 2963 910 ponendum

579 934 762 992 rata
821 930 866 991 i.
909 948 962 992 6.
1026 927 1187 1003 fixa,
1249 926 1595 1004 destinata,
1639 926 1717 991 cf.
1769 947 1861 991 vs.
1912 926 2036 992 81:
2086 933 2263 992 ratus
2310 928 2461 993 ordo
2496 928 2643 993 -deis
2692 931 2959 994 miscere

579 1037 872 1097 cruentas
927 1031 1382 1118 Europamque
1427 1033 1777 1117 Asiamque
1823 1052 2071 1097 manus.
2135 1030 2514 1100 Conferatur
2558 1054 2811 1120 quoque
2858 1054 2955 1099 vs.

582 1135 736 1215 893,
784 1137 898 1202 ubi
943 1136 1227 1203 Achilles
1273 1136 1702 1224 Lycomedem
1750 1135 2134 1223 alloquitur:

1678 1246 1742 1307 te
1787 1240 2035 1328 pridem
2082 1248 2261 1309 tanta
2304 1244 2602 1309 manebat

850 1346 1091 1434 gloria,
1141 1350 1506 1433 quaesitum
1550 1347 1790 1413 Danais
1836 1353 1911 1413 tu
1955 1350 2167 1413 mittis
2212 1348 2553 1416 Achillem.

578 1453 907 1539 Scriptura
952 1454 1124 1537 copia
1169 1454 1459 1519 codicum
1508 1453 1643 1534 KQ
1687 1453 1957 1520 fortasse
2004 1460 2155 1521 nata
2200 1460 2299 1521 est
2346 1477 2381 1521 e
2427 1477 2522 1521 vs.
2576 1454 2739 1522 ¹792:

850 1582 975 1625 non
1022 1558 1179 1625 alias
1227 1580 1538 1645 umquam
1584 1565 1801 1626 tantae
1846 1560 2039 1625 data
2083 1564 2323 1647 copia
2368 1546 2577 1627 famae

848 1666 1123 1731 fortibus
1167 1670 1278 1731 aut
1328 1685 1554 1751 campo
1604 1668 1847 1731 maiore
1892 1669 2167 1733 exercita
2212 1670 2440 1733 virtus.

666 1877 785 1942 Est
831 1876 973 1942 finis
1021 1876 1357 1943 Protesilai
1405 1880 1709 1944 orationis
1755 1875 1835 1943 ad
1883 1876 2296 1945 Calchantem
2341 1880 2628 1947 habitae:

849 1983 954 2049 sed
1005 1983 1159 2049 felix
1205 2003 1600 2070 numeroque
1648 1982 1887 2049 ducum
1932 1988 2357 2071 praestantior
2402 1989 2612 2063 omni,

672 2088 802 2154 513
850 2092 903 2155 si
951 2110 1263 2177 magnum
1313 2090 1552 2155 Danais
1599 2090 1742 2175 pro
1789 2095 1863 2156 te
1911 2090 2313 2177 dependis
2358 2091 2701 2158 Achillem.

578 2194 803 2261 Editor
861 2217 1012 2261 cum
1081 2194 1380 2263 Golinaeo
1443 2198 1762 2261 recensuit
1817 2218 1937 2278 per
1998 2203 2055 2260 te
2122 2203 2188 2262 et
2248 2218 2396 2263 cum
2454 2198 2589 2263 cod.
2654 2197 2964 2264 Etonensi

579 2301 898 2383 deprendis
955 2301 1221 2380 addens,
1283 2300 1625 2366 lectionem
1684 2302 1972 2383 dependis
2032 2300 2257 2367 falsam
2304 2322 2440 2367 esse
2486 2306 2787 2387 quoniam
2836 2326 2963 2369 non

578 2412 725 2472 uter
783 2405 1054 2471 militari
1115 2407 1338 2472 debeat
1385 2407 1496 2473 sed
1543 2407 1658 2471 6111
1700 2409 1999 2493 gentium
2046 2411 2131 2472 sit
2174 2406 2461 2473 Achilles
2505 2415 2756 2494 agatur.
2818 2408 2963 2475 Hoc

579 2511 838 2599 quidem
877 2532 1139 2590 verum,
1187 2512 1295 2579 sed
1335 2533 1532 2599 aeque
1569 2533 1830 2592 verum,
1870 2512 2296 2579 Protesilaum
2338 2512 2702 2593 Calchanti‚
2738 2527 2962 2602 quam-

577 2621 681 2685 vis
743 2638 928 2704 opere
974 2617 1199 2684 bellico
1242 2621 1524 2684 immuni
1563 2619 1897 2704 solutoque
1916 2668 1932 2697 ,
1979 2618 2257 2706 gloriam
2306 2619 2603 2686 bellicam
2648 2641 2783 2686 6666
2830 2621 2964 2708 pol-

573 2722 868 2801 licitum,
917 2743 1066 2788 nam
1114 2729 1454 2810 postquam
1499 2746 1651 2790 eum
1696 2726 1988 2791 hortatus
2033 2731 2131 2790 est
2177 2746 2270 2790 vs.
2323 2725 2489 2792 508:

757 2875 766 2882 -
849 2829 1025 2907 heia,
1075 2833 1373 2916 inrumpe
1421 2829 1567 2896 deos
1615 2836 1681 2895 et-
1723 2830 1857 2896 fata
1890 2829 2170 2914 *latentia
2216 2852 2411 2906 vexa.

846 2934 1502 3022 laurigerosque
1549 2938 1757 3022 ignis,
1806 2938 1861 3001 si
1908 2934 2187 3021 quando,
2234 2937 2647 3002 avidissimus
2686 2936 2908 3003 hauri!

573 3041 806 3124 quibus
872 3043 1005 3106 iam
1072 3040 1384 3128 gloriam,
1469 3061 1631 3126 quae
1703 3062 1783 3107 ex
1844 3040 2097 3107 Achille
2156 3043 2469 3128 producto
2537 3041 2957 3111 Calchantem

577 3151 874 3211 secutura
919 3148 1039 3223 sit,
1089 3146 1510 3232 significavit,
1560 3146 1740 3211 addit
1791 3147 1981 3212 haec:

839 3270 1022 3318 arma
1071 3251 1379 3316 horrenda
1424 3253 1544 3317 tibi
1590 3272 1939 3337 saevosque
1985 3256 2357 3319 remisimus
2404 3257 2606 3332 ensis,

843 3376 1199 3440 numquam
1243 3357 1358 3422 has
1403 3356 1687 3422 imbellis
1732 3357 1919 3443 galea
1966 3357 2282 3424 violabere
2328 3363 2563 3425 vittas:

847 3461 983 3528 sed
1030 3461 1240 3527 felix
1284 3483 1769 3548 numeroque
1818 3463 2095 3530 ducum
2134 3467 2671 3551 praestantior
2708 3471 2950 3548 omni,

845 3569 900 3632 si
946 3588 1260 3654 magnum
1306 3589 1360 3632 6.
1385 3589 1444 3653 q.
1472 3589 1522 3632 s.

572 3672 748 3739 Haec
807 3693 958 3738 vero
1018 3673 1172 3757 quid
1231 3674 1355 3738 sibi
1416 3672 1647 3740 volunt
1709 3675 1835 3740 nisi
1897 3675 2084 3741 haec:
2147 3676 2333 3741 Nunc
2380 3682 2635 3763 tempus
2680 3685 2779 3744 est
2825 3700 2951 3765 quo

570 3778 847 3865 gloriam
894 3777 1189 3844 bellicam
1239 3779 1358 3843 tibi
1403 3799 1623 3865 parare
1671 3777 1909 3865 possis!
1956 3781 2119 3846 Sane
2166 3802 2531 3848 concessum
2582 3784 2705 3849 11111
2742 3792 2839 3850 est
2878 3793 2955 3850 ut

569 3905 791 3968 expers
837 3903 1125 3949 maneres
1173 3905 1499 3950 armorum
1545 3888 1885 3971 strepitus,
1934 3886 2045 3952 sed
2092 3889 2147 3951 si
2192 3889 2323 3951 iam
2370 3909 2514 3973 pro
2556 3896 2633 3954 te
2680 3889 2953 3955 Achil-

572 3989 725 4054 lem
776 3988 1383 4074 proeliatorem
1432 3990 1741 4070 Danais
1788 3991 2328 4077 dependeris,
2380 3993 2537 4060 felix
2584 3997 2709 4062 eris
2756 4002 2947 4082 atque

567 4094 726 4160 duce
773 4097 1002 4180 quovis
1047 4094 1504 4180 praestantior!

658 4200 1061 4286 Quamquam
1108 4203 1317 4288 igitur
1360 4203 1485 4267 fuit
1531 4223 1716 4268 cum:

819 4307 894 4370 -si
943 4326 1255 4393 magnum
1300 4305 1532 4372 Danais
1577 4311 1952 4394 pretium
1999 4309 2301 4395 dependis
2348 4311 2665 4379 Achillem

559 4432 776 4478 veram
838 4431 973 4477 esse
1034 4411 1381 4478 lectionem
1443 4415 1820 4500 suspicarer,
1891 4435 2140 4482 memor
2198 4439 2294 4484 vs.
2362 4417 2491 4484 385
2556 4418 2940 4504 ‘depositum
