3246 5085
1269 330 1599 381 uomitus.
2496 312 2622 378 103

342 496 498 577 258,
531 497 616 563 10
673 498 814 563 uidi
871 504 938 563 et
996 518 1212 563 ursam
1273 518 1608 564 mansuem
1662 546 1719 561 ..
1768 496 1948 562 cultu
1994 496 2336 563 matronali
2384 505 2622 582 (quae)

244 603 403 670 sella
445 603 820 669 uehebatur.

339 710 440 775 Ita
487 708 930 795 Luetjohanno
976 714 1319 794 praeeunte
1363 730 1425 774 v.
1468 708 1527 773 d,
1555 707 1728 773 Vliet
1774 707 1993 772 edidit.
2044 707 2356 788 Quoniam
2404 716 2624 774 autem

242 820 312 880 in
360 815 412 880 F
457 836 658 900 parva
701 814 932 879 lacuna
977 821 1074 880 est
1117 818 1288 879 inter
1333 830 1602 878 manwen
1650 819 1715 877 et
1758 814 1925 877 cultu
1962 814 2155 878 codex
2192 816 2329 899 ipse
2368 836 2627 881 monere

244 921 521 997 videtur,
579 926 650 985 ut
699 921 1082 986 scribamus:
1132 920 1269 985 uidi
1315 926 1381 986 et
1427 941 1644 985 ursam
1691 940 2024 985 mansuem
2070 942 2223 1005 quae
2266 919 2445 985 cultu
2494 942 2624 986 ma-

246 1025 479 1090 tronali
526 1023 683 1089 sella
728 1026 1100 1089 uehebatur.

338 1132 598 1195 Praeter
638 1153 904 1194 mansues
942 1130 1257 1216 Apuleius
1297 1134 1508 1195 utitur
1529 1136 1867 1193 mansuetus
1889 1128 2160 1210 (194,9;
2190 1128 2447 1206 251‚17
2474 1136 2624 1209 cet.)

250 1242 314 1300 et
360 1237 810 1320 mansuefactae
855 1234 1036 1315 (190,
1065 1235 1150 1301 23
1197 1242 1380 1317 cet.);
1440 1238 1651 1321 priora
1696 1240 1914 1300 autem
1964 1237 2255 1319 scriptor,
2304 1238 2416 1321 qui
2458 1232 2625 1298 mul-

245 1348 353 1407 tus
417 1348 512 1407 est
575 1344 643 1405 in
705 1340 1127 1426 pleonasmis,
1178 1344 1514 1427 coniungit
1560 1338 1741 1420 (158,
1770 1340 1882 1421 22)
1928 1350 2293 1405 mansuetos
2337 1361 2408 1404 ac
2450 1360 2623 1404 man-

240 1468 385 1513 sues
433 1447 658 1512 exinde
705 1448 923 1512 factos.

307 1590 423 1650 258,
443 1590 506 1640 12
545 1588 735 1655 fryqt'ie
781 1590 887 1641 Fe.
958 1590 1020 1639 18
1073 1548 1250 1655 ροέυΖηἹ
1284 1590 1352 1638 sic
1383 1592 1454 1638 eat
1491 1589 1541 1638 in
1575 1595 1614 1651 φ
1648 1591 1801 1649 (errat
1835 1588 2023 1651 editor).
2079 1588 2139 1637 15
2176 1588 2531 1653 bellorofontem
2564 1593 2618 1649 Φ.

239 1673 303 1721 22
335 1671 492 1736 alie'q;
523 1670 575 1720 F.

331 1798 484 1877 258,
513 1800 601 1865 22
661 1799 824 1866 aliae
872 1821 1046 1885 *quae
1107 1801 1464 1866 nitentibus
1511 1800 1784 1885 speculis
1830 1822 1993 1886 pone
2042 1808 2301 1884 tergum
2348 1803 2619 1865 reuersis

236 1908 520 1971 uenienti
565 1906 714 1970 deae
764 1906 1034 1971 obuium
1080 1913 1598 1970 commonstrarent
1646 1908 2045 1991 obsequium.

328 2011 398 2076 Si
443 2015 957 2098 perspexerimus
1002 2014 1335 2098 obsequium
1383 2012 1595 2078 valere
1634 2012 2120 2078 multitudinem
2163 2012 2616 2097 obsequentem

235 2120 428 2196 (sicut
472 2139 666 2202 supra
715 2118 821 2196 92,
850 2118 888 2182 5
939 2121 1260 2183 marinum
1309 2119 1685 2204 obsequium
1734 2118 2085 2204 significat:
2138 2118 2204 2182 di
2242 2120 2473 2182 marini
2514 2119 2618 2182 ob-

233 2230 592 2309 sequentes)
630 2222 794 2288 nihil
833 2224 1212 2290 habebimus
1253 2246 1368 2289 cur
1405 2246 1553 2289 cum
1592 2224 2042 2309 Petschenigio
2073 2222 2120 2303 ¹)
2155 2222 2451 2309 legamus
2474 2246 2617 2287 eom-

233 2329 662 2394 minietrarent.
704 2329 1040 2395 Invenitur
1064 2339 1386 2416 praeterea
1409 2329 1591 2410 (252,
1617 2330 1733 2409 23)
1757 2332 1908 2394 miti
1928 2334 2425 2395 commonstrato
2452 2330 2613 2395 cibo.

301 2480 416 2537 2⁵3,
434 2479 500 2529 24
534 2495 620 2544 quo
653 2480 706 2529 F.
757 2480 824 2531 83
859 2478 1066 2545 itaquae
1102 2480 1154 2530 1¹⁸.
1207 2482 1271 2530 80
1292 2483 1483 2547 faenum
1513 2480 1618 2542 ΕΦ.

302 2561 467 2620 259,1
516 2561 771 2625 simphonie.
811 2562 857 2610 12
895 2563 1162 2627 mpbmu'e.
1204 2568 1268 2624 φ,
1319 2567 1426 2627 post
1471 2563 1560 2612 hoc
1607 2561 1889 2612 vocabulum
1933 2564 1985 2613 in
2034 2565 2237 2627 utroque
2273 2563 2432 2612 codiee
2466 2564 2614 2613 inter·

233 2644 482 2708 pungitur.
535 2645 560 2691 1
597 2643 750 2694 dehic.
803 2645 834 2692 2
859 2645 1148 2709 personabat
1181 2647 1256 2707 (ut
1287 2641 1403 2706 vid.)
1431 2646 1496 2694 F·
1536 2649 1666 2694 certe
1700 2646 1761 2693 1¹⁸¹
1800 2644 1989 2694 exbibet
2011 2646 2309 2708 personabas:
2313 2648 2347 2694 t.
2402 2646 2611 2705 flantem

232 2729 308 2786 (ε
351 2729 596 2784 amoenus)
629 2731 685 2788 φ.
739 2726 768 2772 3
799 2727 872 2775 lec
873 2725 1056 2776 turine
1088 2728 1126 2777 F
1158 2727 1407 2787 (Ictu-rime
1438 2732 1512 2788 Φ).
1563 2729 1594 2774 3
1628 2725 1839 2775 iuuentis
1875 2727 1967 2788 ΕΦ.
2018 2728 2049 2775 9
2080 2731 2349 2789 pomae-u·
2383 2729 2448 2788 φ*
2458 2765 2471 2786 ,
2506 2731 2613 2792 poet

230 2823 257 2856 ο
301 2821 388 2856 ser.
439 2809 510 2854 eet
556 2806 780 2869 (fortasse
820 2822 847 2856 a
892 2808 1049 2872 prima
1095 2811 1258 2871 manu)
1300 2823 1444 2873 supra
1479 2801 1682 2858 alteram
1717 2824 1759 2858 o.
1817 2809 1876 2859 15
1912 2808 1993 2857 hie
2028 2808 2116 2869 ΥΦ.
2168 2808 2229 2856 15
2267 2809 2470 2857 uertice]
2506 2809 2609 2871 ΕΦ.

231 2894 296 2943 le
328 2885 498 2943 7trena
543 2895 634 2955 ΕΦ.
708 2893 767 2944 17
815 2898 926 2960 eta„
965 2895 1050 2954 ΕΙ,
1101 2897 1181 2944 aed
1230 2911 1290 2945 ιιι.
1312 2910 1352 2944 r.
1401 2895 1592 2960 scripsit
1632 2913 1661 2958 J
1708 2911 1794 2961 per
1839 2899 1876 2945 t.
1948 2895 2008 2948 17
2055 2895 2227 2961 eystris
2274 2895 2314 2944 F
2358 2895 2521 2945 sisa-ie
2554 2901 2607 2957 φ.

234 2979 294 3027 18
328 2978 738 3042 constrepentes&
770 2977 856 3036 1³¹,
889 2981 940 3026 at
973 2993 1036 3026 m.
1057 2993 1094 3027 r.
1131 2976 1319 3042 virgula
1352 2978 1508 3043 posita
1543 2977 1706 3027 divisit
1740 2978 1827 3026 sed
1858 2993 1887 3026 a
1920 2977 2081 3043 priore
2114 2977 2358 3027 vocabulo.

320 3119 475 3200 259,
508 3122 589 3186 19
650 3125 970 3186 antistites
1032 3142 1356 3186 sacrorum
1403 3142 1691 3207 proceres
1735 3120 1870 3198 illi,
1919 3124 2030 3206 qui
2077 3121 2343 3188 candido
2391 3121 2611 3187 lintea·

231 3231 402 3293 mine
467 3231 746 3292 cinctum
806 3227 1190 3313 pectoralem
1241 3227 1319 3292 ad
1367 3248 1568 3313 usque
1617 3230 1898 3312 uestigia
1941 3227 2195 3291 strictim
2239 3230 2457 3292 iniecti
2502 3249 2609 3312 po-

230 3335 742 3398 tentissimorum
792 3333 984 3398 deum
1017 3333 1420 3417 proferebant
1461 3335 1735 3417 insignis
1780 3334 2067 3433 exuuias.

323 3437 659 3503 Immerito
699 3439 907 3504 editor
943 3437 1319 3503 sollicitavit
1355 3438 1630 3513 strictim,
1671 3436 1836 3521 quod
1877 3443 1977 3515 (ut
2014 3440 2314 3502 omittam
2339 3438 2607 3504 Metam.

237 3542 389 3621 163,
415 3543 485 3622 2)
534 3546 690 3609 satis
739 3542 1103 3608 defenditur
1148 3541 1390 3607 Florid.
1441 3542 1557 3606 XV
1603 3549 1693 3624 (v.
1720 3543 1780 3608 d.
1806 3541 1981 3607 Vliet
2031 3542 2181 3620 165,
2214 3543 2322 3624 11)
2367 3545 2611 3610 cithara

229 3648 441 3714 balteo
480 3648 720 3715 caelato
760 3657 909 3734 apta
945 3652 1219 3714 strictim
1259 3651 1631 3714 sustinetur.
1679 3649 1881 3714 Porro
1920 3649 2229 3714 habemus
2252 3653 2610 3736 imaginem

230 3757 470 3840 pictam
517 3755 835 3821 muralem
883 3761 1269 3820 asservatam
1318 3753 1590 3840 Neapoli
1634 3757 1702 3817 in
1748 3755 1978 3821 Museo
2022 3755 2406 3834 Borbonico,
2450 3778 2611 3843 quae

231 3866 662 3946 repraesentat
720 3861 1072 3926 sacerdotes
1135 3859 1393 3924 indutos
1453 3863 1838 3925 vestimento
1898 3859 2139 3945 Apulei
2199 3861 2611 3948 descriptioni

227 3974 619 4054 congruente
647 3965 716 4047 ²).

323 4073 549 4157 Neque
597 4076 808 4158 magis
853 4071 1149 4157 legitima
1199 4071 1450 4136 videtur
1497 4071 1759 4136 editoris
1803 4071 1992 4137 lectio
2026 4074 2461 4157 praeferebant
2500 4095 2611 4160 pro

300 4365 354 4424 1)
389 4339 796 4425 Philologsslsso
830 4363 926 4424 (με.
963 4359 1102 4420 273).

299 4445 355 4510 Β)
390 4445 463 4493 Cf.
499 4444 618 4495 Mau
653 4442 866 4508 Pompei.
902 4457 982 4510 ΡΒ.
1021 4442 1131 4491 162.
