3246 5085
1277 351 1592 405 nonnus.
2550 337 2633 404 15

244 521 586 614 pulsatum·
639 540 774 586 esse
832 541 1050 586 senem
1113 541 1191 586 ex
1254 525 1638 607 argumento
1700 520 2007 586 falsarum
2054 521 2433 606 nuptiarum
2454 571 2471 600 ,
2523 521 2636 588 illo

247 631 631 712 argumento
651 671 666 702 ,
717 625 886 710 quod
931 628 1022 690 ait
1071 624 1455 710 „paululum
1497 625 1811 703 obsonii”,
1856 631 2187 711 tamquam
2231 647 2297 691 se
2332 625 2637 692 illuderet

212 732 490 805 ,Davus
635 731 732 811 (5)
779 729 946 796 Sunt
993 751 1146 816 ergo
1192 731 1418 809 verba,
1467 737 1543 795 ut
1589 730 1871 796 diximus
1920 731 2146 810 (schol.
2201 732 2269 810 1)
2300 733 2367 811 ¹),
2414 754 2636 798 secum

248 840 593 924 cogitantis
655 840 821 902 senis
879 842 992 900 aut
1040 836 1116 900 de
1162 837 1300 915 his,
1350 857 1511 921 quae
1558 858 1726 901 nunc
1772 835 2029 901 locutus
2078 844 2173 901 est
2220 837 2473 916 Davus,
2523 847 2637 904 aut

247 944 325 1009 de
373 943 654 1008 adventu
700 939 1086 1019 mulierum,
1136 963 1297 1026 quae
1345 945 1409 1006 in
1461 962 1753 1006 scaenam
1800 945 2069 1007 veniunt
2113 943 2323 1008 mod0.

341 1049 729 1135 Exemplum
774 1069 1036 1134 prorsus
1083 1051 1382 1125 unicum,
1433 1049 1543 1112 ubi
1590 1047 1911 1129 (4)=(2)
1960 1055 2025 1113 et
2062 1049 2403 1129 (5)=(1).
2453 1049 2635 1130 Quod

244 1162 466 1221 autem
503 1159 572 1220 in
611 1155 710 1236 (5)
753 1154 1008 1219 additur
1050 1160 1170 1231 „ut
1209 1152 1560 1231 diximus’',
1600 1154 1879 1218 ostendit
1917 1161 2268 1239 utrumque
2308 1158 2374 1219 in
2416 1155 2637 1221 eodem

245 1260 600 1347 exemplari
658 1261 855 1325 fuisse
912 1264 977 1324 et
1021 1257 1251 1337 illum,
1300 1260 1412 1344 qui
1460 1257 1637 1323 dedit
1684 1259 1801 1344 (5),
1852 1259 2039 1324 fateri
2085 1281 2150 1324 se
2198 1263 2395 1326 etiam
2450 1265 2641 1345 scrip-

243 1371 400 1433 sisse
468 1367 584 1446 (1).
684 1364 1078 1430 Huiusmodi
1149 1366 1562 1450 repetitiones
1623 1363 1743 1441 IP,
1816 1365 1936 1429 hoc
2002 1371 2099 1456 est
2160 1365 2495 1431 Editorem
2575 1373 2639 1431 et

243 1479 309 1538 et
353 1472 862 1537 Retractatorem
910 1473 1260 1536 commenti
1307 1471 1608 1555 genuini,
1658 1471 1855 1534 etiam
1902 1469 2056 1534 alibi
2102 1473 2497 1535 commisisse
2546 1474 2639 1535 vi-

241 1578 572 1654 debimus,
622 1597 1015 1662 quamquam
1065 1581 1209 1640 tum
1257 1575 1583 1640 Donatum
1633 1596 1757 1639 non
1803 1577 1963 1659 ipsis
2003 1575 2212 1641 verbis
2253 1579 2518 1661 repetit,
2566 1580 2643 1641 ut

245 1685 312 1750 h.
351 1683 396 1749 l.
457 1684 571 1748 ubi
628 1680 796 1747 nihil
858 1680 1104 1746 addidit
1149 1687 1398 1766 praeter
1447 1679 1713 1766 „ergo”,
1765 1687 1883 1756 „ut
1931 1680 2281 1759 diximus”,
2341 1681 2636 1759 „modo’'.

248 1787 470 1854 Altera
515 1789 811 1873 repetitio
857 1786 1209 1852 revocanda
1269 1789 1392 1850 erit
1454 1785 1533 1850 ad
1597 1784 1920 1870 duplicem
1980 1786 2260 1864 fontem,
2312 1807 2437 1872 quo
2486 1807 2639 1851 usus

247 1898 336 1959 sit
381 1893 766 1979 compilator
779 1913 796 1971 3
847 1913 973 1977 qua
1021 1891 1096 1956 de
1144 1912 1212 1956 re
1259 1898 1476 1976 postea
1526 1891 1893 1956 videbimus
1921 1891 1997 1970 2).

223 1992 232 2003 ’
340 1999 434 2064 111
487 1999 542 2063 1.
576 1997 661 2062 18
684 1997 780 2078 (3)
831 1995 1234 2082 „Discipuli”
1282 1995 1528 2082 Mysis,
1577 1995 1805 2061 Lesbia
1852 2002 1917 2061 et
1955 1996 2371 2082 Pamphilus:
2418 2019 2638 2063 omues

248 2125 366 2192 per
433 2124 593 2190 quos
663 2105 884 2190 agitur
949 2101 1228 2179 fallacia;
1296 2102 1452 2167 bene
1513 2122 1668 2187 ergo
1730 2123 1785 2166 e.
1812 2123 1870 2186 q.
1899 2123 1948 2167 s.
2135 2101 2241 2167 Sic
2289 2102 2389 2180 D.,
2456 2106 2639 2167 cuius

249 2212 448 2278 verba
505 2209 620 2286 IP,
684 2214 758 2274 ιιι
815 2208 1160 2283 refutaret,
1209 2210 1276 2271 in
1325 2207 1422 2288 (4)
1471 2209 1865 2291 repetitivit:
1919 2207 2050 2272 Alii
2095 2210 2162 2287 (i.
2191 2230 2245 2273 e.
2293 2207 2485 2288 Don.)
2534 2231 2642 2274 no-

248 2319 643 2382 minativum
691 2314 1009 2400 pluralem
1057 2319 1322 2398 putant,
1373 2318 1448 2377 ut
1497 2312 1927 2398 „discipulos”
1970 2314 2205 2379 dixerit
2243 2335 2487 2391 omnes,
2530 2335 2643 2399 per

252 2444 410 2509 quos
455 2424 675 2508 agitur
722 2420 998 2498 fallacia,
1045 2441 1099 2485 e.
1128 2441 1186 2504 q.
1216 2440 1264 2483 s.

345 2527 399 2593 V
462 2527 522 2595 6.
553 2527 592 2591 5
679 2525 855 2592 Haec
923 2529 1018 2592 ita
1085 2530 1425 2591 narrantur
1483 2525 1700 2601 Dav0,
1762 2530 1837 2590 ut
1899 2524 2120 2590 eadem
2189 2547 2380 2611 opera
2443 2529 2640 2591 etiam

181 2639 188 2647 '
251 2632 570 2702 Charinus
633 2633 870 2698 audiat.
1024 2632 1129 2697 Sic
1175 2631 1253 2695 D.
1409 2631 1566 2696 Mox
1628 2630 1731 2694 IP
1799 2630 1961 2710 6(1)
2029 2632 2185 2696 haec
2254 2635 2504 2709 omnia,
2568 2640 2643 2697 ut

253 2740 536 2805 diximus
581 2738 802 2821 (schol.
849 2738 916 2817 5)
945 2738 1012 2818 ¹),
1060 2743 1319 2823 propter
1365 2734 1719 2803 Charinum
1770 2737 2092 2815 dicuutur,
2141 2742 2217 2801 ut
2263 2738 2500 2802 audiat.

343 2956 538 3023 Eun.
602 2956 633 3020 I
693 2956 755 3020 2.
784 2954 870 3021 36
931 2954 1188 3020 Scholia
1249 2954 1344 3033 (1)
1393 2960 1458 3018 et
1504 2953 1601 3033 (2)
1666 2955 2005 3019 coniuncta
2054 2954 2318 3018 fuerunt
2361 2956 2431 3019 in
2476 2976 2641 3021 com-

249 3068 506 3139 mento,
577 3063 936 3146 horumque
1005 3060 1230 3125 finem:
1315 3058 1570 3137 „Simul
1646 3061 1947 3124 convenit
2018 3058 2283 3125 mulieri
2351 3058 2639 3145 loquenti

251 3168 699 3232 huiuscemodi
767 3165 1010 3244 mora”,
1078 3167 1375 3230 imitatus
1445 3169 1541 3229 est
1613 3163 1849 3249 aliquis
1909 3167 1977 3229 in
2041 3164 2172 3246 (4):
2244 3164 2397 3231 Vide
2444 3186 2639 3251 quam

251 3275 410 3337 satis
456 3272 880 3338 muliebriter.

344 3377 499 3443 sab
519 3379 578 3443 b.
630 3398 960 3464 perperam
1009 3379 1380 3461 proscripsit
1426 3376 1525 3455 (2)
1575 3380 1642 3439 et
1690 3375 1805 3456 (4).

341 3481 504 3547 Ibid.
555 3481 641 3547 83
668 3484 765 3562 (2)
811 3488 876 3546 et
923 3481 1039 3561 (6).
1092 3479 1185 3546 De
1234 3482 1337 3545 his
1383 3486 1622 3564 postea.

343 3587 408 3652 II
449 3588 511 3652 2.
542 3586 626 3652 32
674 3587 1032 3672 Tamquam
1079 3585 1611 3672 philosophorum
1658 3586 1897 3651 habent
1945 3586 2317 3672 disciplinae
2366 3594 2441 3653 'ex
2482 3589 2640 3673 ipsis

250 3693 594 3771 vocabula,
645 3696 911 3779 parasiti
958 3696 1050 3757 ita
1098 3698 1174 3756 ut
1221 3690 1608 3758 Gnathonici
1657 3701 1986 3758 vocentur.
2129 3693 2291 3759 Don.
2343 3694 2439 3775 (1)
2491 3715 2645 3772 „vo-

249 3798 518 3864 cabula”
582 3805 657 3863 ut
715 3799 1190 3886 Pythagorica,
1256 3796 1631 3873 Platonica..
1751 3799 1850 3879 (2)
1915 3798 2057 3865 Ηοο
2118 3802 2326 3885 igitur
2374 3820 2499 3865 non
2547 3806 2645 3865 est

325 4038 380 4101 l)
438 4037 536 4085 ‚Ut
585 4035 839 4094 diximus”,
889 4034 950 4084 cf.
996 4050 1093 4099 seq.
1133 4034 1291 4083 locum
1325 4035 1374 4081 et
1408 4048 1455 4097 p.
1495 4032 1556 4082 12
1588 4033 1695 4081 adn.
1736 4034 1793 4082 sd
1832 4033 1953 4083 Eun.
1987 4033 2014 4081 I
2052 4034 2232 4083 Lus.
2263 4034 2336 4082 Dc
2370 4032 2647 4083 auctoribus

251 4117 543 4167 scholiorum
581 4132 668 4181 per
701 4122 760 4166 ut
791 4116 1000 4167 dis-inus
1033 4118 1194 4181 postea
1230 4116 1490 4179 separatim
1525 4129 1681 4177 agam.

321 4200 378 4263 2)
428 4198 718 4249 Rabbow
764 4200 821 4248 de
863 4202 980 4248 Don.
1016 4214 1134 4247 com.
1171 4198 1222 4247 in
1260 4198 1370 4246 Ter.
1407 4212 1450 4261 p.
1491 4197 1588 4245 880
1623 4194 1739 4244 haec
1772 4195 1951 4245 scholis
1984 4196 2154 4246 citavit
2188 4213 2273 4261 pro
2307 4195 2521 4261 exemplo
2559 4197 2639 4245 du·

251 4280 390 4346 plicis
437 4280 743 4339 recensionis,
791 4281 871 4328 sed
919 4280 1213 4328 rarissimum
1256 4278 1526 4343 exemplum
1560 4277 1695 4327 nulls
1739 4278 2152 4341 argumentatione
2186 4278 2462 4329 declaravit.
2497 4280 2647 4341 Spero

251 4363 356 4411 fore
405 4372 458 4411 ut
505 4362 618 4412 huic
653 4362 993 4419 dissertationi,
1029 4376 1150 4423 quse
1186 4360 1394 4409 maxime
1427 4359 1695 4408 versabitur
1726 4359 1776 4408 in
1812 4360 2041 4409 Eunucho
2075 4364 2123 4410 ct
2158 4360 2461 4417 Phormione,
2499 4358 2647 4407 etiam

250 4444 441 4494 accedat
476 4444 724 4510 dispositio
759 4443 1054 4494 scholiorum
1091 4442 1450 4491 intricatiorum
1489 4442 1547 4490 ad
1581 4442 1831 4491 Andriam.
