3246 5085
1236 350 1591 399 nouarum.
2526 333 2611 398 49

237 516 680 600 Amarynceus
723 519 788 578 et
832 512 1151 598 Iphiclus,
1193 514 1454 578 fuerunt
1492 512 1676 578 Iason
1716 518 1779 576 et
1816 511 2129 578 Admetus
2166 519 2231 579 et
2270 512 2580 578 Hercules
2599 561 2613 588 ‚

230 621 359 685 fuit
402 620 735 685 Pirithous
765 617 834 699 ¹),
864 655 948 667 —
974 639 1053 684 ne
1094 617 1281 702 plura
1316 621 1574 683 nomina
1611 617 1998 683 cumulando
2035 617 2324 704 legentes
2347 619 2617 704 fatigem

229 729 572 811 ipsamque
641 726 711 789 in
774 744 900 810 qua
972 742 1186 788 versor
1254 722 1763 808 disputationem
1833 722 2088 788 turbem
2151 725 2363 809 magis
2424 743 2617 808 quam

230 829 581 895 illustrem.

331 1047 460 1112 Ubi
523 1067 673 1112 vero
735 1046 967 1112 Nestor
1024 1045 1134 1111 ille
1197 1046 1644 1110 msaeclioenex
1704 1045 1810 1111 vel
1868 1053 1959 1110 ter
2002 1068 2143 1110 aevo
2178 1047 2444 1130 functus
2462 1094 2479 1123 ,
2529 1082 2613 1094 —-

241 1151 546 1238 quicquid
591 1151 658 1216 id
707 1149 835 1217 est!
887 1190 970 1200 —
1021 1154 1132 1236 qui
1179 1154 1346 1217 vixit
1389 1173 1578 1215 amno-3
1628 1152 1719 1215 bie
1766 1158 1993 1215 centum
2020 1150 2071 1232 ²)
2116 1157 2182 1216 et
2226 1149 2551 1237 amplius?

333 1256 636 1324 Carmina
682 1256 1028 1323 Homerica
1072 1278 1221 1321 cum
1269 1264 1763 1342 perscrutamur,
1811 1259 2023 1322 missis
2068 1260 2274 1342 poetis
2317 1259 2619 1322 recentio-

234 1365 450 1441 ribus,
492 1383 696 1427 unum
733 1365 801 1426 in
841 1361 1039 1427 Iliade
1076 1361 1292 1427 locum
1333 1398 1412 1410 -
1457 1363 1588 1426 iam
1629 1383 1820 1447 supra
1854 1383 1891 1426 a
1929 1363 2111 1428 nobis
2148 1362 2506 1427 indicatum
2531 1399 2614 1409 —

236 1471 608 1534 invenimus
654 1469 769 1532 ubi
814 1467 1128 1532 eiusmodi
1178 1467 1331 1551 quid
1379 1467 1647 1543 dicatur,
1696 1488 1901 1532 unum
1946 1471 2209 1552 inquam
2229 1515 2246 1543 ,
2294 1466 2402 1532 sed
2438 1469 2507 1531 in
2545 1487 2620 1531 ea

235 1573 461 1638 Iliadis
499 1575 556 1637 is
596 1582 693 1639 est
730 1579 909 1659 perte
928 1621 946 1650 ,
987 1594 1147 1658 quae
1188 1575 1481 1638 oninium
1519 1572 1715 1658 longe
1754 1575 2089 1638 notissima
2128 1578 2222 1637 est
2246 1592 2617 1658 semperque

231 1680 384 1744 fuit.
446 1679 614 1744 Nam
667 1679 1208 1764 quemadmodum
1255 1682 1452 1745 etiam
1499 1681 1610 1763 qui
1652 1678 2011 1742 Homerum
2057 1676 2243 1763 plane
2288 1681 2617 1764 ignorant,

235 1787 524 1870 primum
567 1793 783 1850 tamen
818 1783 986 1849 illud
1029 1791 1248 1862 „afim
1287 1783 1496 1848 aaa?
1537 1783 1925 1849 audiverunt
1962 1783 2335 1868 aliquando,
2378 1785 2469 1848 sic
2509 1784 2621 1868 qui

237 1889 522 1975 aliquam
570 1892 708 1956 eius
755 1891 1056 1975 operibus
1101 1889 1554 1976 cognoscendis
1598 1909 1856 1975 operam
1902 1889 2355 1974 impenderunt
2401 1891 2619 1974 pueri,

239 1997 495 2059 etiamsi
535 2014 766 2080 parum
803 1995 1184 2080 profecerint
1226 2017 1339 2060 nec
1376 1993 1664 2060 multum
1704 1993 1964 2059 valeant
1992 1997 2330 2071 memorie,
2354 1996 2619 2058 initium

243 2105 412 2164 certe
471 2102 804 2176 carminis,
854 2120 979 2184 quo
1026 2103 1164 2165 rixa
1209 2103 1460 2165 canitur
1503 2101 1902 2184 principum,
1952 2101 2042 2163 sic
2088 2101 2241 2163 satis
2288 2100 2619 2184 cognitum

242 2205 474 2270 habere
533 2205 740 2270 solent
793 2213 862 2270 et
926 2226 1251 2271 summam
1313 2204 1541 2270 saltem
1587 2225 1809 2270 rerum
1853 2209 2068 2268 mente
2116 2211 2347 2269 tenere.
2395 2203 2620 2288 Itaque

243 2309 384 2376 fieri
427 2331 554 2375 non
614 2313 826 2395 potuit
883 2313 1037 2394 quin
1101 2309 1250 2375 telis
1309 2312 1723 2394 potissimum
1783 2307 2019 2374 Nestor
2076 2315 2222 2373 ante
2281 2308 2620 2373 hominum

241 2421 527 2481 mentem
573 2423 933 2481 versaretur
978 2414 1189 2500 qualis
1237 2416 1616 2482 describitur
1660 2413 1834 2488 illic:

1671 2527 1827 2585 τοῖσι
1876 2519 1939 2584 δὲ
1988 2520 2236 2599 Νέστωρ

515 2627 832 2701 νηδυεεπῆς
880 2627 1195 2709 ἀνόρουσε,
1244 2626 1434 2705 λιγὺς
1481 2628 1722 2692 Πυλίων
1767 2628 2112 2705 ἀγορητής,

513 2736 620 2796 τοῦ
671 2732 775 2795 καὶ
826 2733 951 2798 ἀπὸ
999 2734 1290 2810 γλώσσης
1337 2731 1590 2809 μέλιτος
1639 2731 1909 2809 γλυκίων
1957 2732 2101 2809 ’ρέεν
2147 2730 2325 2805 αὐδή.

333 2836 467 2904 250
516 2838 616 2918 τῷ
665 2836 716 2901 δ’
757 2837 896 2912 ἤδη
947 2837 1080 2902 δύο
1129 2842 1270 2915 μὲν
1319 2837 1604 2915 γενεαὶ
1655 2837 2021 2914 μερόπων
2071 2836 2485 2915 ἀνθρώπων

518 2942 854 3023 ἐφθίαθ’,
903 2940 980 3007 οἵ
1014 2966 1121 3010 rot
1170 2942 1510 3023 πρόσθεν
1555 2940 1687 3018 ἅμ’
1727 2940 2081 3022 ἓτραφον
2128 2941 2227 3014 ἧδ’
2268 2940 2620 3026 ἐγένοντο

520 3048 594 3112 ἐν
640 3048 870 3127 Πύλῳ
919 3048 1261 3128 ἠγαθέῃ,
1309 3048 1520 3123 μετὰ
1568 3047 1646 3112 δὲ
1694 3048 2151 3125 τριτάτοισ’
2204 3046 2619 3112 §rivae-ee.

517 3147 552 3215 ὅ
592 3160 741 3231 σφιν
788 3154 854 3218 ἐὺ
900 3154 1159 3232 Φρονέων
1205 3154 1553 3231 ἀγορήσατο
1600 3154 1705 3217 καὶ
1752 3152 2090 3229 μετέεειτε.

243 3257 369 3323 Sed
423 3256 607 3323 facile
668 3259 983 3323 sentimus
1043 3265 1172 3323 tres
1215 3257 1362 3323 illos
1408 3279 1633 3324 versus
1678 3257 2061 3323 clarissimos
2079 3305 2095 3335 ‚
2144 3278 2299 3342 quos
2346 3256 2621 3322 diductis

237 3362 474 3429 litteris
532 3366 877 3448 insignivi,
943 3366 1078 3428 sine
1137 3370 1473 3429 contextus
1536 3364 1921 3429 detrimento
1984 3365 2202 3428 omitti
2261 3383 2446 3447 posse
2493 3383 2623 3428 me-

240 3467 496 3553 liusque
537 3468 694 3533 adeo
742 3470 982 3533 omitti.
1045 3468 1130 3534 Et
1175 3472 1480 3554 quoniam
1525 3490 1676 3535 cum
1722 3490 1796 3535 ee
1842 3489 2035 3554 quam
2081 3488 2273 3553 supra
2320 3489 2354 3534 e
2400 3470 2623 3533 carmi-

241 3572 434 3637 nibus
477 3574 675 3657 epicis
713 3570 1036 3637 effecimus
1073 3572 1362 3639 Nestoris
1400 3578 1688 3661 imagine
1726 3577 1997 3639 minime
2033 3580 2415 3660 congruunt,
2455 3578 2618 3659 post·

241 3677 432 3743 modo
480 3680 637 3771 quin
684 3677 922 3742 fuerint
964 3680 1189 3743 inserti
1236 3686 1374 3744 aut*
1395 3682 1636 3745 mutati
1681 3702 1805 3744 non
1852 3680 2109 3745 videtur
2156 3680 2445 3745 dubium.

339 3784 422 3848 At
503 3785 736 3847 reicere
818 3802 980 3867 quae
1048 3783 1424 3868 displiceant
1493 3787 1853 3862 temerarii,
1926 3807 2052 3851 non
2121 3784 2453 3870 prudentis
2524 3790 2623 3849 est

246 3885 494 3953 critici?
574 3884 925 3972 Odysseam
991 3889 1198 3973 igitur
1263 3891 1714 3974 inspiciamus;
1786 3892 1891 3955 cui
1962 3892 2231 3955 carmini
2303 3888 2620 3975 capularis

245 4012 436 4056 senex
503 3991 737 4057 Nestor
803 4012 1000 4077 aeque
1069 3993 1334 4078 ignotus
1399 4001 1495 4058 est
1563 4000 1755 4079 atque
1822 3992 2041 4072 Iliadi,
2105 3994 2256 4060 licet
2314 3996 2621 4078 temporis

243 4096 666 4163 intervallum
721 4096 980 4183 aliquod
1041 4101 1176 4163 sive
1236 4102 1447 4164 maius
1505 4102 1643 4165 sive
1703 4103 1921 4165 minus
1966 4102 2396 4166 intercesserit
2454 4102 2623 4164 inter

311 4355 366 4419 1)
406 4358 451 4401 Α
485 4353 598 4403 204.

311 4434 366 4496 2)
400 4433 542 4482 ovid.
579 4434 780 4481 Metam.
814 4430 911 4481 m
947 4433 1060 4481 188.
