3246 5085
639 312 770 379 364
1437 328 1522 376 na
1569 326 1889 379 anamais
1935 325 2249 374 marmoo.

636 505 894 567 humana
945 500 1164 583 palam
1227 504 1440 583 coquat
1501 503 1641 561 exta
1702 494 1992 580 nefarius
2039 497 2277 575 Atreue,
2326 502 2435 559 aut
2480 496 2545 559 in
2590 518 2753 559 avem
2802 495 3050 559 Procne

632 615 924 685 vertatur,
963 608 1211 670 Cadmus
1251 606 1316 669 in
1355 608 1629 687 anquam)
1672 602 1905 687 quibus
1932 602 2221 666 versibus
2246 588 2607 688 'significari
2631 602 3045 667 Baccharum

634 717 882 780 exitum
946 713 1209 776 fuerunt
1255 711 1516 795 quidem
1569 712 1681 793 qui
1730 707 2053 773 crederent
2100 708 2209 801 sed
2254 708 2501 773 iamdiu
2546 709 2808 773 refutati
2856 714 3043 772 sunt.

631 820 854 905 Itaque
918 816 1200 884 Cadmus
1263 818 1388 881 fuit
1449 814 1669 881 fabula
1730 834 1928 898 eaque
1973 816 2343 891 notissima,
2395 835 2557 900 quae
2607 821 2821 880 tamen
2870 836 3043 879 num

619 929 766 991 iam
831 923 1415 990 Alexandrinorum
1485 928 1691 987 aetate
1760 920 2060 1006 Euripidi
2131 923 2219 986 sit
2288 921 2609 1007 adscripta
2684 922 3045 987 nescimuS.

635 1033 910 1097 Etiamsi
945 1038 1166 1096 autem
1203 1034 1522 1097 constaret
1561 1027 1775 1093 fraudi
1815 1027 2028 1092 deberi
2070 1048 2296 1093 versus
2320 1048 2478 1112 quos
2502 1028 2735 1094 referat
2756 1028 3044 1106 Probus,

635 1159 894 1204 causam
954 1158 1082 1202 non
1143 1136 1432 1209 viderem
1495 1141 1569 1199 ut
1630 1155 1779 1199 cum
1840 1132 2334 1199 Wilamowitzio
2396 1156 2799 1201 censeremus
2868 1132 3046 1201 Cad-

595 1292 598 1297 -
636 1267 824 1311 mum
869 1265 1226 1330 numquam
1274 1244 1562 1308 extitisse
1611 1240 1720 1307 sed
1766 1242 2147 1307 ementitam
2195 1262 2330 1307 esse
2374 1240 2679 1308 fabulam.
2723 1240 3047 1309 Ceterum

640 1373 740 1417 res
774 1332 1048 1429 incerta,
1094 1355 1159 1416 et
1201 1351 1461 1415 omnino
1501 1347 1772 1414 concedo
1814 1367 2037 1413 versus
2075 1345 2233 1412 alios
2272 1345 2421 1412 illos
2460 1369 2693 1434 parum
2722 1354 3049 1427 τραγικῶς

638 1458 839 1523 dictos
890 1456 1096 1524 videri
1141 1477 1301 1541 quos
1351 1476 1428 1519 ex
1477 1452 1721 1520 Cadmo
1768 1458 2016 1519 sumtos
2062 1475 2199 1519 esse
2244 1453 2323 1519 ab
2372 1453 2783 1542 Hermogene
2830 1458 3055 1541 suspi-

637 1570 864 1630 cantur
926 1564 1051 1627 viri
1114 1562 1285 1627 docti
1348 1562 1452 1641 (fr.
1516 1563 1642 1626 inc.
1694 1558 1827 1627 930
1889 1557 2066 1639 οἴμοι,
2134 1558 2362 1639 δράκων
2428 1585 2545 1636 μου
2606 1562 2899 1639 γίγνεται
2962 1561 3047 1626 τὸ

638 1668 858 1745 ἥμισυ·
911 1669 1116 1733 τέκνον
1167 1667 1577 1746 περιπλάκηθι
1629 1669 1709 1746 τῷ
1763 1668 1952 1746 λοιπῷ
2002 1670 2241 1747 πατρί).
2302 1668 2525 1733 Manet
2569 1669 2785 1753 itaque
2831 1668 3051 1733 ambi-

627 1797 844 1863 -guum
892 1781 1118 1839 utrum
1182 1770 1501 1843 Cadmum
1566 1776 1631 1837 in
1702 1771 2071 1858 catalogum
2136 1793 2402 1839 numero
2462 1771 2645 1837 LXX
2708 1794 3049 1839 assumere

637 1886 918 1969 praestet
966 1900 1046 1946 an
1094 1880 1328 1958 referre
1377 1879 1454 1944 ad
1505 1878 1986 1956 (ἐπιλεγόμενα.

735 1987 822 2057 '70
899 1989 1152 2052 Cadmus
1169 1987 1206 2051 .?

733 2096 998 2161 Restant
1042 2093 1256 2161 Lamia
1303 2100 1369 2159 et
1414 2094 1637 2177 Scylla.

731 2203 1027 2267 Lamiam
1074 2201 1288 2267 deesse
1334 2202 1404 2264 in
1451 2200 1778 2271 Marmore
1826 2198 2073 2264 Albano
2118 2197 2475 2264 notandum
2522 2204 2618 2265 est
2665 2221 2778 2265 nec
2818 2204 3047 2265 tamen

639 2309 808 2376 illud
857 2308 1126 2375 sufficiet
1173 2308 1253 2372 ad
1293 2305 1748 2372 damnandum.
1796 2304 2058 2371 Etenim
2098 2305 2518 2371 Alcumenam
2558 2325 2809 2391 quoque
2850 2307 3051 2371 omit-

642 2419 723 2481 tit
769 2414 937 2503 lapis
983 2413 1272 2479 Albanus
1318 2433 1515 2498 quam
1560 2412 1752 2477 babet
1796 2411 1963 2497 lapis
2003 2413 2289 2479 Piraicus
2330 2420 2469 2493 (nec
2508 2415 2851 2500 quisquam
2890 2434 3042 2478 eam

629 2524 1005 2610 ‘suspicatur
1064 2519 1363 2606 Euripidi
1425 2518 1965 2600 abiudicandam).
2030 2517 2157 2585 Sed
2219 2518 2418 2586 Varro
2464 2523 2653 2602 (teste
2702 2519 3043 2586 Lactantio

640 2630 795 2697 Inst.
843 2629 875 2696 I
925 2628 985 2694 6.
1013 2627 1084 2710 8)
1141 2627 1423 2714 Libycae
1485 2625 1776 2712 Sibyllae
1823 2629 2195 2692 meminisse
2242 2625 2621 2713 Euripidem
2668 2627 2735 2691 in
2784 2627 3045 2692 Lamiae

640 2737 879 2822 proloqo
925 2735 1140 2814 docet,
1191 2734 1577 2819 quibuscum
1617 2734 1915 2799 convenit
1954 2731 2150 2798 schol.
2192 2732 2359 2798 Plat.
2399 2755 2462 2819 p.
2506 2731 2696 2798 9631)
2737 2733 3044 2812 „aemma

642 2843 944 2921 Λίβυσσαι
1011 2837 1072 2915 ἧς
1119 2843 1364 2918 μνήμην
1413 2841 1744 2913 ἐποιήσατο
1793 2838 2123 2919 Εὐριπίδης
2170 2840 2229 2903 ἐν
2278 2842 2361 2920 τῷ
2413 2840 2693 2920 προλόγῳ
2740 2846 2851 2914 τῆς
2903 2851 3049 2905 Λα-

637 2949 858 3028 μιάις”.
901 2985 986 2997 —-—
1033 2947 1430 3033 „Prologum
1471 2947 1681 3011 nescio
1720 2947 1903 3010 cuius
1941 2945 2191 3011 fabulae
2231 2947 2565 3025 recitasse,
2610 2968 2739 3012 non
2779 2945 3041 3012 fabulae

637 3078 870 3122 nomen
933 3055 1177 3120 dedisse
1240 3053 1558 3119 traditur”
1627 3056 1848 3117 monet
1897 3050 2340 3117 Wilamowitz.
2391 3051 2713 3137 Equidem
2759 3052 3041 3118 dixerim

638 3163 850 3228 verbis
915 3161 1223 3240 „Lamiae
1285 3157 1674 3245 prologum''
1737 3163 1893 3222 tunc
1954 3157 2219 3223 demum
2278 3158 2355 3223 ab
2400 3160 2747 3244 interprete
2790 3155 3043 3225 Graeco

639 3268 950 3334 Latinove
1015 3264 1401 3353 „prologum
1466 3286 1659 3350 quem
1722 3264 1889 3329 dixit
1948 3263 2216 3330 Lamia’'
2279 3264 2667 3350 significari,
2722 3268 2777 3330 si
2823 3286 3042 3332 sermo

637 3377 723 3439 sit
772 3381 885 3439 aut
934 3373 1008 3438 de
1056 3372 1273 3438 fabula
1319 3372 1617 3438 omnibus
1668 3376 1821 3437 nota
1868 3371 2105 3451 (veluti
2150 3373 2293 3456 quis
2342 3369 3039 3462 Πολυδώρουοπρόλογον

636 3480 924 3545 indicans
988 3501 1112 3544 non
1175 3483 1474 3545 vereatur
1535 3499 1614 3543 ne
1676 3499 1804 3543 non
1878 3480 2101 3542 statim
2170 3475 2436 3543 lectores
2505 3476 2891 3564 intellegant
2956 3477 3041 3542 de

639 3587 944 3652 Hecubae
1003 3587 1190 3650 initio
1255 3587 1553 3672 cogitari)
1615 3592 1730 3650 aut
1794 3582 1871 3649 de
1926 3583 2141 3649 fabula
2187 3587 2292 3650 cui
2337 3605 2603 3670 persona
2651 3605 2812 3671 quae
2858 3605 3040 3670 prae-

640 3695 814 3758 fatur
858 3713 1090 3757 nomen
1139 3691 1315 3756 dedit
1362 3689 1590 3769 (veluti
1646 3690 2076 3770 ’Λνδρομαὶχης
2121 3690 2467 3773 πρόλογος).
2525 3691 2788 3755 Lamiae
2821 3692 3043 3778 igitur

640 3800 946 3886 prologus
1010 3797 1103 3874 nil
1167 3799 1290 3862 nisi
1352 3795 1697 3884 prologum
1764 3818 1957 3883 quem
2019 3795 2247 3861 Lamia
2302 3797 2496 3862 habet
2540 3799 2609 3861 in
2654 3800 3045 3884 cognomine

642 3907 928 3972 dramate
990 3905 1158 3969 mihi
1219 3902 1583 3989 significare
1647 3923 1831 3988 posse
1888 3901 2165 3968 videtur.
2231 3901 2321 3966 Ut
2374 3901 2691 3969 Cadmum
2738 3904 2830 3968 ita
2877 3902 3043 3969 addo

642 4010 934 4097 catalogo

737 4114 817 4183 ’71
893 4117 1108 4179 Lamia
1125 4116 1160 4180 ‚7

728 4221 980 4286 Ultima
1041 4229 1137 4287 est
1201 4222 1423 4306 Scylla.
1495 4221 1811 4300 Quoniam
1874 4242 2031 4287 vero
2098 4227 2242 4306 post
2306 4221 2671 4288 Aristotelis
2731 4243 2867 4308 cap.
2918 4223 3043 4287 XV

637 4331 818 4394 Artis
863 4328 1159 4394 Poeticae
1208 4349 1532 4414 nusquam
1573 4331 1712 4393 eius
1750 4326 2005 4394 fabulae
2044 4348 2276 4392 nomen
2318 4330 2607 4405 recurrit,
2647 4326 2800 4394 licet
2838 4333 3046 4415 suspi-

637 4438 768 4502 cari
817 4455 961 4501 eam
1009 4434 1295 4502 fabulam
1344 4432 1792 4502 Alexandrinis
1841 4435 2241 4521 temporibus
2287 4438 2421 4501 iam
2462 4437 2803 4501 interiisse.
