3246 5085
578 277 717 353 290·
1622 296 1936 352 nonnus.

573 493 711 535 nam
770 477 839 533 ut
898 470 1162 534 variaret
1209 476 1557 552 parente
1576 475 1630 532 ἧι
1691 469 1874 551 dixit,
1939 484 2107 554 quem
2169 490 2358 552 supra
2418 472 2531 549 (vs.
2589 465 2658 549 7)
2719 467 2988 532 dixerat

561 581 892 659 patrem.
1032 573 1129 657 (5)
1170 574 1431 641 Patrem
1471 596 1625 662 ergo
1666 574 1833 640 dixit
1869 573 2123 661 puella-e
2162 594 2200 640 a
2236 572 2637 659 Demiphone
2658 574 2984 660 ignorari.

666 682 873 763 Quam
918 682 1336 748 vehementer
1380 682 1485 747 hic
1530 680 1959 768 interpolatus
2007 683 2093 746 sit
2138 680 2192 745 B
2239 682 2321 760 (A
2370 679 2575 759 deest)
2621 679 2990 746 ostendunt

574 791 832 856 cursiva
878 789 1339 868 Wessneri‚
1413 789 1524 874 qui
1588 793 1896 875 quattuor
1958 786 2411 853 tantummodo
2472 787 2666 853 verba
2723 785 2986 851 intacta.

571 894 858 981 reliquit.
927 893 1194 974 Merito,
1256 893 1368 961 sed
1430 894 1686 961 accedat
1746 898 2003 980 oportet
2050 895 2249 960 etiam
2296 892 2413 974 (5),
2464 894 2668 958 otiosa
2713 889 2988 957 conclu-

572 1000 867 1068 siuncula
935 1000 1292 1088 magistelli
1362 1022 1478 1088 per
1543 1023 1703 1084 erqo,
1776 1022 1968 1087 quem
2039 1003 2292 1087 saepius
2360 1001 2494 1064 iam
2564 998 2982 1066 offendimus.

572 1107 828 1175 Scholia
873 1105 971 1188 (3)
1036 1113 1101 1174 et
1163 1107 1259 1190 (4)
1306 1106 1485 1174 olent
1532 1110 1919 1194 sapientiam
1968 1107 2291 1185 Editoris‚
2341 1108 2468 1172 nisi
2515 1105 2681 1192 quod
2731 1105 2976 1170 verba:

570 1215 679 1279 boo
740 1212 898 1278 enim
942 1213 1109 1297 siqu.
1174 1215 1359 1294 modo,
1427 1235 1465 1279 a
1509 1214 1848 1280 Wessnero
1897 1219 2066 1279 recte
2112 1233 2149 1280 a
2196 1213 2587 1299 praegressis
2633 1216 2931 1297 separata
2953 1257 2973 1288 ‚

568 1319 941 1407 magistello
989 1319 1306 1386 reddenda
1353 1325 1525 1385 sunt.

661 1426 887 1513 Itaque
955 1428 1118 1492 serie
1187 1427 1261 1506 B,
1332 1431 1585 1512 praeter
1645 1425 1908 1512 longam
1973 1431 2040 1492 et
2099 1427 2424 1511 integram
2484 1422 2974 1490 adnotationem

571 1532 805 1599 Donati
844 1532 963 1620 (1),
1003 1553 1198 1619 quam
1235 1534 1458 1610 omisi,
1506 1532 1770 1598 exhibet
1809 1552 2067 1618 operam
2106 1534 2172 1597 et
2209 1530 2490 1598 Editoris
2528 1535 2594 1596 et
2632 1527 2982 1616 magistel-

570 1638 783 1706 lorum
834 1639 1111 1705 duorum
1157 1638 1265 1705 vel
1311 1641 1527 1704 unius.

661 1745 822 1811 Ibid.
875 1745 956 1810 11
1033 1744 1191 1811 Vide
1238 1747 1509 1811 avaritia
1558 1743 1714 1831 quid
1762 1740 1949 1810 facit!

662 1853 717 1917 A
780 1852 958 1919 Haec
1018 1873 1360 1920 conversus
1422 1851 1501 1918 ad
1563 1850 1880 1917 circulum
1943 1856 2008 1916 et
2053 1870 2352 1916 coronam
2399 1851 2974 1915 circumstantium

572 1961 985 2044 conqueritur
1046 1965 1110 2024 et
1172 1959 1363 2025 dicit:
1430 1955 1611 2024 nulla
1666 1961 1841 2024 enim
1887 1979 1956 2023 re
2005 1958 2216 2044 magis
2262 1947 2538 2042 populus
2583 1958 2972 2036 concitatur,

578 2085 776 2150 quam
825 2068 880 2130 si
926 2067 1070 2151 quis
1116 2086 1393 2152 egenum
1440 2069 1842 2142 contemnat;
1893 2063 2041 2128 inde
2087 2069 2153 2128 et
2199 2060 2548 2128 Sallustius
2597 2062 2822 2140 „bonis
2868 2064 2974 2127 in-

573 2171 799 2237 vident
843 2175 909 2237 et
953 2170 1159 2238 malos
1206 2171 1562 2250 extollunt,
1612 2177 1805 2256 atque
1853 2169 2028 2236 sed”.
2078 2175 2197 2234 eto.

667 2275 722 2341 B
748 2277 846 2364 (2)
891 2277 1190 2364 Proprie:
1244 2278 1475 2358 „vide”
1525 2276 2074 2344 stomachantibus
2123 2276 2460 2353 convenit,
2510 2277 2622 2361 qui
2669 2274 2974 2362 indigna-

570 2384 747 2449 tione
794 2391 1117 2471 coguntur
1164 2388 1345 2471 quasi
1392 2406 1541 2450 cum
1590 2383 1807 2471 aliquo
1851 2381 2132 2467 colloqui
2149 2402 2165 2460 ;
2209 2383 2301 2447 sic
2338 2385 2476 2467 ipse
2511 2382 2578 2446 in
2618 2379 2970 2466 Adelphis:

578 2488 786 2570 „illud
833 2493 921 2556 sis
967 2490 1148 2557 vide:
1197 2489 1568 2577 exemplum
1620 2485 2074 2575 disciplinael”
2124 2486 2292 2553 Sunt
2337 2490 2449 2574 qui
2493 2491 2722 2572 putent
2768 2484 2971 2552 illum

572 2595 767 2663 alicui
814 2597 890 2663 de
936 2618 1168 2664 corona
1213 2600 1774 2663 circumstantium
1821 2595 2030 2661 dicere
2075 2594 2404 2661 moraliter
2454 2592 2707 2669 ‚.vide'’.

662 2702 761 2767 Ex
822 2705 1155 2770 contrariis
1206 2704 1844 2790 interpretationibus
1891 2707 1999 2767 τοῦ
2049 2700 2283 2781 „vide”
2334 2720 2485 2767 sana
2529 2705 2626 2765 est
2672 2698 2724 2765 B
2751 2697 2847 2779 (2)
2893 2704 2970 2765 et

572 2815 723 2895 apto
768 2809 1063 2895 exemplo
1099 2808 1458 2887 illustrata,
1500 2814 1566 2875 et
1605 2808 1924 2875 reicienda
1963 2813 2063 2873 est
2102 2809 2158 2872 A
2198 2828 2346 2873 cum
2385 2808 2603 2891 inepto
2641 2803 2965 2890 exemp10‚

572 2918 809 3001 quippe
864 2914 1032 3002 quod
1076 2936 1479 3001 nequaquam
1526 2914 1844 2989 ostendat,
1893 2911 2210 3000 ‘populum
2257 2913 2564 2977 concitari
2611 2913 2667 2975 si
2715 2931 2967 2996 egenus

571 3024 1038 3100 contemnitur3
1105 3028 1279 3086 totus
1340 3023 1512 3086 enim
1575 3018 1871 3085 Sallustii
1930 3017 2111 3083 locus
2173 3019 2264 3082 sic
2325 3037 2391 3082 se
2450 3015 2672 3082 habet:
2749 3016 2969 3093 „Nam

572 3147 825 3213 semper
880 3128 949 3192 in
1010 3129 1308 3207 civitate,
1372 3127 1605 3212 quibus
1671 3147 1822 3212 opes
1880 3124 2096 3190 nullae
2141 3130 2294 3189 sunt
2341 3122 2403 3188 b.
2430 3124 2473 3188 i.
2500 3144 2588 3188 m.
2615 3143 2694 3199 e.‚
2742 3129 2971 3188 vetera

572 3232 759 3298 odere
805 3253 971 3298 nova
1008 3238 1352 3319 exoptant,
1392 3233 1537 3298 odio
1575 3253 1840 3298 suarum
1882 3252 2102 3296 rerum
2141 3232 2381 3313 mutari
2423 3230 2638 3295 omnia
2676 3227 2964 3307 student,

572 3340 763 3404 turba
831 3345 1024 3425 atque
1093 3339 1511 3406 seditionibus
1580 3343 1717 3406 sine
1777 3359 1930 3404 cura
1993 3336 2278 3414 aluntur,
2344 3338 2647 3422 quoniam
2707 3341 2966 3421 egestas

570 3444 757 3511 facile
801 3446 1076 3512 habetur
1121 3448 1256 3512 sine
1304 3446 1558 3512 damno.

660 3552 847 3618 Hanc
870 3557 1089 3618 autem
1112 3551 1595 3638 Interpolatoris
1630 3552 1675 3632 ¹)
1699 3552 2294 3636 interpretationem
2319 3550 2536 3612 minus
2559 3546 2962 3633 probabilem

568 3680 647 3725 ex
694 3657 749 3724 A
802 3658 1034 3744 aliquis
1082 3660 1395 3743 mag-ister
1440 3656 1700 3723 rettulit
1747 3664 1894 3742 post
1939 3656 2133 3721 finem
2171 3653 2399 3721 scholii
2437 3652 2599 3719 Don.
2638 3656 2707 3718 in
2747 3652 2799 3718 B
2824 3651 2956 3733 (2):

572 3764 779 3845 „Sunt
824 3766 938 3850 qui
983 3764 1254 3849 putent'’
1306 3769 1454 3829 cett.

659 3871 885 3957 Itaque
946 3873 1015 3936 in
1076 3871 1135 3936 A
1193 3869 1420 3936 Editor
1465 3874 1709 3949 exstat,
1756 3871 1824 3934 in
1870 3868 1925 3934 B
1951 3868 2047 3949 (2)
2095 3874 2237 3948 (nec
2284 3888 2408 3933 non
2452 3868 2520 3931 in
2565 3865 2785 3947 B(1))
2833 3864 2963 3932 Do—

566 3983 757 4043 natus
806 3997 955 4041 cum
1002 3976 1437 4042 additamento
1485 3977 1786 4062 magistri
1832 3977 2034 4060 petito
2081 3975 2159 4039 ab
2208 3972 2489 4038 Editore.

664 4082 826 4148 Ibid.
882 4082 964 4148 12
1012 4082 1084 4149 Si
1131 4105 1316 4150 erum
1359 4082 1770 4148 insimulabis
1817 4084 2124 4147 avaritiae
2172 4079 2341 4146 male
2388 4078 2607 4145 audies

636 4358 689 4423 1)
726 4357 876 4408 Stilus
908 4356 1267 4423 interpolatoris
1298 4356 1597 4421 cognoscitur
1630 4355 1907 4420 tautologiis
1943 4318 2202 4405 ncircnlum
2231 4357 2280 4403 et
2309 4350 2582 4411 corounm’'‚
2615 4350 2966 4415 nconqueritur

565 4443 615 4489 et
650 4438 813 4491 ‘ssew'-
