3246 5085
1325 351 1639 403 nonu-ue.
2536 336 2667 404 201

278 517 584 584 describit
649 521 855 597 senio,
919 518 1092 605 quod
1151 524 1403 606 praeter
1450 524 1728 584 aetatem
1779 522 1923 604 poet
1966 517 2301 606 pulchram
2346 521 2665 606 virginem

277 623 524 690 foedior
565 624 921 690 videbatur.
1063 623 1160 705 (5)
1207 623 1294 690 Et
1340 646 1533 710 quam
1582 627 1955 711 importune
2002 627 2251 691 omnia:
2301 647 2413 712 pro
2452 626 2672 712 puella

280 731 559 809 „senex”
608 733 914 809 occurrit,
967 753 1082 816 pro
1124 733 1378 819 virgine
1429 733 1779 810 „incurvus
1818 731 2200 810 tremulus’',
2248 753 2364 818 pro
2404 732 2674 820 pulchra

279 835 512 916 „labiis
559 836 854 903 demissis
899 837 1246 924 gemene'’;
1293 845 1360 904 et
1407 859 1556 904 cum
1603 860 1785 904 amor
1828 841 1916 904 sit
1953 841 2021 903 in
2062 841 2276 904 animo
2317 838 2679 906 adulescen-

277 945 404 1022 tie,
453 945 590 1029 ipse
633 943 953 1009 iudicium
999 942 1308 1030 loquitur,
1357 944 1516 1010 dum
1566 945 2002 1010 festinandum
2048 949 2171 1024 sit,
2221 953 2603 1012 remoratur.

275 1048 377 1131 (6)
447 1049 707 1132 „Labiis
771 1049 1114 1116 demissis'’
1162 1054 1407 1117 maiora
1450 1050 1665 1130 labra,
1713 1052 1883 1117 unde
1928 1050 2368 1134 labeonee;
2418 1053 2529 1119 alii
2576 1052 2679 1120 la-

276 1157 416 1222 bia
461 1157 686 1221 dicunt
729 1157 1036 1223 inferiora
1079 1165 1145 1224 et
1191 1157 1430 1224 labra
1477 1161 1829 1244 superiora.

371 1261 604 1327 Sabb.
654 1269 907 1349 praeter
952 1263 1272 1331 emblema
1318 1268 1386 1329 in
1434 1263 1552 1345 (2),
1601 1285 1639 1330 a
1690 1264 2022 1330 Wessnero
2064 1285 2314 1351 quoque
2355 1270 2674 1344 notatum,

275 1368 724 1456 interpolatori
785 1370 1017 1435 tribuit
1081 1373 1278 1436 etiam
1331 1370 1428 1452 (l)
1453 1371 1549 1451 (4)
1574 1371 1671 1452 (5)
1696 1370 1813 1452 (6).
1944 1372 2030 1436 Et
2075 1374 2359 1458 genuina
2405 1392 2541 1438 esee
2581 1372 2677 1453 (2)

273 1483 342 1542 et
401 1475 500 1556 (3)
561 1497 749 1542 nemo
795 1476 1108 1543 affirmare
1157 1477 1496 1543 dubitabit.
1546 1476 1769 1563 Neque
1816 1483 2037 1544 autem
2086 1480 2304 1565 spuria
2350 1499 2486 1544 esse
2532 1498 2673 1544 cen-

274 1603 381 1649 seo
429 1584 528 1664 (l)
575 1590 639 1648 et
684 1582 805 1664 (4),
854 1604 1016 1668 quae
1063 1583 1230 1648 nihil
1277 1585 1552 1664 babent,
1603 1583 1777 1669 quod
1822 1582 2071 1650 Donato
2118 1587 2202 1650 sit
2252 1583 2617 1671 indignum.

369 1688 553 1769 Quod
614 1689 690 1754 de
748 1686 1022 1754 Iabeis
1086 1692 1508 1756 asinorum
1560 1689 1795 1755 dicitur
1839 1693 1907 1755 in
1956 1690 2051 1772 (2)
2102 1693 2208 1757 vix
2259 1711 2487 1757 verum
2536 1697 2681 1772 est>

273 1794 428 1860 vide
471 1793 678 1860 lexica
723 1800 786 1860 ct
832 1793 1000 1861 Geli.
1043 1795 1103 1859 X
1143 1795 1207 1860 4.
1235 1795 1297 1861 4.
1391 1795 1464 1860 In
1505 1795 1602 1878 (5)
1645 1796 1946 1861 audimus
1985 1795 2089 1862 IP
2129 1795 2267 1862 stili
2305 1797 2671 1863 Terentiani

273 1921 682 1988 praeconem,
716 1901 970 1986 qualem
1006 1905 1428 1988 cognovimus
1469 1923 1663 1988 supra
1703 1903 1782 1968 ad
1822 1902 1853 1968 I
1893 1901 1957 1969 2.
1985 1901 2071 1968 87
2094 1901 2212 1983 (5),
2240 1902 2328 1969 88
2354 1904 2470 1984 (4),
2511 1925 2672 1990 gau·

273 2007 533 2072 dentem
573 2007 943 2084 antithetiS,
984 2028 1019 2073 e
1060 2009 1293 2093 quibus
1333 2015 1657 2096 postrema
1698 2011 2072 2097 praesertim
2113 2016 2322 2090 (amor
2355 2012 2421 2075 in
2458 2013 2672 2077 animo

273 2113 597 2179 iudicium
636 2115 702 2177 in
744 2135 885 2191 ore,
927 2113 1230 2180 festinare
1268 2117 1603 2196 remorari)
1643 2117 1923 2180 hominis
1963 2115 2306 2182 artificium
2348 2116 2671 2182 denotant.

275 2220 348 2285 In
418 2220 516 2301 (6)
578 2220 678 2285 IP
740 2220 1097 2287 doctrinam
1149 2221 1326 2287 Verri
1376 2221 1588 2288 Flacci
1617 2220 1669 2303 ³)
1732 2223 2043 2308 praetulit
2093 2223 2453 2303 „aliorum”
2502 2224 2675 2290 diffe-

278 2329 560 2404 rentiae,
607 2347 800 2412 quam
849 2327 1009 2395 Don.
1059 2327 1400 2394 rettulerat
1445 2331 1511 2394 in
1559 2328 1679 2408 (2).

368 2432 779 2500 scholiorum
826 2435 977 2501 ordo
1022 2438 1091 2500 in
1137 2439 1503 2502 commento
1539 2435 1713 2500 idem
1762 2437 2102 2502 manifesto
2151 2436 2308 2516 fuit,
2351 2439 2463 2522 qui
2502 2459 2671 2503 nunc

273 2759 404 2809 enim
439 2776 554 2823 gens
589 2758 752 2825 populi
787 2764 860 2808 est
893 2758 1191 2823 magnitudo,
1225 2760 1465 2824 ingentem
1497 2776 1582 2825 per
1607 2758 1999 2825 compositionem
2032 2760 2248 2818 dicimus,
2276 2760 2403 2824 quod
2432 2759 2671 2825 significat

269 2842 415 2892 vaide
461 2858 705 2906 inagnum.
747 2842 821 2891 Cf.
870 2843 1000 2891 Serv.
1049 2841 1118 2891 1.1.
1167 2842 1250 2891 cit.
1297 2843 1348 2891 in
1396 2844 1517 2908 App.
1562 2843 1749 2891 Wessn.
1800 2843 1870 2891 Ad
1908 2842 2013 2892 Eun
2070 2844 2107 2889 V
2148 2844 2193 2891 8.
2216 2842 2281 2891 20
2316 2843 2397 2907 (1)
2434 2843 2671 2908 repetitur

275 2924 446 2989 regula
479 2941 508 2974 a
542 2924 770 2989 magistro
805 2928 916 2990 post
948 2924 1397 2989 interpretationem
1434 2924 1629 2973 Donati.

344 3008 398 3073 1)
451 3005 636 3057 Sabb.
673 3022 721 3072 p.
758 3006 856 3055 355
887 3006 1056 3056 citavit
1090 3006 1276 3056 Charis.
1313 3006 1336 3054 Ι
1378 3007 1499 3056 1082
1538 3005 1737 3055 Verrius
1773 3010 1935 3056 autem
1972 3006 2163 3056 flaccus
2198 3006 2265 3055 sio
2300 3006 2534 3065 distinxit,
2573 3022 2674 3054 mo·

269 3089 382 3140 dica
411 3106 510 3139 esse
546 3088 658 3139 lab
682 3104 777 3147 rs,
812 3088 956 3137 labi
978 3105 1005 3138 a
1039 3088 1294 3137 immodica
1322 3091 1370 3136 et
1401 3088 1512 3137 inde
1544 3086 1687 3137 labi
1708 3104 1785 3138 on
1806 3104 1871 3138 es
1905 3088 2014 3138 dici.
2046 3088 2119 3137 ct.
2153 3094 2395 3153 praeterea
2423 3088 2475 3137 bi
2506 3088 2673 3137 Gram-

271 3174 560 3223 maticorum
611 3172 733 3231 loci.
786 3187 904 3237 qnos
937 3171 1104 3221 citavit
1143 3172 1327 3220 Wessu.
1359 3172 1409 3219 in
1445 3172 1584 3235 App..
1623 3176 1881 3236 Agroec.
1918 3171 2013 3220 VII
2056 3172 2174 3221 1162
2214 3170 2421 3221 Imbrum
2455 3170 2673 3236 superius

271 3255 472 3313 dicitur,
523 3252 701 3303 labium
755 3253 966 3303 inferius.
1019 3256 1202 3303 Serv.
1259 3252 1356 3301 Ecl.
1398 3252 1455 3301 11
1498 3255 1587 3302 34:
1642 3252 1975 3303 Inunissimsm
2009 3253 2205 3317 quidam
2243 3256 2483 3318 temptant
2516 3253 2674 3305 facero

271 3336 626 3396 discretionem,
679 3339 733 3385 ut
787 3336 1001 3384 virorum
1052 3334 1203 3393 labra,
1255 3334 1512 3384 mulierum
1559 3333 1684 3383 labis
1731 3336 1967 3385 dicantur.
2002 3334 2151 3384 Isid
2172 3350 2256 3384 or.
2296 3334 2436 3398 Orig.
2471 3334 2539 3384 XI
2579 3336 2669 3385 50:

271 3418 419 3485 Quod
453 3422 612 3467 antem
647 3416 865 3482 superius
898 3420 969 3465 est
1006 3415 1182 3465 labium
1218 3416 1432 3475 dicimus,
1470 3417 1596 3480 quod
1634 3416 1851 3476 inferius,
1881 3434 1942 3466 eo
1972 3417 2099 3481 quod
2130 3416 2339 3481 grossius
2368 3416 2447 3477 sit,
2470 3416 2672 3468 labrom.

269 3502 373 3551 Alii
412 3501 628 3550 virorum
663 3499 814 3559 lsbrs,
850 3499 1106 3549 mulierum
1145 3498 1270 3548 labia
1305 3499 1484 3549 dicunt.
1539 3500 1691 3548 Gloss.
1730 3498 1801 3548 1v
1842 3499 1956 3560 582,
1993 3499 2033 3547 V
2070 3500 2181 3550 629.

340 3581 498 3632 Schol.
543 3581 705 3632 Bemb.
743 3583 801 3631 ad
839 3582 888 3629 h.
922 3582 954 3630 1.
991 3581 1082 3631 sic:
1126 3580 1363 3630 -Label
1389 3581 1404 3630 1
1428 3597 1456 3630 u
1479 3597 1523 3630 m
1561 3581 1698 3647 pueri
1736 3581 1929 3641 babent,
1966 3586 2021 3631 ut
2054 3580 2296 3646 Vergilius
2336 3584 2547 3633 ‚calamo
2582 3583 2669 3633 tri·

270 3663 397 3714 visse
443 3663 734 3723 labellum’';
789 3662 1058 3713 labrum
1107 3662 1299 3711 iuvenes
1341 3664 1571 3712 ‚necdum
1606 3662 1707 3711 illis
1744 3663 1878 3712 labi-s
1912 3662 2134 3714 admovi”
2173 3665 2257 3729 (cf.
2296 3664 2397 3713 1:01.
2431 3664 2482 3713 11
2520 3666 2585 3714 34
2618 3670 2668 3715 et

271 3746 355 3797 111
389 3746 749 3811 47);1abia
781 3745 1008 3795 mulieres
1041 3745 1140 3794 sive
1173 3761 1324 3794 senes.
1363 3746 1452 3794 Sed
1490 3749 1725 3810 quantum
1782 3748 2095 3795 Donatus
2145 3747 2671 3796 Commentator

270 3828 485 3893 Ver-gi
509 3828 593 3877 lii
635 3828 798 3886 refert,
833 3826 1075 3877 labese
1112 3828 1338 3877 dicuntur
1372 3826 1639 3877 inferiores.
1759 3827 1888 3876 Hsee
1922 3828 2083 3877 omnia
2118 3828 2237 3877 salsa
2270 3833 2383 3877 suut
2416 3832 2465 3877 et
2499 3828 2676 3894 peioris

269 3911 492 3974 magistri
521 3910 742 3969 inventa3
775 3910 1030 3959 discrimen
1065 3909 1192 3959 inter
1228 3903 1328 3957 Eur.
1361 3908 1412 3957 11
1449 3910 1514 3958 34
1543 3912 1591 3957 et
1626 3909 1709 3958 111
1742 3908 1804 3961 47
1846 3909 2033 3958 nullum
2062 3913 2133 3958 est
2162 3914 2211 3959 et
2242 3908 2492 3975 utrobique
2518 3927 2674 3962 sermo

265 3997 342 4043 est
377 3994 436 4042 de
469 3988 741 4057 pastoribus
770 3991 978 4043 eiusdem
1007 3991 1193 4041 aetatis.
1229 3990 1274 4039 D
1294 4008 1321 4039 o
1341 4006 1371 4040 n
1390 4007 1417 4039 a
1435 3995 1457 4040 t
1477 4007 1508 4042 u
1526 4006 1548 4041 s
1582 3991 1641 4040 ad
1681 3990 1717 4037 V
1737 4008 1762 4039 e
1780 3991 1885 4056 rgi
1908 3991 1923 4040 1
1944 4008 1973 4041 u
1994 4007 2040 4040 m
2076 3990 2198 4040 nibil
2232 3992 2407 4051 docuit,
2436 3999 2671 4057 quantum

265 4075 462 4134 scimea,
487 4074 578 4124 nisi
607 4075 732 4139 quod
769 4073 800 4121 S
819 4089 844 4122 e
863 4089 888 4122 r
907 4089 953 4123 v.
987 4071 1128 4123 babet
1157 4074 1214 4122 ad
1249 4073 1299 4121 E.
1333 4072 1386 4121 11
1413 4072 1496 4133 47,
1525 4073 1608 4123 sed
1636 4075 1696 4122 sd
1726 4074 2093 4123 Terentium
2131 4074 2219 4123 boc
2246 4074 2421 4139 ipsum,
2449 4076 2574 4139 quod
2595 4076 2674 4126 hic

265 4155 558 4207 adscribitur
594 4156 634 4205 C
651 4172 680 4205 o
699 4172 744 4205 m
766 4172 814 4206 m
833 4174 857 4205 e
877 4172 908 4206 n
927 4160 946 4205 t
966 4174 993 4204 a
1012 4159 1035 4206 t
1050 4174 1078 4205 ο
1097 4172 1120 4205 r
1140 4156 1156 4204 i
1194 4156 1234 4203 V
1255 4172 1281 4204 e
1303 4170 1326 4204 r
1342 4171 1374 4220 g
1393 4156 1408 4204 i
1429 4155 1542 4216 lii,
1580 4156 1691 4205 hinc
1719 4156 1979 4205 verisimile
2006 4160 2077 4205 est
2105 4156 2411 4207 scholiastam
2430 4157 2673 4222 scripsisse

267 4240 382 4291 used
420 4244 654 4302 quantum
694 4240 814 4288 Don.
855 4237 1034 4287 κείσεθ’
1068 4242 1116 4287 et
1152 4237 1295 4287 verba
1336 4239 1549 4288 ‚Comum
1587 4236 1763 4301 Verg.‘’
1799 4239 2001 4302 glossam
2038 4255 2136 4288 esse
2164 4238 2368 4289 alicuius
2400 4240 2678 4304 magistelli,

265 4322 365 4373 nisi
400 4325 568 4387 putare
607 4322 746 4371 maiis
781 4322 938 4387 ipsum
972 4321 1286 4371 Scholiastsm
1327 4322 1424 4371 iam
1458 4322 1526 4371 sic
1559 4337 1756 4371 errasse.
1797 4323 1933 4387 Quae
1968 4323 2242 4373 Wessne
2262 4340 2287 4373 r
2308 4340 2404 4383 us,
2442 4325 2500 4373 de
2533 4325 2672 4375 Acin.

261 4406 424 4469 Aspro
473 4420 515 4469 p.
553 4404 620 4453 42
637 4420 723 4468 sq..
765 4419 820 4452 ex
857 4403 946 4453 boc
973 4404 1156 4453 scholio
1189 4403 1355 4453 deduci
1393 4419 1527 4470 posse
1563 4408 1697 4455 ratus
1730 4407 1817 4463 est,
1854 4404 1981 4453 iusto
2016 4405 2326 4455 fundamento
2353 4421 2515 4455 carere
2546 4406 2666 4455 mibi

264 4487 513 4538 videntur.
