3246 5085
1292 333 1601 386 nonnus.
2600 317 2639 384 ’7

257 508 524 570 secutus
573 503 950 570 confuderit.
1013 505 1185 570 Mira
1234 504 1504 590 denique
1547 503 1935 570 condicio
1981 503 2500 569 scholiorum
2548 503 2643 568 ad

255 611 590 676 Phorm.
654 609 718 674 11
779 608 818 673 3
859 630 994 694 sqq.
1055 609 1203 675 inde
1267 609 1642 697 explicatur,
1701 607 1872 695 quod
1934 607 2313 694 compilator
2358 608 2483 674 duo
2530 608 2643 674 illa

257 720 558 800 excerpta
633 717 813 800 prius
887 718 1228 799 separatim
1307 715 1555 781 duobus
1638 714 1959 780 columnis
2024 716 2210 779 iuxta
2278 717 2506 800 positis
2572 717 2639 779 in

255 821 548 886 chartam
595 840 776 885 suam
827 820 1262 886 transtulisset
1309 842 1380 886 ac
1427 821 1570 885 dein
1618 823 1983 885 miscuisset
2028 840 2141 905 per
2183 818 2240 884 V
2282 819 2531 885 fabulas
2578 827 2643 885 et

253 929 446 991 initio
511 926 916 991 Phormionis
936 975 952 1004 ‚
1014 927 1123 991 sed
1168 927 1315 992 inde
1361 947 1398 991 a
1443 927 1705 991 Phorm.
1754 925 1817 990 II
1865 925 2071 990 taedio
2118 938 2445 1010 correptus
2490 925 2645 990 haec

256 1030 640 1097 confundere
689 1031 1091 1098 destititisset
1138 1040 1407 1118 tumque
1453 1034 1666 1117 primo
1714 1039 2053 1115 utramque
2098 1034 2325 1096 seriem
2374 1031 2644 1096 alteram

257 1143 406 1222 post
467 1136 735 1202 alteram
757 1185 771 1214 ,
835 1138 981 1203 dein
1042 1158 1193 1203 vero
1253 1158 1292 1203 a
1353 1136 1594 1202 III—V
1654 1158 1852 1202 unam
1916 1143 2171 1202 tantum
2234 1140 2461 1202 seriem
2507 1137 2643 1202 red-

259 1242 544 1308 didisset.

312 1414 320 1422 ,
351 1348 529 1413 Haec
575 1351 1085 1414 coniecturarum
1126 1354 1449 1414 structura
1485 1355 1622 1414 tam
1660 1351 1994 1435 ingeniosa
2029 1349 2305 1425 videtur,
2345 1355 2421 1412 ut
2460 1348 2644 1415 facile

259 1457 644 1540 praestigias
705 1454 898 1520 faciat
957 1457 1259 1540 imperito
1320 1454 1563 1521 lectori.
1628 1455 1716 1520 At
1772 1475 1993 1520 revera
2040 1461 2137 1520 est
2181 1457 2534 1520 immatura
2580 1461 2646 1520 et

255 1580 707 1646 praepropera,
755 1581 907 1625 nam
954 1567 1018 1625 et
1063 1562 1518 1646 repetitionum
1563 1566 1753 1645 atque
1801 1567 2245 1645 excerptorum
2294 1563 2535 1645 species
2580 1565 2646 1625 et

259 1665 616 1751 perturbati
679 1665 916 1731 ordinis
962 1668 1127 1731 ratio
1176 1672 1240 1731 et
1287 1666 1676 1732 scholiorum
1723 1667 1803 1731 ad
1849 1666 2111 1731 Phorm.
2160 1665 2224 1730 ΙΙ
2271 1664 2458 1730 3-V
2506 1687 2645 1731 con-

259 1771 426 1836 dicio
487 1791 744 1855 prorsus
806 1771 933 1837 alia
994 1777 1144 1836 sunt
1204 1777 1394 1856 atque
1441 1775 1827 1838 coniectores
1874 1792 1952 1837 ex
1996 1771 2272 1849 leviore,
2321 1775 2390 1836 ni
2435 1772 2643 1850 fallor,

259 1877 493 1940 harum
551 1897 769 1941 rerum
823 1875 1234 1963 indagatione
1281 1875 1703 1942 crediderunt.
1753 1877 1894 1942 Nisi
1942 1881 2115 1942 enim
2162 1880 2341 1963 prius
2388 1877 2645 1964 singula

258 1981 499 2047 scholia
558 2003 686 2046 non
749 1988 1005 2047 tantum
1068 1985 1477 2047 excutiantur
1540 1987 1604 2046 et
1661 1984 2125 2060 examinentur,
2175 1983 2285 2048 sed
2333 1985 2530 2048 etiam
2574 1986 2645 2047 in

260 2087 512 2152 diversa
550 2089 1003 2173 repetitionum
1023 2136 1038 2164 ,
1081 2093 1523 2173 excerptorum
1542 2136 1558 2165 ‚
1598 2087 2203 2172 interpolationum‚
2245 2087 2647 2172 supplemen-

263 2199 481 2258 torum
557 2214 792 2279 genera
853 2193 1275 2279 disponantur
1337 2196 1695 2279 horumque
1758 2194 2125 2259 discrimina
2187 2202 2251 2259 et
2310 2202 2645 2261 auctorum

259 2301 678 2384 proprietates
715 2298 1015 2384 religiose
1059 2299 1448 2386 indagentur
1494 2305 1557 2365 et
1605 2305 1918 2385 quantum
1965 2299 2101 2364 fieri
2142 2302 2380 2385 poterit
2418 2302 2647 2365 consti·

261 2410 548 2480 tuantur,
599 2408 808 2470 omnis
855 2407 1131 2491 suspicio
1177 2405 1254 2470 de
1299 2403 1613 2491 exemplis
1664 2407 1909 2490 quibus
1943 2405 2322 2491 compilator
2365 2427 2521 2471 usus
2560 2409 2648 2471 sit

263 2517 328 2575 et
371 2512 440 2575 in
486 2530 719 2596 genere
769 2510 845 2576 de
891 2514 1240 2577 commenti
1285 2513 1749 2597 compositione
1797 2517 1863 2577 et
1910 2514 2157 2598 origine
2205 2511 2535 2578 vacillabit
2580 2519 2645 2578 et

261 2615 444 2682 facile
490 2619 694 2682 everti
739 2620 975 2708 poterit
1003 2618 1072 2696 ¹).
1121 2618 1502 2683 Praecedere
1547 2619 1757 2704 igitur
1802 2624 2051 2705 oportet
2089 2640 2247 2704 opus
2284 2620 2647 2685 taediosum

259 2743 408 2787 sane
469 2729 534 2786 et
589 2743 962 2807 operosum,
1013 2722 1181 2807 quod
1229 2722 1386 2788 olim
1431 2724 1805 2789 incohatum
1852 2745 2035 2809 spero
2078 2726 2213 2790 fore
2261 2738 2335 2789 ut
2380 2724 2458 2789 ad
2508 2744 2645 2809 pro-

259 2825 541 2892 babilem
602 2826 886 2912 aliquem
947 2831 1197 2893 exitum
1258 2827 1602 2913 perducere
1659 2828 2000 2915 aliquando
2046 2832 2321 2915 possim,
2370 2830 2644 2915 quando-

260 2932 520 3017 quidem
579 2933 776 2998 huius
823 2936 1140 3019 aenigatis
1186 2932 1476 2999 solvendi
1523 2933 1873 2999 obstinacia
1918 2955 2023 2999 me
2068 2938 2277 3001 nescio
2325 2936 2642 3020 quomodo

259 3040 551 3123 arripuit.

351 3143 675 3209 Wessneri
741 3150 805 3209 et
876 3144 1164 3211 Rabbovi
1233 3146 1668 3210 coniecturam
1739 3145 1907 3230 quod
1972 3147 2203 3212 attinet
2266 3146 2345 3212 ad
2403 3150 2642 3213 miram

263 3248 652 3315 scholiorum
697 3246 1130 3316 condicionem
1178 3252 1246 3314 in
1293 3250 1556 3318 Phorm.
1605 3251 1669 3315 H
1711 3250 1750 3315 3
1791 3256 1854 3316 et
1894 3250 2153 3330 III—V,
2194 3256 2324 3317 iam
2364 3254 2645 3320 refutavi

263 3356 330 3419 in
381 3355 629 3420 Mnem.
673 3354 948 3433 XXXII,
994 3355 1167 3421 1904
1205 3378 1269 3441 p.
1311 3355 1443 3420 212
1469 3378 1561 3441 sq.
1606 3362 1671 3422 et
1710 3356 1843 3422 246
1883 3378 1974 3442 sq.
2023 3358 2213 3443 idque
2250 3361 2318 3423 in
2358 3363 2648 3444 sequenti

264 3460 695 3546 disputatione
755 3460 1069 3527 efficacius
1115 3465 1311 3527 etiam
1359 3464 1482 3528 erit
1524 3464 1906 3528 faciendum.
1958 3464 2143 3529 Nunc
2187 3466 2510 3550 imprimis
2555 3466 2647 3530 di-

264 3566 535 3631 cendum
584 3570 709 3632 erit
753 3566 829 3632 de
874 3567 1382 3653 repetitionibus.

333 3843 386 3905 1)
440 3842 620 3891 Wess
638 3858 670 3891 n
690 3858 715 3891 e
733 3857 760 3891 r
778 3858 848 3892 us
901 3842 1022 3891 hanc
1069 3857 1250 3902 curam,
1301 3857 1422 3905 quae
1471 3846 1604 3892 extra
1653 3842 1851 3892 editoris
1901 3844 2196 3909 provinciam
2240 3849 2345 3896 erat
2388 3846 2561 3912 posita,
2593 3845 2645 3897 in

269 3924 410 3973 Burs.
445 3925 569 3973 Anu.
609 3940 652 3972 a.
691 3924 823 3973 1902
858 3940 904 3988 p.
941 3922 1039 3975 176
1074 3923 1140 3972 sic
1175 3923 1413 3973 definivit:
1454 3924 1574 3973 ‚Eia
1611 3926 1964 3975 annaherendes
2000 3925 2248 3991 Ergebniss
2282 3926 2396 3977 liisst
2425 3928 2527 3978 sich
2554 3944 2649 3979 nur

269 4009 504 4056 erwarten
539 4020 632 4055 von
665 4004 798 4054 einer
831 4004 1143 4069 sorgfa'ltigen
1179 4005 1384 4069 Analyse
1417 4006 1498 4055 des
1534 4008 1870 4057 Kommentars
1905 4008 2055 4057 durch
2089 4009 2354 4073 Zerlegung
2389 4011 2476 4059 der
2508 4010 2653 4059 Scho-

268 4086 751 4151 licnconglomeraten
797 4086 847 4136 in
894 4086 1035 4136 ihren
1081 4087 1323 4137 einzelnen
1368 4088 1693 4137 Bestandteile
1739 4096 1881 4139 unter
1924 4093 2141 4155 strengel·
2186 4091 2649 4158 Beriicksichtigung

267 4170 348 4219 der
401 4168 740 4218 fiberlieferten
785 4168 1083 4233 Anordnung
1128 4168 1242 4219 bzw.
1279 4170 1580 4235 Unordnung
1615 4172 1711 4220 und
1745 4172 1895 4221 durch
1930 4172 2287 4237 Ausscheidung
2320 4176 2405 4223 der
2435 4174 2650 4225 sicher-en

269 4248 745 4317 Interpolationen.”.
