3246 5085
1342 353 1593 404 1111111110.
2527 335 2658 404 34¹7

256 525 549 589 amicitia
596 523 900 610 dignatus
945 527 1077 600 est,
1127 521 1511 588 describitur
1556 530 1621 589 et
1659 525 1842 609 quasi
1883 543 2106 588 norma
2145 521 2294 588 talis
2333 525 2654 590 amicitiae

250 631 657 715 proponitur,
705 636 957 714 praeter
1002 631 1283 714 quinque
1330 650 1553 695 versus
1594 631 1663 693 in
1701 632 1891 695 initio
1930 631 2169 715 positos
2207 651 2364 716 quos
2403 631 2652 698 nullam

254 735 704 801 difficultatem
763 737 1137 821 praebentes
1200 737 1424 812 omisi,
1492 735 1702 800 multa
1765 736 1992 813 habet,
2039 757 2199 821 quae
2247 739 2404 802 viris
2451 737 2654 804 doctis

252 845 395 908 iam
436 841 547 906 diu
590 841 913 906 molestias
950 846 1358 926 paraverunt.
1408 842 1692 928 Apparet
1726 862 1820 907 vs.
1848 841 2208 908 239-242
2249 843 2315 908 id
2341 847 2656 931 persequi,

257 969 392 1033 quo
440 947 627 1013 modo
672 947 987 1014 Servilius
1034 969 1149 1012 0110
1196 950 1401 1013 amico
1449 953 1691 1026 utatur,
1739 951 2146 1034 insequentes
2192 971 2382 1037 agere
2427 950 2504 1017 de
2549 973 2660 1018 110-

256 1062 407 1120 11110
451 1059 643 1140 atque
691 1053 907 1120 indole
955 1057 1147 1120 amici
1192 1055 1416 1140 ipsius.
1465 1054 1538 1118 In
1586 1053 1705 1120 illa
1753 1062 1931 1145 parte
1977 1058 2188 1141 priore
2226 1057 2472 1142 aliquid
2507 1061 2660 1124 miri

252 1162 452 1227 habet
496 1163 799 1246 iocumque
844 1167 967 1241 (vs.
1019 1159 1203 1242 239),
1253 1167 1537 1226 metrum
1582 1169 1962 1247 corruptum
2009 1169 2108 1228 est
2152 1165 2220 1227 in
2264 1185 2360 1228 vs.
2411 1163 2546 1229 240
2593 1171 2658 1229 et

253 1271 420 1333 item
458 1269 525 1332 in
566 1289 659 1333 vs·
703 1265 857 1332 242.
909 1267 1113 1332 Verba
1152 1269 1325 1332 0111111
1367 1268 1465 1330 cui
1501 1289 1595 1330 res
1638 1291 1880 1348 maynas
1908 1290 2254 1354 parvasque
2287 1270 2660 1355 eloqueretur

259 1373 493 1440 volunt
554 1375 684 1439 fere
748 1374 923 1439 idem
986 1374 1153 1459 quod
1214 1373 1313 1437 cui
1358 1374 1555 1438 omnia
1602 1376 1952 1439 concredere
1988 1383 2211 1457 posset,
2261 1397 2298 1440 a
2343 1398 2470 1461 quo
2518 1398 2662 1442 con-

254 1487 445 1546 textu
490 1482 792 1565 iocumque
835 1479 1244 1566 aliquantum
1290 1480 1608 1546 abhorret.
1672 1480 1898 1566 Itaque
1961 1480 2228 1548 fortasse
2289 1504 2368 1548 110
2429 1503 2652 1572 versus

258 1587 397 1653 239
444 1587 703 1673 quidem
749 1590 1011 1653 omnino
1060 1608 1274 1653 sanus.

353 1691 658 1780 Cogitavi
706 1693 783 1759 de

623 1800 1020 1885 Eloqueretur
1066 1806 1277 1864 cuncta
1324 1806 1381 1863 et
1434 1797 1627 1886 (cui)

252 1914 337 1972 ut
395 1913 607 1971 mmcta
664 1909 925 1970 iocorum
985 1909 1168 1992 quasi
1212 1927 1455 1972 novum
1502 1907 1872 1972 membrum
1921 1911 2272 1975 sententiae
2320 1909 2656 1977 adderetur

252 2021 451 2098 atque
511 2017 603 2078 ita
663 2013 853 2078 iocum
896 2035 1020 2078 11011
1068 2011 1348 2098 amplius
1395 2020 1531 2078 arte
1579 2034 1730 2079 cum
1777 2015 1992 2080 verbis
2035 2038 2276 2097 magmas
2308 2039 2654 2103 parvasque

248 2142 352 2184 res
388 2119 767 2185 cohaereret.
817 2118 1222 2203 Quamquam
1264 2121 1444 2206 origo
1484 2121 1635 2186 vitii
1675 2120 1870 2185 fuisse
1911 2127 2122 2206 potest
2159 2124 2228 2186 in
2261 2141 2418 2188 voce
2441 2130 2652 2188 cuncta

248 2229 473 2292 versui
532 2227 997 2311 suprascripta,
1063 2230 1349 2289 metrum
1410 2225 1541 2290 fere
1602 2225 1777 2291 idem
1841 2232 1940 2291 est
1999 2229 2066 2290 in
2114 2248 2210 2293 vs.
2261 2225 2415 2306 334,
2463 2228 2649 2294 facile

248 2335 707 2411 concesserim,
755 2335 1187 2398 coniecturam
1232 2333 1517 2398 maxime
1564 2332 1826 2398 dubiam
1875 2354 2029 2400 esse.

349 2438 615 2518 Versus,
664 2441 775 2524 qui
835 2445 1211 2524 sequuntur,
1276 2437 1387 2503 alii
1448 2438 1634 2503 aliter
1693 2440 2100 2525 interpretati
2172 2445 2345 2520 sunt,
2408 2443 2474 2506 in
2521 2439 2646 2508 alia

250 2547 533 2613 editione
589 2545 889 2631 virgulae
942 2545 1132 2611 aliter
1188 2548 1451 2631 positae.
1518 2546 1838 2632 Equidem
1895 2546 2172 2614 Vahleno
2218 2547 2495 2614 libenter
2536 2549 2643 2615 ad-

248 2652 550 2739 stipulor,
622 2655 743 2717 nisi
805 2653 976 2739 quod
1038 2655 1106 2717 in
1168 2650 1299 2719 247
1327 2674 1419 2737 sq.
1484 2652 1783 2738 paullum
1847 2654 1925 2719 ab
1989 2676 2063 2719 eo
2127 2654 2451 2722 dissentio.
2515 2656 2642 2721 Eos

246 2762 676 2847 impugnans,
739 2762 853 2845 qui
909 2758 1237 2825 studentes
1300 2758 1575 2837 efficere,
1645 2767 1719 2824 ut
1781 2762 2164 2845 posteriores
2211 2783 2436 2827 versus
2494 2783 2645 2827 cum

249 2868 575 2953 prioribus
634 2872 1096 2952 congruerent,
1158 2886 1309 2951 quae
1367 2867 1437 2930 in
1498 2886 1593 2931 vs.
1645 2865 1778 2931 248
1837 2869 1905 2932 in
1951 2889 2120 2951 quem
2166 2870 2407 2933 mutari
2453 2871 2649 2934 iusse-

253 2978 445 3052 runt,
493 2973 647 3038 haec
688 2972 877 3037 dicit:
929 2974 1143 3054 „Quae
1173 2973 1351 3056 facit
1389 2992 1503 3056 pro
1546 2975 1718 3037 veris
1758 2971 1958 3038 babeo
1997 2977 2063 3037 et
2103 2976 2192 3038 sic
2231 2976 2644 3060 interpretor:

252 3080 446 3145 multa
492 3102 645 3165 quae
688 3086 953 3143 vetustae
986 3079 1162 3164 facit
1208 3079 1461 3164 antiqua
1508 3086 1565 3143 eb
1611 3079 1916 3163 sepulta.''
1985 3078 2110 3144 Sed
2155 3083 2388 3145 rationi
2435 3083 2646 3167 magis

250 3188 588 3253 convenire
636 3185 910 3263 videtur,
959 3193 1035 3250 ut
1081 3192 1267 3271 poeta
1314 3185 1547 3251 dixerit
1585 3184 1849 3251 Servilii
1891 3188 2174 3251 amicum
2215 3185 2456 3252 multas
2489 3189 2648 3253 anti-

251 3314 531 3379 quorum
594 3298 962 3378 temporum
1022 3312 1122 3357 res
1184 3294 1501 3370 tenuisse,
1554 3312 1718 3377 quae
1764 3292 2109 3357 hominum
2157 3296 2466 3358 memoria
2509 3296 2643 3359 iam

249 3398 635 3465 excidissent
697 3404 763 3463 et
824 3401 1009 3484 quasi
1065 3396 1355 3484 sepultae
1402 3406 1632 3465 essent.
1703 3398 2102 3485 Quapropter
2148 3398 2500 3486 legendum
2547 3422 2644 3467 ar-

246 3506 486 3572 bitror:

1068 3611 1259 3675 multa
1306 3618 1507 3675 tenens
1553 3610 1827 3697 antiqua,
1875 3612 2114 3696 sepulta
2161 3619 2422 3677 vetustas

624 3717 789 3798 Quae
820 3716 1015 3801 facit.

344 3823 619 3889 Lubrica
656 3830 849 3908 atque
886 3826 1125 3889 incerta
1166 3830 1349 3901 sunt,
1390 3845 1552 3909 quae
1590 3826 1740 3890 hinc
1777 3831 2168 3910 sequuntur;
2197 3846 2403 3890 unum
2428 3832 2646 3892 tamen

253 3936 531 3996 constat:
602 3928 847 4014 aliquid
910 3931 1243 3995 turbatum
1308 3951 1479 4009 esse;
1544 3933 1636 3995 sic
1698 3932 2104 3996 accusativus
2165 3934 2644 3999 nominativum
2689 3981 2698 3991 .

250 4040 541 4122 excipere
588 4059 714 4103 11011
759 4044 991 4121 potest.
1040 4036 1287 4103 Vahlen
1334 4037 1843 4103 emendationem
1891 4037 2220 4123 desperat,
2269 4038 2468 4105 multi
2515 4061 2648 4105 me-

249 4141 458 4208 delam
522 4148 973 4222 tentaverunt,
1037 4142 1151 4208 alii
1212 4141 1430 4209 aliam.
1492 4143 1712 4208 Unum
1763 4144 2124 4230 corrigendi
2171 4148 2646 4211 tentamentum

246 4270 443 4334 supra
490 4251 621 4314 iam
672 4251 1050 4314 memoravi.

338 4355 513 4421 Mihi
557 4354 913 4443 asyndeton
953 4360 1337 4442 perpetuum
1377 4377 1532 4422 voce
1572 4363 1630 4420 et
1665 4358 1732 4421 111
1774 4377 1868 4422 vs.
1906 4354 2041 4421 248
2085 4358 2335 4423 turbari
2360 4358 2637 4439 videtur,

260 4464 481 4548 itaque
550 4463 914 4548 suspicatus
973 4482 1115 4528 sum
1139 4511 1156 4542 ,
1228 4465 1295 4527 in
1359 4483 1431 4528 00
1486 4462 1686 4529 latere
1747 4462 2064 4550 syllabam
2123 4465 2176 4529 it
2231 4464 2408 4532 verbi
2458 4465 2634 4550 facit
