3246 5085
1315 347 1694 396 minumum.
1791 337 1797 343 '
2602 328 2686 397 57

413 516 511 581 Ad
571 516 847 582 alterum
921 516 1152 582 horum
1202 521 1733 602 argumentorum
1782 515 2191 581 refutandum
2237 514 2355 579 hos
2398 514 2568 580 locos
2616 515 2702 579 af-

306 621 472 687 ferre
523 624 679 686 satis
725 625 882 686 erit:

405 725 477 793 G.
527 726 634 791 24.
661 726 738 791 2:
803 727 960 792 dum
1021 729 1462 812 unusquisque
1523 733 1817 793 vestrum
1872 748 1996 792 non
2044 729 2284 812 cogitat
2330 727 2563 811 prius
2608 746 2690 790 se

311 831 612 898 debere
661 833 898 897 deum
943 853 1188 930 nosse
1234 854 1474 918 quam
1523 832 1818 898 colere.

401 935 472 1004 O.
520 937 626 1003 35.
656 937 731 1002 4:
773 959 882 1003 eos
921 946 1140 1004 autem
1179 941 1413 1004 merito
1452 941 1768 1023 torqueri,
1814 939 1955 1023 qui
1993 938 2234 1002 deum
2275 939 2689 1013 nesciunt,

305 1047 380 1106 ut
447 1044 714 1128 impios,
773 1050 850 1107 ut
889 1045 1198 1120 iniustos,
1248 1045 1372 1108 nisi
1417 1043 1718 1128 profanus
1765 1063 1957 1108 nemo
2005 1042 2346 1120 deliberat,
2394 1061 2544 1106 cum
2589 1060 2697 1127 pa·

303 1151 557 1212 rentem
595 1150 888 1212 omnium
927 1154 992 1214 et
1030 1148 1699 1213 omniumdominum
1740 1168 1896 1212 non
1938 1150 2293 1212 minoris
2339 1145 2695 1211 sceleris

307 1254 424 1317 sit
471 1255 872 1339 ignorare
925 1273 1161 1338 quam
1206 1252 1562 1337 laedere.

403 1354 474 1422 G.
525 1356 738 1425 3727:
788 1359 955 1444 quod
1003 1358 1240 1424 deum
1285 1360 1771 1424 nescientes
1818 1359 2070 1425 divitiis
2118 1355 2375 1422 afluant.

405 1462 561 1530 ibid.
611 1462 688 1528 8:
755 1463 988 1548 absque
1050 1465 1224 1528 enim
1285 1465 1601 1528 notitia
1664 1463 1797 1526 dei
1851 1482 2011 1548 quae
2059 1467 2269 1546 potest
2316 1481 2451 1526 esse
2498 1458 2700 1525 solida

307 1566 628 1638 felicitas?
705 1568 710 1574 '

397 1675 470 1741 Si
530 1677 676 1761 quis
736 1694 840 1738 me
900 1677 1086 1738 vocat
1148 1673 1228 1738 ad
1289 1671 1358 1740 G.
1416 1672 1517 1738 18.
1546 1672 1621 1738 9:
1693 1672 2252 1759 „magnitudinem
2314 1663 2415 1738 dei
2463 1673 2575 1756 qui
2621 1692 2689 1737 se

311 1787 502 1868 putat
545 1800 764 1856 nosse,
813 1781 1086 1856 minuit,
1137 1780 1248 1863 qui
1292 1800 1421 1843 non
1466 1778 1613 1844 vult
1659 1781 1979 1855 minuere,
2028 1799 2153 1843 non
2200 1776 2461 1855 novit,'’
2513 1777 2689 1863 fugit

307 1885 538 1962 illum,
601 1885 722 1949 hoc
783 1883 925 1949 loco
988 1882 1080 1949 de
1126 1883 1711 1970 magnitudine
1759 1883 1861 1948 dei
1910 1921 1995 1932 -
2044 1905 2169 1948 non
2215 1883 2290 1948 de
2339 1883 2453 1948 deo
2498 1886 2687 1968 ipso

312 2013 449 2058 esse
499 2011 882 2056 sermonem.
2438 2067 2442 2072 ,

399 2095 699 2161 Alterum
764 2115 914 2160 vero
976 2102 1435 2184 argumentum
1454 2144 1470 2174 ,
1535 2116 1622 2160 sc.
1683 2096 2148 2160 inconstantiae
2209 2077 2521 2171 Minucii,
2578 2090 2694 2157 ali-

314 2207 551 2287 quanto
615 2199 871 2265 videtur
932 2199 1228 2265 stabilius
1291 2207 1354 2266 et
1416 2200 1545 2265 fuit
1606 2220 1755 2265 sane
1802 2220 1951 2264 cum
2000 2220 2113 2283 pro
2156 2200 2422 2288 novimus
2469 2198 2697 2262 substi-

311 2306 551 2372 tuendo
613 2305 845 2370 nomine
905 2327 1012 2368 suo
1074 2308 1399 2390 scriptoris
1461 2326 1727 2370 manum
1790 2326 1895 2369 me
1956 2306 2310 2389 reposuisse
2360 2302 2692 2390 putarem:

311 2413 474 2477 hanc
521 2412 950 2476 coniecturam
994 2408 1112 2475 illa
1135 2457 1151 2487 ‚
1199 2429 1358 2494 quae
1384 2410 1481 2487 ‘de
1528 2410 1821 2474 Platonis
1860 2409 1975 2474 deo
2014 2408 2203 2474 modo
2241 2407 2487 2494 prolata
2524 2415 2695 2487 sunt,

310 2515 484 2583 haud
546 2536 774 2602 parum
838 2515 1370 2581 commendabant
1430 2536 1545 2581 nec
1607 2537 1733 2581 non
1796 2512 1868 2582 O.
1923 2513 2027 2581 18.
2060 2513 2179 2579 10:
2247 2535 2405 2592 „nec
2464 2535 2697 2579 nomen

309 2624 425 2689 deo
479 2640 778 2707 quaeras:
829 2621 984 2687 deus
1031 2641 1264 2687 nomen
1309 2626 1425 2686 est.
1474 2620 1612 2686 illic
1652 2619 1981 2686 vocabulis
2020 2641 2183 2706 opus
2223 2625 2317 2685 est
2337 2668 2354 2697 ‚
2393 2641 2543 2684 cum
2582 2640 2694 2705 per

312 2726 606 2813 singulos
650 2726 923 2811 propriis
974 2724 1478 2811 appellationum
1525 2726 1889 2811 insignibus
1934 2724 2288 2789 multitudo
2336 2724 2692 2789 dirimenda

312 2838 410 2897 est
427 2853 444 2910 3
495 2832 612 2896 deo
629 2876 645 2907 ‚
696 2832 809 2915 qui
855 2829 1028 2895 solus
1078 2836 1208 2906 est,
1257 2830 1358 2895 dei
1403 2829 1791 2896 vocabulum
1839 2835 2052 2895 totum
2099 2830 2259 2894 est.’'

405 2936 541 3016 Quo
590 2942 808 3001 tamen
854 2934 1234 3021 diligentius
1281 2939 1665 3002 sententiam
1708 2935 2138 3020 ponderabam
2185 2954 2439 3019 quoque
2485 2936 2696 3019 magis

311 3044 382 3106 in
444 3044 723 3107 auctoris
785 3047 1071 3107 mentem
1117 3063 1220 3107 me
1265 3043 1588 3107 insinuare
1636 3042 1922 3119 conabar,
1972 3062 2045 3107 eo
2092 3043 2303 3126 magis
2351 3040 2516 3104 mihi
2562 3061 2699 3125 per-

313 3146 566 3212 suaderi
611 3150 854 3231 coepit,
903 3167 987 3211 ne
1028 3149 1490 3212 inconstantiae
1530 3146 1789 3231 quidem
1830 3147 2200 3211 Minucium
2240 3149 2379 3211 iure
2418 3147 2703 3211 accusari

313 3272 532 3336 posse,
581 3253 778 3315 etiam
824 3252 881 3315 si
927 3244 1160 3315 tradita
1207 3260 1570 3317 servaretur
1613 3250 1823 3316 lecti0.

407 3356 507 3421 Ita
561 3358 734 3421 enim
783 3355 1295 3423 Christianorum
1341 3363 1408 3421 et
1457 3355 1741 3422 Platonis
1788 3355 2157 3440 disciplinae
2202 3356 2373 3419 inter
2419 3376 2485 3419 se
2530 3348 2699 3419 com-

314 3467 643 3550 parantur.
706 3460 892 3527 Plato
953 3460 1146 3526 deum
1192 3461 1417 3527 mundi
1468 3466 1796 3546 parentem
1814 3508 1831 3538 ‚
1879 3460 2189 3525 artificem
2234 3462 2485 3525 animae
2504 3508 2521 3537 ‚
2568 3480 2700 3524 cae-

311 3568 575 3634 lestium
623 3572 1148 3651 terrenorumque
1195 3566 1640 3632 fabricatorem
1686 3565 1842 3631 dicit
1889 3604 1973 3615 —
2025 3588 2138 3631 nos
2177 3586 2329 3633 eum
2367 3570 2694 3650 parentem

313 3675 604 3738 omnium
653 3672 928 3736 dicimus
945 3690 961 3747 3
1010 3670 1122 3737 ille
1160 3672 1354 3736 deum
1391 3674 1458 3737 in
1498 3671 1832 3757 publicum
1873 3672 2079 3737 dicere
2115 3671 2487 3757 inpossibile
2520 3691 2693 3755 prae-

311 3779 485 3843 fatur
523 3815 608 3825 —
649 3797 765 3842 nos
808 3797 960 3869 eum
999 3798 1356 3862 numquam
1394 3776 1647 3862 publice
1670 3780 1794 3842 nisi
1816 3780 2201 3863 interrogati
2223 3776 2687 3862 praedicamus3

311 3882 426 3949 ille
473 3882 681 3948 deum'
711 3885 1034 3961 invenire,
1081 3885 1128 3947 i.
1153 3904 1206 3947 e.
1259 3898 1478 3959 nosse,
1531 3880 1787 3947 difficile
1832 3881 2095 3966 quidem
2142 3881 2330 3957 dicit,
2372 3888 2438 3945 at
2477 3886 2694 3945 tamen

315 3988 452 4053 fieri
513 4008 694 4073 posse
761 4008 892 4052 non
953 3993 1183 4072 negat,
1257 3994 1332 4051 ut
1393 3987 1810 4071 comprobant
1869 3987 2061 4051 verba
2124 3987 2485 4069 sequentia:
2554 3992 2659 4061 „et
2679 4032 2696 4064 ‚

315 4114 495 4158 cum
563 4096 814 4158 inven
834 4095 999 4158 eris
1019 4140 1035 4171 ‚
1101 4096 1167 4157 in
1231 4091 1565 4177 publicum
1633 4091 1837 4158 dicere
1898 4090 2269 4176 inpossibile
2330 4089 2695 4176 praefatur”

317 4235 402 4248 —-
449 4217 564 4262 nos
629 4196 822 4261 deum
883 4199 1183 4262 novimus
1227 4203 1419 4281 atque
1466 4203 1562 4260 est
1608 4196 1762 4261 haec
1808 4194 2178 4281 disciplinae
2225 4201 2478 4259 nostrae
2523 4213 2697 4280 prae-

318 4298 588 4367 stantial
