3246 5085
1296 329 1588 380 enorme.
2494 317 2629 386 255

238 502 306 563 et
353 499 671 562 sincerum
720 495 924 592 yideri
973 495 1098 560 hoe·
1135 516 1368 560 nomen
1416 497 1661 580 optimo
1698 498 1839 561 iure
1881 497 2249 564 observavit
2285 500 2633 567 vWilamo-

240 605 412 668 witz.
474 601 778 670 Ceterum
842 600 1074 666 dubito
1138 621 1218 666 an
1266 603 1358 666 sie
1405 601 1564 666 olim
1611 603 1927 688 seriptum
1973 604 2205 670 fuerit:
2258 607 2480 671 οἷΐταν·
2530 608 2634 671 τὸν

243 711 480 788 ἑταῖρον
544 707 1184 786 Ἀριστοφάνης,
1254 709 1803 788 Ἀρίσταρχος
1853 710 1911 774 δὲ
1960 715 2059 776 τὸν
2110 711 2413 788 ἐρώμενον.
2462 713 2631 780 Nam

238 815 380 880 fieri
426 817 535 880 vix
587 816 798 900 potuit
844 817 996 898 quin
1039 814 1156 876 duo
1197 814 1300 878 hie
1340 814 1462 878 sibi
1503 822 1975 898 opponerentur
2010 820 2271 883 nomina
2311 822 2585 905 propria.

337 1013 508 1092 37‚1
553 1046 634 1072 =
672 1012 872 1078 Bekk.
926 1012 1157 1077 Aneed.
1210 1011 1362 1090 347,
1394 1011 1455 1078 9.
1500 1051 1608 1096 ,—-
1676 1014 2142 1101 Fragmentum
2193 1021 2513 1084 comicum
2570 1027 2635 1085 et

237 1123 509 1188 antehae
573 1123 908 1207 cognitum
971 1122 1220 1198 (ineert.
1273 1118 1408 1197 37),
1475 1120 1643 1205 quod
1715 1121 1953 1186 Cratini
2016 1143 2155 1188 esse
2204 1124 2424 1190 docuit
2470 1147 2639 1192 nune

239 1229 558 1305 Photius,
602 1228 694 1291 sie
739 1225 896 1291 olim
947 1223 1234 1311 explevit
1281 1224 1493 1290 Naber
1539 1227 1886 1306 (Mnemos.
1941 1227 2116 1293 1880
2164 1251 2225 1314 p.
2278 1229 2474 1312 433):

1351 1331 1647 1409 γλῶτταν
1696 1333 1765 1398 τέ
1813 1356 1905 1399 σοι
1953 1333 2186 1401 δίδωσιν

522 1438 936 1521 <θησαυρὸν>
987 1441 1046 1502 ἐν
1096 1436 1269 1516 δήμῳ
1318 1445 1525 1517 Φορεῒν
1573 1447 1781 1504 καλῶν
1828 1441 2031 1519 λόγων
2082 1442 2315 1522 ἀείνων,

519 1542 558 1627 ᾗ
603 1544 815 1610 πάντα
865 1544 1126 1618 κινήσεις
1157 1543 1203 1626 ¹)
1250 1543 1471 1622 λέγων.

243 1652 373 1734 Qui
441 1654 579 1718 sive
637 1671 867 1718 verum
928 1650 1128 1729 vidit,
1193 1652 1336 1716 sive.
1392 1649 1568 1717 aliud
1627 1650 1814 1730 latet,
1880 1689 1965 1704 —
2031 1675 2183 1720 nam
2240 1656 2501 1738 dubito,
2551 1694 2636 1707 —-

247 1760 576 1825 mentione
623 1763 794 1823 eerte
839 1757 1038 1842 digna
1083 1758 1463 1822 coniectura.
2640 1825 2645 1832 ,

339 1863 654 1930 Periclem
715 1865 989 1948 spectari
1044 1868 1234 1948 putat
1280 1861 1709 1930 Reitzenstein
1753 1865 2034 1953 (Proleg.
2084 1890 2146 1955 p.
2194 1875 2420 1948 xvm):
2470 1873 2643 1956 eqni·
2688 1875 2700 1884 '

244 1972 398 2038 dem
460 1971 542 2037 ad
600 1971 880 2057 Pytinen
946 1967 1233 2034 fabulam
1297 1969 1413 2034 hos
1476 1991 1697 2037 versus
1760 1971 2034 2039 libenter
2096 1973 2496 2053 rettulerim,
2560 1976 2640 2042 ad

243 2081 468 2164 ipsum
512 2079 720 2163 igitur
763 2073 1104 2142 Cratinum
1141 2076 1295 2141 haee
1330 2075 1458 2140 diei
1497 2079 1858 2163 suspicatus
1894 2078 2128 2145 collato
2170 2081 2449 2168 Pytinae
2486 2089 2638 2148 noto

247 2186 615 2271 fragmento
663 2180 886 2262 (186):

527 2288 689 2366 ἄναξ
725 2288 1065 2376 ”Aa-Qum
1112 2293 1231 2352 τῶν
1278 2288 1434 2353 ἐπῶν
1483 2296 1598 2353 τῶν
1646 2291 2007 2371 ῥευμάτων]

528 2399 874 2475 καναχοῦσι
922 2395 1165 2473 πηγαί,
1213 2393 1683 2475 δωδεκάκρουνον
1732 2399 1801 2462 τὸ
1849 2399 2095 2477 στόμα,

525 2502 750 2575 ’Ῑλισὸς
796 2504 857 2566 ἐν
905 2511 982 2581 τῇ
1031 2501 1272 2582 Φαρυγι
1320 2503 1448 2569 κτὲ.
2162 2497 2167 2500 ’

250 2610 377 2677 Sed
438 2609 709 2676 concedo
773 2630 908 2674 rem
969 2611 1282 2674 incertam
1338 2630 1474 2675 esse
1518 2615 1587 2675 et
1631 2609 1800 2676 illud
1850 2614 1953 2690 ,,ἐν
1998 2612 2211 2695 &baffi
2262 2617 2474 2701 magis
2522 2618 2641 2683 for-

249 2722 419 2782 tasse
464 2716 678 2781 favere
728 2717 1011 2802 opinioni
1059 2714 1562 2781 Reitzensteinii.

346 2898 455 2978 39,
485 2900 520 2963 1
559 2922 640 2947 =
680 2896 914 2964 Aneed.
960 2896 1162 2963 Bekk.
1201 2896 1354 2976 349,
1381 2897 1444 2963 8.
1483 2935 1568 2948 -
1608 2898 1978 2966 Nicocharis
2002 2902 2440 2988 fragmentum
2466 2900 2639 2984 (16):

251 3008 303 3072 εἰ
348 3007 656 3081 πεύσομαι
696 3004 797 3069 τὸν
838 3004 1138 3079 οἷκδόνειον
1172 3000 1353 3069 ὕπνον
1387 3011 1495 3079 τῆς
1525 3006 1737 3077 νυκτὸς
1763 3006 2186 3086 ἀποδαρθόντα
2213 3008 2441 3088 Μέντα
2467 3016 2641 3088 me.),

250 3112 481 3180 σαυτὸν
543 3113 718 3177 αἰτιῶ
781 3114 870 3177 sic
929 3110 1269 3198 supplebat
1327 3110 1538 3178 Naber
1598 3112 1817 3193 (Phot.
1882 3136 1945 3200 p.
1999 3113 2129 3180 158
2192 3122 2256 3181 et
2320 3116 2638 3182 Mnemos.

253 3219 436 3286 1880
482 3241 546 3306 p.
595 3218 745 3299 41):
842 3225 848 3233 ’

1774 3313 1823 3376 εἰ
1874 3312 2185 3392 πεύσομαι

528 3418 630 3483 τὸν
677 3416 944 3491 ἆηδόνιον
991 3414 1358 3492 <μόνον>
1407 3415 1586 3483 ὕπνον
1630 3419 2055 3500 ὦποδαρύὸντα
2103 3445 2210 3500 σε,

528 3522 717 3596 αὐτὸς
765 3524 1024 3589 σεαυτὸν
1069 3521 1202 3604 (vel
1247 3522 1324 3587 σὺ
1371 3524 1627 3607 σαυτὸν)
1674 3527 1883 3604 αἰτιῶ,

247 3652 422 3698 nune
467 3629 944 3698 vWilamowitz
991 3633 1118 3696 sie:

529 3738 579 3803 εἰ
630 3737 947 3813 πεύσομαί
995 3748 1139 3817 <σε
1193 3735 1400 3807 κᾶν>
1449 3736 1550 3801 τὸν
1596 3738 1866 3813 ἀηδόνιον
1916 3736 2095 3805 ὕπνον

527 3854 638 3919 τῆς
687 3844 900 3915 νυκτὸς
950 3842 1406 3923 ἆποδαρθόντα,
1456 3847 1684 3911 σαυτὸν
1731 3848 1929 3913 αἰτιῶ.

248 3950 792 4039 supplementum
833 3952 1158 4017 utrumvis
1197 3951 1522 4036 probabile
1563 3952 1841 4031 videtur,
1882 3953 1992 4019 sed
2027 3953 2255 4027 κύνειος
2292 3960 2359 4020 et
2396 3951 2635 4027 ἵππειος

249 4068 318 4125 et
353 4060 552 4137 βόειος
594 4079 744 4124 eum
784 4061 915 4123 sint
953 4057 1149 4143 proba
1187 4056 1536 4137 adiectiva‚
1579 4064 1645 4124 et
1682 4062 1941 4125 omnino
1981 4061 2048 4124 in
2074 4060 2443 4139 adieetivis,
2480 4083 2640 4149 quae

250 4167 333 4232 ab
403 4164 798 4229 animantium
865 4165 1234 4230 nominibus
1299 4163 1490 4229 dueta
1546 4169 1732 4243 sunt,
1794 4165 1980 4251 plane
2043 4174 2269 4253 regnet
2332 4167 2634 4234 suffixum

323 4382 378 4445 1)
428 4378 506 4429 Sic
550 4378 801 4438 traditum,
848 4378 991 4442 idque
1035 4380 1196 4427 servat
1242 4376 1565 4427 Reitzenstein
1613 4374 1721 4428 coll.
1760 4379 1844 4429 Ar.
1880 4378 1950 4444 Eq
2002 4380 2126 4441 214;
2164 4378 2377 4439 νικήσεις
2413 4381 2641 4433 Meineke

253 4462 416 4517 Naber
457 4462 608 4523 Koek,
639 4466 690 4512 ut
728 4458 899 4510 πάντα
933 4456 1200 4522 κρατήσεις
1231 4460 1282 4510 in
1317 4462 1432 4511 neto
1465 4460 1675 4511 oraculo.
