3246 5085
1187 360 1271 405 ms
1314 358 1467 403 was
1510 357 1796 406 nomae.
2554 341 2687 408 393

290 528 549 609 inopem
610 523 963 590 debitorem
1027 544 1140 608 pro
1206 521 1527 611 locuplete
1592 530 1855 603 nactus,
1922 522 2001 590 ad
2051 522 2333 591 officium
2380 529 2692 612 praetoris

286 633 601 717 pertinet,
650 632 706 695 si
754 628 905 694 talis
952 629 1243 695 defensor
1283 627 1591 696 solvendo
1640 651 1766 696 non
1807 632 1926 709 sit,
1972 635 2049 694 ut
2084 634 2283 697 actori
2324 632 2689 710 subveniat,

284 738 444 802 dum
502 736 805 802 adversus
868 739 1306 821 exceptionem
1363 736 1849 822 replicationem
1907 736 2379 815 accommodet,
2432 745 2580 816 aut,
2630 742 2688 805 si

286 847 427 929 ipso
490 845 631 907 iure
692 849 1073 928 consumpta
1136 846 1222 907 sit
1268 846 1437 909 actio
1457 892 1473 922 ,
1524 844 1768 907 rescisso
1816 843 2122 925 superiore
2169 844 2398 908 iudicio
2444 844 2512 908 in
2559 868 2687 909 eum

288 950 395 1036 qui
452 972 659 1013 revera
726 948 826 1014 vel
888 951 1057 1013 heres
1120 955 1265 1029 (esjt
1329 949 1431 1015 vel
1479 950 1710 1015 occidit
1758 948 1864 1015 vel
1910 948 2278 1017 vulneravit
2298 999 2313 1027 ,
2361 954 2681 1017 actionem

284 1056 508 1122 reddat
540 1054 605 1137 ¹).
673 1054 930 1121 Orietur
992 1062 1211 1121 autem
1275 1056 1394 1121 hoc
1456 1058 1677 1142 ipsum
1725 1058 1999 1135 vitium,
2059 1058 2113 1120 si
2160 1059 2338 1143 quis,
2389 1063 2465 1121 ut
2509 1078 2686 1142 prae-

286 1162 605 1239 diximus,
648 1161 1039 1227 defensorem
1078 1164 1407 1247 putaverit
1427 1210 1443 1241 ,
1487 1165 1599 1249 qui
1637 1169 1964 1246 spontanea
2003 1161 2341 1229 dumtaxat
2378 1164 2684 1228 voluntate

290 1268 563 1334 alienam
610 1270 927 1333 actionem
974 1270 1319 1354 suscipiat3
1369 1270 1469 1334 sin
1515 1272 1660 1355 quis
1699 1277 2026 1356 praeterea
2066 1272 2318 1356 exigat,
2361 1276 2438 1335 ut
2477 1269 2687 1337 defen·

292 1395 503 1441 sorem
550 1394 617 1440 se
664 1373 984 1460 professus
1033 1376 1153 1451 sit,
1202 1396 1326 1439 non
1374 1377 1497 1441 erit
1542 1378 1742 1441 actori
1788 1373 2223 1441 dissimulatio
2261 1378 2542 1461 captiosa
2577 1376 2689 1441 sed

289 1480 542 1547 lucrosa
604 1481 821 1566 potius
879 1485 1139 1565 propter
1198 1480 1620 1547 adiectionem
1683 1482 1797 1546 rei.
1862 1480 2044 1562 Quod
2105 1486 2366 1547 secutus
2427 1481 2692 1548 videtur

288 1586 533 1653 Paulus
556 1588 630 1669 ²),
678 1588 895 1672 itaque
939 1608 1065 1651 non
1112 1588 1206 1651 rei
1252 1586 1570 1653 iudicatae
1619 1586 1726 1653 vel
1765 1590 1832 1652 in
1874 1587 2192 1653 iudicium
2231 1586 2538 1653 deductae
2574 1586 2684 1661 sed

286 1696 355 1759 in
402 1696 650 1780 sactum
710 1692 789 1759 ad
838 1692 1207 1780 exemplum
1256 1692 1387 1759 doli
1432 1693 1589 1759 mali
1637 1694 1979 1777 exceptione
2007 1692 2058 1775 3)
2104 1698 2381 1760 actorem
2429 1694 2685 1759 submo-

287 1806 434 1878 vet,
495 1803 605 1886 qui
625 1850 641 1879 ‚
691 1806 1035 1885 postquam
1082 1802 1461 1865 intercessor
1494 1801 1960 1883 praestitae-fit,
2009 1799 2087 1866 de
2134 1800 2355 1867 eadem
2401 1823 2470 1867 re
2515 1802 2686 1888 prin·-

288 1906 563 1993 cipalem
610 1928 794 1973 reum
842 1908 1195 1973 conveniat.
1244 1906 1330 1971 Et
1369 1905 1522 1971 haec
1562 1905 1823 1992 quidem
1867 1908 1946 1973 ab
1988 1909 2126 1973 eius
2162 1906 2360 1973 latere
2399 1928 2679 1994 quocum

289 2021 541 2101 agatur.
606 2012 731 2079 Sed
791 2012 944 2079 licet
1005 2016 1235 2079 actoris
1296 2033 1547 2099 quoque
1610 2016 2006 2100 procuratori
2053 2013 2394 2100 aliquando
2436 2016 2682 2080 evit-are

290 2120 729 2186 satisdationis
776 2140 957 2185 onus.
1004 2118 1169 2185 Nam
1217 2121 1272 2184 si
1316 2120 1419 2197 id,
1471 2119 1638 2205 quod
1686 2140 1800 2205 per
1844 2122 1912 2183 in
1961 2140 2098 2185 rem
2145 2122 2462 2185 actionem
2508 2126 2681 2205 pete·

287 2236 419 2305 tur,
459 2227 790 2312 praedium
831 2232 963 2304 est,
1005 2229 1157 2311 quia
1193 2226 1455 2312 praedia
1492 2228 1687 2291 etiam
1729 2246 1764 2290 a
1805 2248 1930 2291 non
1969 2226 2332 2312 possidente
2356 2229 2680 2312 mancipio

288 2334 427 2399 dari
485 2339 754 2419 possunt
777 2332 850 2414 ⁴),
915 2353 1042 2417 qua
1101 2354 1169 2397 re
1230 2333 1528 2398 dominus
1590 2331 2028 2425 prohibeatur,
2093 2332 2161 2397 id
2207 2335 2460 2419 ipsum,
2509 2332 2682 2419 quod

288 2442 613 2525 petiturus
672 2426 764 2504 est
787 2488 805 2517 ,
870 2437 1137 2504 fiduciae
1186 2459 1375 2503 causa
1422 2439 1498 2504 ad
1547 2444 2022 2525 procuratorem
2072 2440 2450 2518 transferre,
2499 2442 2556 2505 is
2603 2460 2682 2505 ne

286 2553 509 2612 caveat
578 2553 785 2612 ratam
854 2567 992 2611 rem
1054 2546 1389 2611 dominum
1454 2545 1836 2612 habiturum
1895 2547 2196 2612 dominus
2254 2550 2392 2633 ipse
2441 2549 2680 2625 factus,

286 2676 412 2720 non
472 2655 805 2741 perspicio.
868 2653 1092 2738 Neque
1158 2655 1329 2718 enim
1392 2653 1674 2718 obstabit
1733 2652 2011 2740 litigiosi
2059 2656 2382 2740 exceptio,
2431 2657 2486 2719 si
2533 2662 2680 2718 ante

286 2763 729 2846 mancipatum
790 2762 875 2825 sit
938 2780 1133 2845 quam
1192 2758 1508 2825 iudicium
1576 2761 1972 2844 acciperetur
1997 2761 2082 2840 ⁵);
2148 2780 2352 2844 neque
2401 2759 2681 2825 obstabit

288 2888 362 2933 ea
422 2887 569 2952 pars
628 2867 865 2951 edicti,
918 2887 1043 2951 qua
1102 2872 1385 2944 cavetur,
1452 2887 1531 2931 ne
1592 2886 1718 2951 qua
1764 2862 2063 2930 alienatio
2109 2865 2333 2930 iudicii
2380 2864 2678 2931 mutandi

286 2994 476 3040 causa
542 2973 686 3052 fiat,
758 2995 834 3038 ex
906 2993 1031 3057 qua
1096 2970 1382 3058 alioquin
1442 2993 1567 3037 non
1625 2973 1790 3036 actio
1853 2977 2145 3050 tantum,
2212 2970 2322 3037 sed
2384 2973 2676 3056 exceptio

286 3100 541 3166 quoque
578 3077 901 3144 descendit
926 3067 997 3160 ⁶),
1039 3079 1148 3144 sed
1184 3078 1327 3144 ideo
1366 3100 1490 3144 non
1530 3078 1842 3156 obstabit,
1884 3079 2035 3163 quia
2066 3099 2166 3142 res
2203 3075 2424 3142 fraude
2446 3080 2672 3142 caruit.

284 3187 509 3252 Habeo
552 3192 786 3254 testem
832 3184 1224 3272 Ulpianum,
1269 3183 1312 3250 1.
1368 3183 1407 3249 4
1456 3183 1558 3270 §3
1606 3184 1686 3249 D.
1737 3183 1800 3248 4.
1829 3181 1904 3250 ¹7:
1952 3183 2010 3248 ei
2056 3186 2254 3270 quie.
2285 3232 2344 3250 ..
2394 3185 2462 3248 ob
2518 3184 2676 3248 vale·

286 3293 555 3358 tudinem
616 3299 725 3356 aut
785 3299 1031 3357 aetatem
1085 3341 1099 3357 .
1132 3339 1145 3356 .
1177 3342 1190 3358 .
1240 3291 1403 3355 litem.
1464 3294 1531 3356 in
1578 3291 1767 3355 alium
1814 3291 2222 3371 transtulerit,
2269 3290 2336 3355 in
2382 3314 2451 3355 ea
2499 3313 2679 3356 cauea

286 3523 373 3558 ur
418 3509 463 3558 le
507 3510 749 3571 transport
792 3506 853 3555 de
894 3506 1055 3556 detto:
1096 3504 1267 3567 (1898)
1310 3521 1356 3570 p.
1395 3504 1567 3566 145s6,
1598 3503 1858 3554 secundum
1891 3503 2070 3553 veteris
2101 3502 2224 3553 iuris
2257 3505 2510 3567 praecepta
2544 3500 2680 3565 (ibid.

286 3608 335 3657 p.
375 3589 554 3654 14814)
588 3605 645 3639 ex
680 3589 869 3642 diverso
902 3587 1062 3653 potuit
1091 3587 1282 3648 Blauto,
1316 3585 1557 3636 Noudion
1590 3586 1774 3651 (1895)
1805 3603 1850 3651 p.
1885 3587 2055 3645 58-56,
2085 3601 2228 3650 quem
2257 3584 2536 3634 ratiocinari
2564 3585 2682 3635 dicit

288 3674 555 3726 Gaudemet
588 3674 661 3738 (p.
698 3673 819 3736 188)
858 3687 1059 3722 ‚commo
1089 3670 1133 3721 ei
1168 3672 1217 3720 la
1251 3675 1401 3720 comt.
1437 3670 1468 3718 2
1500 3669 1587 3719 cit.
1618 3669 1787 3718 datait
1819 3670 1886 3718 du
1920 3667 2060 3734 reque
2092 3670 2152 3719 de
2185 3666 2481 3718 Jmtinien’n

359 3758 413 3817 1)
448 3757 503 3806 1..
543 3757 605 3806 18
646 3757 700 3805 D.
742 3754 815 3804 ll.
839 3755 865 3802 1
902 3752 1138 3818 (iuliani).

357 3841 413 3904 2)
461 3840 515 3888 L.
548 3838 615 3888 20
649 3853 722 3903 pr.
767 3839 819 3886 D.
856 3835 984 3886 11.1
1023 3833 1345 3899 (Ribbentrop
1382 3833 1750 3898 Cernat-Obliq.
1785 3850 1832 3899 p.
1868 3833 1968 3882 244
2001 3835 2102 3883 not.
2140 3834 2194 3882 5=
2234 3849 2279 3897 p.
2312 3831 2510 3896 846Π).
2544 3831 2680 3882 cuius

289 3921 482 3988 quidem
527 3922 714 3986 partem
762 3919 857 3967 huc
890 3918 1209 3983 pertinentem
1244 3917 1362 3978 (nisi
1392 3913 1533 3980 quim·
1566 3916 1789 3980 defensor
1824 3914 1955 3980 rell.)
1992 3913 2284 3964 Triboniano
2318 3913 2533 3963 restitnit
2565 3914 2683 3963 Per-

289 4005 413 4064 nice,
454 4001 568 4052 [ab.
614 4001 667 4050 11
718 4003 743 4050 l
791 4001 973 4066 (1895)
1018 4016 1064 4065 p.
1102 4000 1200 4048 248
1236 4002 1333 4048 not.
1376 3999 1405 4046 6
1442 3998 1511 4063 (p.
1551 3998 1690 4061 249).
1731 4025 1797 4036 —
1825 3999 1899 4047 Ad
1935 3996 2078 4047 verba
2112 3996 2228 4061 qnia
2263 3996 2350 4046 ille
2381 3996 2674 4060 neqott'orun

282 4090 515 4152 gestorum
543 4087 619 4135 vel
647 4084 867 4134 mandati
898 4083 1086 4133 actione
1120 4087 1391 4146 recepturus
1423 4085 1494 4130 est
1523 4081 1651 4145 qnod
1679 4079 1933 4145 praestitit
1965 4081 2027 4130 cf.
2064 4078 2095 4130 l.
2135 4081 2166 4128 8
2200 4094 2276 4145 pr.
2313 4079 2367 4143 (ἰ.
2389 4079 2447 4144 f.)
2474 4081 2528 4128 D.
2546 4078 2674 4131 47.a

282 4169 493 4232 (Paliug.
536 4168 647 4234 Ulp.
688 4165 852 4227 1071).

352 4254 410 4317 8)
445 4253 518 4301 Of.
553 4251 585 4304 1,
626 4252 687 4300 14
724 4249 829 4312 §13
870 4251 927 4298 D.
963 4249 1087 4307 4.2;
1121 4264 1216 4313 quo
1252 4249 1548 4296 revertemur
1582 4263 1685 4311 cap.
1720 4245 1892 4296 CXXI.

350 4336 410 4397 4)
444 4333 513 4382 Ea
546 4333 605 4382 de
642 4346 693 4381 re
726 4331 909 4394 egimus
943 4345 1045 4396 cap.
1085 4329 1169 4379 IV.

355 4417 411 4480 ὅ)
443 4416 483 4464 1.
537 4416 562 4463 1
603 4413 673 4476 §1
714 4413 777 4463 D.
812 4413 961 4463 44.6.
997 4412 1071 4462 Cf.
1105 4411 1276 4477 fragm.
1311 4412 1370 4460 de
1404 4411 1511 4460 iure
1548 4409 1646 4459 fisci
1682 4412 1768 4472 58.

355 4498 411 4562 6)
443 4497 497 4548 1..
538 4496 599 4544 12
633 4496 710 4558 (cf.
745 4494 778 4545 1.
816 4495 897 4557 11)
930 4493 993 4545 D.
1025 4495 1074 4543 4.
1094 4492 1141 4545 7.
