3246 5085
1329 319 1641 372 nonnos.
2532 303 2667 372 289

372 485 437 552 Π
484 485 544 552 3.
576 485 616 552 3
688 485 921 553 Adeste
969 506 1203 572 quaeso

377 593 473 676 (2)
534 593 833 681 Proprie:
898 593 1115 660 adesse
1161 595 1335 659 enim
1383 613 1608 660 causae
1656 596 1913 681 proprie
1960 593 2262 661 dicuntur
2308 599 2562 683 patroni
2607 600 2672 662 et

285 701 499 766 amici.
638 700 816 782 A(6)
863 701 1125 786 Proprie
1172 700 1497 766 advocatis
1548 700 1732 765 dixit.

376 805 742 872 Secundum
808 828 913 872 me
972 806 1285 872 habemus
1332 805 1658 872 Donatum
1706 809 1776 870 in
1823 805 1940 886 (2),
1991 809 2290 894 magistri
2338 807 2674 874 cuiusdam

288 917 661 1000 excerptum
723 915 793 977 in
851 912 1063 993 A(6);
1132 912 1483 978 secundum
1555 911 1790 978 Sabb.
1854 913 2096 979 Rabb.
2165 913 2464 980 Wessn.
2535 913 2674 979 illic

288 1018 530 1086 scholia
592 1021 929 1105 utriusque
977 1021 1363 1105 excerptoris
1406 1021 1475 1084 in
1523 1021 1752 1105 primis
1802 1040 1928 1085 vss.
1979 1022 2176 1086 etiam
2225 1021 2520 1098 confusa,
2568 1021 2674 1085 hic

289 1125 559 1191 alterius
601 1131 992 1210 excerptum.

383 1231 542 1298 Ibid.
593 1230 633 1296 5
706 1232 831 1297 Pro
890 1232 1086 1297 deum
1146 1229 1656 1298 immortalium!
1704 1230 1918 1320 Negat
1961 1231 2284 1298 Phanium
2332 1253 2467 1298 esse
2513 1231 2676 1298 hanc

288 1340 414 1405 sibi
457 1344 798 1425 cognatam
846 1335 1215 1423 Demipho?

379 1443 434 1509 B
457 1443 556 1524 (2)
624 1444 870 1531 Magno
929 1445 1189 1530 ingenio
1252 1442 1591 1510 Terentius
1653 1444 2124 1530 impudentiam
2193 1444 2675 1511 calumniatoris

289 1552 637 1637 expressit,
686 1571 836 1615 nam
884 1556 950 1616 et
995 1552 1171 1635 prior
1215 1551 1445 1635 incipit
1492 1554 1555 1614 et
1600 1552 1774 1636 prior
1821 1556 2094 1616 accusat.
2138 1587 2224 1598 —
2265 1549 2361 1631 (3)
2402 1551 2488 1616 Et
2526 1554 2676 1637 quia

288 1678 414 1723 nou
461 1661 673 1742 potest
720 1656 927 1722 dicere
976 1653 1290 1741 „expellit
1337 1656 1455 1721 Ph.
1506 1655 1827 1742 Demipho
1845 1653 1914 1720 ?”
1969 1663 2205 1743 „negat
2251 1662 2589 1744 cognatam
2604 1655 2674 1723 ?”

292 1761 470 1828 dicit.

382 1867 665 1933 Iudicavi
723 1866 1203 1954 Interpolatoris
1266 1867 1778 1933 additamentum
1843 1869 2354 1954 ineptissimum:
2425 1871 2680 1934 etiamsi

291 1975 601 2040 Phormio
658 1972 827 2038 illud
872 1972 1079 2039 dicere
1126 1977 1423 2059 potuerat
1470 1977 1620 2054 (non
1668 1975 1884 2059 potuit
1928 1979 2145 2040 autem
2196 1979 2342 2039 ante
2388 1976 2681 2040 minatio-

291 2101 441 2146 nem
490 2079 913 2165 Demiphonis
960 2100 1053 2145 vs.
1107 2076 1239 2160 77),
1294 2059 1517 2146 tamen
1562 2101 1689 2145 non
1736 2080 2036 2156 dixisset,
2084 2081 2238 2165 quia
2283 2083 2679 2166 cognationis

291 2189 551 2274 negatio
618 2186 739 2251 hoc
810 2184 947 2250 loco
1014 2187 1199 2250 unice
1266 2185 1828 2252 commemoranda
1898 2191 2053 2251 erat.
2148 2184 2222 2249 In
2292 2185 2389 2267 (1)
2459 2193 2677 2252 autem

289 2314 564 2380 agnosco
610 2290 929 2358 scholium
990 2293 1321 2378 integrum
1387 2291 1657 2370 Donati,
1719 2293 1788 2356 in
1850 2313 1973 2377 quo
2037 2290 2204 2356 nihil
2267 2290 2677 2372 desideretur,

288 2422 416 2466 non
466 2398 731 2466 alterius
778 2397 1059 2464 hominis
1103 2404 1497 2484 excerptum.

380 2507 439 2573 A
488 2510 668 2574 vacat
714 2505 793 2572 ad
841 2505 1011 2572 hunc
1055 2526 1316 2573 versum
1364 2512 1429 2573 et
1474 2505 1555 2572 ad
1620 2507 1682 2589 6,
1730 2504 1790 2585 7,
1841 2503 1902 2586 9,
1956 2505 2062 2583 10,
2111 2525 2385 2591 quorum
2434 2502 2676 2572 scholia

288 2619 635 2700 supersunt
658 2617 915 2691 tantum
939 2614 1006 2678 in
1030 2612 1103 2692 B,
1144 2617 1208 2678 et
1233 2612 1495 2699 quidem
1519 2610 1892 2698 plenissima
1917 2612 2124 2678 denuo
2151 2616 2432 2698 satisque
2455 2612 2674 2698 longa.

378 2719 542 2786 Ibid.
595 2719 637 2784 8
706 2719 1026 2804 Demipho
1088 2718 1167 2784 ad
1228 2718 1595 2784 advocatos:
1657 2717 1878 2805 Ipsum
1941 2738 2075 2783 esse
2140 2721 2365 2804 opinor
2425 2718 2502 2783 de
2550 2739 2677 2803 quo

292 2827 589 2914 agebam.
639 2822 1035 2912 Sequimini!

388 2934 486 3011 „A
538 2930 983 3018 „Sequimini”
1025 2931 1223 3009 dixit,
1264 2933 1414 3018 quia
1451 2933 1895 3016 properantius
1934 2935 2000 2996 et
2038 2930 2446 2996 concitatiore
2470 2929 2677 3017 gradu

292 3041 510 3128 pergit
547 3042 773 3104 iratuS.

383 3145 489 3210 Sic
550 3164 698 3211 vere
759 3144 1083 3222 Donatus,
1156 3165 1305 3209 nam
1366 3164 1582 3209 senem
1643 3144 2091 3230 indignantem
2154 3148 2219 3209 et
2264 3144 2502 3209 iratum
2555 3148 2676 3225 (vs.

296 3251 331 3316 1
374 3256 540 3337 sqq.)
602 3253 711 3317 vix
770 3250 1064 3336 passibus
1125 3271 1393 3336 aequare
1454 3254 1725 3335 possunt
1785 3252 1998 3315 amici.
2062 3249 2322 3337 Pugnat
2384 3272 2534 3315 cnm
2579 3250 2681 3316 his

290 3357 487 3425 schol.
548 3358 627 3425 B:
702 3358 984 3443 Apparet
1046 3356 1516 3443 Demiphonem
1574 3363 1650 3422 ut
1696 3362 1946 3442 patrem
1991 3356 2277 3422 familiae
2323 3358 2683 3443 perturbari

288 3486 415 3531 non
462 3464 884 3542 mediocriter,
936 3465 1171 3549 quippe
1218 3465 1329 3548 qui
1376 3470 1439 3528 et
1486 3462 1830 3543 advocatos
1874 3465 2338 3549 conquisiverit
2377 3463 2680 3529 adversus

288 3572 618 3637 hominem
681 3566 819 3635 sine
880 3569 1204 3635 advocatis
1267 3575 1568 3656 agentem
1629 3576 1693 3636 et
1737 3570 2037 3657 progredi
2085 3592 2209 3636 non
2258 3570 2507 3648 audeat,
2553 3573 2682 3635 nisi

288 3677 392 3745 illi
456 3683 823 3764 sequantur.
1004 3675 1217 3741 Immo
1281 3674 1599 3761 Demipho
1665 3697 1778 3742 nec
1839 3698 2008 3742 nunc
2069 3698 2274 3763 neque
2318 3679 2388 3741 in
2433 3676 2680 3762 reliqua

290 3804 516 3851 scaena
553 3783 963 3871 perturbatus
1004 3786 1101 3849 est
1126 3781 1405 3848 antideo
1430 3782 1770 3849 advocatos
1793 3786 2204 3869 conquisivit,
2230 3804 2343 3848 nec
2369 3789 2550 3848 metu
2573 3805 2680 3849 eos

287 3893 518 3955 incitat
578 3894 651 3954 ut
698 3895 1064 3975 sequantur,
1112 3888 1223 3954 sed
1269 3891 1485 3953 omnia
1532 3888 1981 3954 festinabunda
2027 3891 2167 3975 agit
2212 3888 2675 3974 indignatione.

386 3995 717 4061 Habemus
766 3998 977 4081 igitur
1019 3997 1085 4060 in
1126 3997 1185 4060 A
1224 3995 1543 4061 scholium
1586 3996 1779 4061 breve
1820 3994 1928 4061 sed
1968 3993 2232 4080 plenum
2269 3997 2474 4080 ipsius
2511 4016 2680 4061 com-

292 4103 533 4180 menti,
579 4104 648 4166 in
694 4100 747 4165 B
794 4104 1177 4167 contrariam
1225 4100 1507 4167 Editoris
1554 4103 2144 4186 interpretationem
2193 4103 2348 4167 satis
2394 4100 2678 4188 longam.

382 4208 545 4275 Ibid.
600 4206 685 4272 10
752 4206 1092 4293 Ignoratur
1137 4228 1401 4293 parens,
1452 4206 1813 4295 negligitur
1857 4210 1996 4293 ipsa

382 4316 437 4380 Β
476 4313 571 4396 (2)
640 4313 1062 4401 „Ignoratur”
1126 4337 1251 4380 non
1306 4317 1698 4400 agnoscitur,
1765 4314 2012 4401 —,(3)
2063 4315 2472 4396 „anoratur”
2523 4320 2682 4402 quod

274 4422 563 4507 firmitur,
630 4457 717 4471 —-
776 4423 885 4485 hoc
942 4420 1097 4485 enim
1157 4420 1469 4509 siqmflcat
1512 4422 1699 4487 modo.
1841 4420 1938 4502 (4)
1986 4423 2069 4485 Et
2121 4422 2434 4508 „parens”
2477 4429 2677 4509 pater,

2323 4544 2382 4592 19
