3246 5085
1303 361 1611 410 pommus.
2561 342 2647 410 2¹7

266 529 337 590 in
396 527 940 611 vituperationem
987 525 1348 591 fabularum
1397 525 1623 592 Luscii
1671 532 2074 613 comparatus
2120 532 2216 592 est
2236 574 2252 606 ‚
2300 543 2413 593 nec
2459 528 2655 593 credi-

266 629 397 695 bile
443 635 540 696 est
583 637 698 695 aut
743 635 1126 715 spectatores
1170 634 1495 717 ignorasse
1542 637 1871 723 auctorem
1914 632 2223 698 Thesauri
2240 681 2257 710 ,
2299 638 2454 697 tunc
2492 638 2654 698 tem-

266 738 440 820 poris
503 737 638 800 sine
701 735 895 801 dubio
941 739 1096 800 satis
1141 736 1474 814 celebrati,
1523 741 1747 822 utpote
1796 741 1907 822 qui
1950 740 2243 822 princeps
2285 744 2422 802 erat
2466 738 2646 803 facti-

269 843 407 905 onis
474 839 726 905 hostilis
795 839 1092 906 Terentio
1109 887 1126 916 ,
1201 846 1314 905 aut
1381 841 1727 928 prologum
1786 845 1877 907 sic
1938 863 2051 928 per
2108 844 2411 928 ambages
2470 841 2649 908 illius

269 966 504 1010 nomen
549 945 879 1011 indicasse.
942 945 1167 1030 Itaque
1215 968 1344 1010 non
1391 950 1701 1012 assentior
1743 947 2048 1013 Fabiae
2094 950 2161 1012 in
2207 947 2305 1014 ed.
2354 948 2433 1013 ad
2478 949 2649 1013 hunc

269 1073 333 1117 v.
398 1050 667 1115 dicenti:
735 1097 768 1126 „
779 1051 868 1115 Le
930 1071 1076 1116 vers
1126 1049 1166 1114 9
1228 1072 1307 1116 ne
1363 1055 1644 1117 contient
1691 1052 1851 1118 donc
1897 1072 2141 1118 aucune
2188 1047 2459 1138 critique
2505 1056 2656 1138 quoi

267 1156 460 1240 qu'en
507 1154 641 1220 dise
690 1155 964 1221 Donat.''

360 1257 528 1326 Cum
573 1262 783 1344 igitur
827 1260 926 1340 (1)
965 1258 1062 1338 (2)
1100 1258 1196 1340 (6)
1245 1259 1481 1324 Donati
1519 1263 1883 1345 opinionem
1922 1264 2322 1340 contineant,
2364 1264 2656 1347 sequitur

268 1363 583 1428 scholium
632 1364 728 1443 (4)
776 1364 852 1428 ab
900 1362 1027 1428 alio
1074 1367 1397 1429 invectam
1445 1384 1598 1440 esse,
1651 1372 1726 1429 ut
1770 1368 1994 1451 opinor
2036 1367 2113 1431 ab
2155 1366 2275 1443 IP,
2315 1369 2427 1450 qui
2465 1387 2650 1431 suam

264 1467 372 1533 vel
418 1471 646 1552 prioris
693 1471 899 1533 critici
937 1471 1302 1553 opinionem
1341 1468 1667 1534 rettulerit
1705 1491 1819 1555 per
1855 1470 2109 1535 solitam
2148 1470 2268 1534 sibi
2309 1469 2657 1535 formulam

267 1580 468 1636 utrum
493 1609 576 1621 —
603 1595 702 1637 an.
746 1571 940 1637 Recte
979 1594 1134 1658 ergo
1173 1572 1635 1639 Sabbadiui
1673 1575 1795 1639 1100
1831 1573 2148 1640 scholium
2172 1577 2422 1640 cursivo
2444 1574 2649 1652 dedit,

265 1680 376 1743 cui
444 1686 658 1742 tamen
727 1698 850 1742 non
920 1678 1192 1743 concedo
1264 1681 1460 1743 etiam
1529 1678 1724 1743 schol.
1788 1679 1883 1759 (5)
1945 1680 2467 1764 proscribendum
2514 1699 2651 1744 esse

265 1787 502 1847 totum.
569 1781 827 1865 Repetit
895 1783 1364 1866 quodammodo
1438 1782 1725 1848 Donatus
1793 1805 1953 1868 quae
2016 1783 2206 1848 aliter
2264 1784 2509 1850 dixerat
2568 1784 2650 1849 ad

266 1885 430 1952 And.
473 1885 568 1950 111
607 1887 668 1951 4.
699 1885 759 1950 3.
883 1887 1286 1952 Postremam
1333 1887 1556 1952 scholii
1606 1892 1888 1971 partem:
1941 1909 2131 1966 „nam
2171 1890 2297 1952 nisi
2322 1935 2337 1952 .
2369 1936 2382 1953 .
2412 1937 2427 1954 .
2456 1890 2651 1974 signi-

264 1990 581 2068 ficasset'',
631 1998 994 2077 suspectam
1039 2011 1172 2055 esse
1220 2013 1347 2057 non
1396 2013 1577 2078 nego.

355 2095 517 2160 Ibid.
569 2093 653 2162 17
702 2095 924 2160 Habeo
973 2094 1100 2161 alia
1145 2096 1357 2161 multa
1403 2117 1565 2180 qnae
1601 2117 1772 2161 nunc
1809 2096 2133 2176 (Luscius)
2172 2096 2649 2162 condonabitur.

267 2199 466 2266 Don.:
529 2198 635 2264 Sic
693 2204 762 2264 in
823 2200 1082 2266 Phorm.
1134 2199 1217 2282 (V
1265 2201 1329 2266 8.
1357 2201 1472 2280 54)
1537 2208 1921 2285 „argentum
1970 2201 2140 2284 quod
2184 2202 2379 2266 habes
2428 2201 2655 2266 condo·
2728 2271 2739 2284 ι

265 2324 499 2370 namus
560 2304 690 2370 te’'.
803 2304 1143 2389 Sequitur:
1210 2326 1403 2382 „nam
1465 2306 1676 2374 dono
1736 2304 2018 2372 ablativo
2078 2310 2253 2371 casui
2300 2308 2654 2392 iungebant

264 2418 544 2486 veteres,
586 2409 956 2474 condono
991 2410 1424 2476 accusativo'’.
1518 2411 1659 2475 Hoc
1699 2411 1928 2475 adiecit
1966 2410 2065 2474 IP
2105 2409 2291 2476 valde
2313 2411 2652 2496 impudens

262 2534 748 2599 nonnumquam
787 2516 853 2578 in
891 2513 1207 2601 fingendis
1246 2513 1490 2600 regulis
1521 2517 1966 2601 grammaticis
1988 2514 2255 2600 aliisque
2280 2517 2397 2581 hoc
2418 2535 2645 2602 genus.

263 2620 574 2685 Refutant
613 2640 763 2685 eum
803 2620 1098 2705 exempla
1135 2620 1294 2685 Hec.
1321 2620 1455 2685 849
1496 2620 1758 2705 „Egone
1798 2628 1861 2685 te
1902 2642 2014 2706 pro
2060 2622 2179 2686 hoc
2226 2624 2452 2686 nuntio
2493 2621 2650 2706 quid

266 2725 564 2801 donem’',
627 2730 692 2789 et
737 2724 956 2789 Plauti
1005 2727 1238 2810 Amph.
1289 2725 1320 2789 I
1369 2725 1429 2789 3.
1458 2725 1545 2790 38
1595 2730 1923 2809 „pateram
1975 2775 1988 2790 .
2022 2774 2035 2789 .
2066 2773 2079 2790 .
2132 2727 2249 2790 tibi
2295 2726 2645 2791 condono”.

267 2829 427 2895 Vide
473 2829 668 2893 Fabia
712 2830 793 2894 ad
838 2829 900 2893 h.
921 2828 988 2905 1.,
1039 2830 1344 2895 Dziatzko
1391 2830 1470 2894 ad
1519 2830 1781 2895 Phorm.
1832 2829 1925 2894 l.l.
2393 2829 2456 2894 S.
2501 2851 2553 2895 0.

353 2934 516 2999 Ibid.
565 2934 675 3000 24.
721 2935 807 2999 Et
850 2934 1014 2998 1111111
1061 2934 1308 3000 dedisse
1357 2935 1703 3000 verborum
1748 2942 1965 2999 tamen

359 3037 522 3104 Don.
586 3038 684 3122 (2)
742 3038 952 3104 Dare
999 3040 1255 3104 verba
1304 3039 1590 3123 decipere
1636 3046 1733 3104 est
1778 3060 1964 3115 eum,
2014 3041 2125 3123 qui
2170 3060 2317 3103 cum
2364 3061 2502 3104 rem
2548 3060 2653 3105 ex-

263 3148 510 3228 spectet
554 3142 718 3207 nihil
763 3144 1048 3207 inveniet
1089 3150 1342 3229 praeter
1383 3144 1604 3221 verba;
1648 3156 1713 3209 et
1753 3142 1907 3209 alibi
1950 3144 2186 3219 „verba
2223 3146 2419 3209 istaec
2456 3142 2651 3209 sunt”

265 3248 588 3329 (Phorm.)
650 3256 714 3313 et
774 3247 851 3312 de
897 3250 1212 3313 contrario
1261 3248 1553 3329 (Heaut.)
1603 3270 1787 3326 „rem
1834 3269 1982 3313 cum
2030 3248 2280 3326 videas,
2329 3247 2649 3313 censeas'’.

265 3352 372 3417 IP
433 3354 710 3437 speciose
771 3351 882 3417 sed
909 3434 912 3439 Ι
940 3372 1312 3438 perperam:
1375 3352 1472 3435 (3)
1532 3354 1634 3417 An
1696 3353 1915 3419 aliter:
1980 3338 2145 3417 nihil
2206 3353 2525 3418 addidisse
2573 3354 2649 3417 de

265 3456 418 3522 stilo
465 3478 582 3521 suo
631 3454 1048 3522 Terentium?

355 3561 456 3626 Ex
518 3562 828 3627 ambobus
889 3570 1104 3626 autem
1159 3561 1418 3627 scholiis
1463 3561 1631 3627 alius
1680 3563 1995 3647 magister
2039 3562 2158 3627 hoc
2204 3564 2644 3628 concinnavit:

263 3667 364 3748 (1)
411 3673 524 3731 aut
565 3670 889 3731 neminem
936 3666 1266 3745 fefellisse,
1316 3674 1430 3732 aut
1473 3667 1639 3732 nihil
1684 3670 2053 3753 apposuisse
2101 3667 2177 3731 de
2224 3687 2359 3732 suo.

1994 3770 2059 3835 S.
2106 3776 2454 3855 utrumque
2500 3792 2553 3835 c.

358 3873 456 3943 Of.
519 3874 683 3940 Don.
744 3874 825 3940 ad
883 3874 970 3940 IV
1018 3875 1080 3941 5.
1111 3876 1145 3940 1
1172 3875 1269 3954 (3)
1335 3875 1525 3953 „data
1585 3875 1820 3941 verba''
1884 3877 2061 3941 fraus
2121 3876 2303 3940 facta.
2369 3875 2564 3940 Andr.
2614 3873 2647 3938 Ι

263 3980 325 4045 3.
357 3980 396 4046 6
421 3981 518 4061 (1)
569 3981 806 4059 „verba
851 3981 1042 4046 dare'’
1091 3980 1344 4047 faHacia
1391 3980 1657 4045 scilicet.
2010 3982 2015 3985 ’

354 4193 387 4258 1
437 4194 494 4258 1.
527 4192 562 4257 1
612 4192 780 4273 Quid
824 4194 1034 4278 igitur
1075 4190 1356 4257 faciam?

358 4297 457 4378 (2)
518 4305 751 4376 σχῆμα
814 4298 1118 4377 διανοίαις·
1182 4297 1606 4374 semovenda.
1672 4303 1738 4362 et
1797 4303 2060 4383 apparet
2121 4296 2330 4362 multa
2373 4299 2643 4363 tacitum

259 4406 577 4489 cogitasse
623 4402 1092 4469 adulescentem
1139 4408 1203 4468 et
1251 4404 1510 4469 tandem
1555 4406 1623 4468 111
1669 4404 1823 4468 haec
1870 4402 2063 4469 verba
2108 4406 2413 4488 erupisse.
