3246 5085
627 313 763 382 288
1023 289 1026 292 ’
1391 333 1396 339 ·
1669 333 1984 384 nonnus.

628 504 948 587 quuntur:
1015 501 1181 577 „etsi
1229 499 1392 564 mihi
1441 520 1760 587 magnum
1807 500 2057 567 malum
2105 502 2233 567 scio
2280 503 2646 587 paratum'',
2694 509 2761 569 et
2806 505 3031 571 confer

626 605 792 671 Don.
840 603 928 671 47
955 605 1086 687 (l):
1133 606 1289 671 haec
1336 627 1526 672 causa
1573 606 1910 673 dubitandi
1956 609 2117 687 fuit,
2169 607 2339 694 quod
2385 609 2535 675 hinc
2576 609 3027 690 Parmenonis,

621 712 803 778 illinc
849 709 1277 778 adulescentis
1325 713 1690 800 periculum
1737 717 2040 781 cernitur.

716 925 770 990 V
819 925 882 994 5.
913 926 996 992 10
1063 924 1384 1012 Quicquid
1431 927 1629 993 huius
1676 928 1924 994 factum
1970 933 2068 993 est
2706 1005 2717 1014 ο

717 1030 878 1099 Don.
919 1034 1016 1114 (1)
1054 1033 1399 1113 Absolute,
1441 1041 1518 1101 ut
1557 1055 1752 1120 supra
1796 1041 1904 1113 „et
1927 1034 2234 1121 quicquid
2257 1036 2454 1100 huius
2476 1036 2638 1102 feci”
2665 1036 2808 1116 (12.
2838 1037 3033 1117 122).

623 1138 725 1204 IP
771 1140 870 1220 (2)
919 1141 1053 1206 Aut
1098 1139 1276 1206 deest
1327 1142 1526 1220 „rei'’,
1566 1146 1645 1206 ut
1680 1144 1801 1207 sit:
1845 1143 2042 1207 huius
2065 1144 2179 1208 rei.
2231 1139 2329 1208 Cf.
2370 1163 2565 1229 supra
2604 1143 2659 1208 V
2697 1143 2759 1208 2.
2786 1142 2873 1208 25
2902 1143 3033 1224 (3),

713 1352 873 1419 Ibid.
929 1353 1010 1418 19
1037 1375 1128 1439 sq.
1201 1354 1342 1442 Ego
1391 1361 1491 1434 te,
1540 1356 1822 1434 furcifer,
1872 1357 1926 1420 si
1974 1357 2127 1422 vivo
2180 1353 2324 1421 ...1
2374 1354 2502 1421 Sed
2547 1361 2701 1422 cett.

714 1459 910 1526 Modo
970 1462 1181 1526 omnis
1226 1463 1494 1526 saevitia
1542 1464 1787 1527 comica
1832 1465 1947 1527 aut
1990 1464 2058 1526 in
2106 1464 2601 1528 comminatione
2648 1468 2744 1528 est
2788 1466 2907 1528 aut
2952 1464 3035 1526 in

621 1573 934 1652 apparatu
994 1568 1360 1634 verborum.
1501 1567 1863 1634 Obscurum
1910 1573 1977 1633 et
2022 1574 2416 1654 suspectum.
2467 1569 2757 1636 Donatus
2805 1569 2895 1634 20
2921 1570 3033 1650 (1)

619 1673 1074 1746 'Aventia-nme
1099 1719 1118 1750 ,
1167 1694 1362 1758 quam
1410 1676 1761 1740 necessario
1808 1676 2102 1759 sequitur
2150 1673 2383 1754 „Sed”.

710 1778 870 1845 Ibid.
928 1779 1018 1844 22

802 1885 928 1951 Pa.
977 1884 1040 1950 Is
1085 1906 1200 1971 pro
1242 1885 1360 1952 illo
1409 1887 1701 1952 eunucho
1748 1887 1828 1952 ad
1876 1886 2191 1954 Thaidem
2236 1888 2400 1953 hanc
2447 1888 2759 1954 deductus
2804 1893 2926 1953 est.

802 1991 930 2058 La.
978 1992 1104 2058 Pro
1151 1989 1536 2058 eunuchon?
1580 1993 1707 2058 Pa.
1759 1991 1865 2059 Sic
1914 2001 2032 2059 est.
2082 1993 2275 2060 Hunc
2321 2015 2435 2080 pro
2484 1994 2748 2060 moecho
2794 1999 3033 2079 postea

985 2097 1453 2185 Comprendere
1499 2101 1678 2164 intus
1725 2104 1787 2164 et
1837 2103 2286 2166 constrinxere.

711 2207 808 2288 (l)
851 2205 1017 2286 „Pro
1040 2206 1377 2270 eunuchon
1393 2201 1462 2269 ‘P’
1489 2205 1633 2271 Non
1656 2209 2013 2294 interrogat
2034 2206 2143 2272 sed
2166 2207 2579 2272 exhorrescit.
2718 2205 2816 2287 (2)
2841 2205 3029 2272 Bene

617 2313 872 2379 studuit
928 2311 1266 2378 Terentius
1330 2312 1528 2397 „pro”
1595 2313 1697 2378 bis
1753 2333 2022 2378 numero
2070 2313 2309 2379 dicere:
2359 2321 2423 2378 et
2474 2334 2631 2399 „pro
2676 2312 3025 2379 eunucho”

619 2429 684 2486 et
745 2441 901 2506 „pro
956 2417 1266 2484 moecho''
1286 2439 1302 2496 ;
1372 2440 1529 2504 „pro
1592 2419 1905 2485 moecho’'
1954 2427 2173 2485 autem
2221 2422 2405 2505 quasi
2450 2440 2759 2485 excusans
2804 2419 3021 2498 dixit,

617 2549 768 2594 nam
814 2548 963 2593 vere
1009 2527 1074 2591 in
1122 2526 1446 2612 virginem
1494 2526 1779 2591 Atticam
1828 2547 1956 2591 non
2002 2548 2119 2613 pro
2166 2525 2465 2604 moecho,
2525 2525 2635 2592 sed
2682 2525 3022 2593 moechus.

754 2632 850 2715 (3)
899 2632 1070 2698 Bene
1115 2639 1466 2718 utrumque
1517 2632 1743 2717 „pro'',
1793 2634 1945 2718 quia
1988 2654 2192 2719 neque
2238 2633 2570 2699 eunuchus
2608 2638 2709 2699 est
2756 2635 2867 2718 qui
2914 2634 3023 2697 vi-

617 2742 810 2806 tiavit
871 2741 1237 2827 virginem,
1301 2759 1507 2827 neque
1568 2739 1874 2803 moechus
1930 2740 2041 2824 qui
2089 2742 2154 2804 in
2203 2739 2393 2805 domo
2441 2742 2825 2806 meretricia.

617 2847 715 2929 (4)
781 2845 865 2912 Et
935 2852 1151 2931 specta
1219 2866 1412 2931 quam
1477 2848 1750 2911 oratorie
1816 2844 2224 2911 transsilierit
2285 2849 2681 2912 mentionem
2740 2848 3021 2913 vitiatae

613 2954 921 3039 virginis:
988 2973 1145 3037 „pro
1209 2951 1545 3029 moecho'',
1609 2953 1860 3037 inquit,
1911 2958 1987 3016 ut
2032 2951 2293 3037 culpam
2345 2949 2665 3018 Chaereae
2712 2953 2831 3018 sub
2878 2974 3021 3019 me—

614 3061 864 3125 retricis
926 3061 1324 3124 accusatione
1386 3057 1641 3124 celaret.
1783 3057 1879 3137 (4)
1940 3058 2109 3123 Bene
2173 3058 2242 3121 τὸ
2309 3059 2532 3144 ,‚pro'',
2593 3060 2743 3144 quia
2796 3079 3014 3144 neque

615 3165 948 3231 eunuchus
994 3168 1107 3249 qui
1155 3165 1473 3250 ephebae,
1521 3185 1727 3250 neque
1772 3163 2025 3229 adulter
2070 3166 2183 3251 qui
2232 3172 2499 3231 amator.

705 3270 866 3336 Ecce
907 3268 1394 3336 scholiastarum
1442 3276 1765 3337 certamen
1815 3270 1891 3336 de
1940 3274 2406 3357 praepositione
2454 3294 2495 3358 p
2514 3293 2618 3337 ro.
2757 3270 3011 3337 Sanum

615 3384 681 3444 et
733 3377 1019 3442 sobrium
1067 3376 1306 3443 Donati
1350 3378 1665 3443 iudicium
1720 3398 2023 3465 agnosces
2068 3380 2137 3442 in
2179 3378 2275 3458 (1)
2324 3385 2389 3443 et
2436 3378 2550 3460 (4).
2713 3378 3015 3446 Fortasse

613 3483 822 3551 eidem
869 3484 1070 3549 tribui
1119 3484 1306 3549 debet
1352 3488 1547 3550 etiam
1591 3483 1712 3566 (3),
1752 3489 1829 3549 ut
1866 3487 2152 3571 primum
2195 3484 2365 3550 dicat
2402 3491 2753 3570 utrumqne
2800 3488 3008 3572 „pro”

611 3598 783 3658 recte
829 3595 1210 3676 usurpatum
1257 3612 1393 3657 esse
1411 3639 1426 3667 ,
1477 3612 1548 3657 ac
1597 3591 1743 3657 dein
1786 3588 2008 3656 laudet
2056 3596 2260 3655 artem
2307 3594 2529 3676 poetae
2574 3593 2643 3655 in
2681 3592 3012 3659 reticenda

611 3700 706 3765 rei
773 3698 981 3784 turpis
1043 3700 1368 3764 mentione
1433 3704 1498 3763 et
1559 3696 1877 3763 Chaereae
1940 3696 2147 3782 culpa.
2308 3697 2454 3765 Duo
2502 3698 2750 3783 reliqua
2792 3699 2891 3781 (2)
2940 3707 3013 3765 et

612 3804 710 3885 (5)
776 3804 950 3871 haud
1018 3806 1146 3869 scio
1216 3824 1294 3869 an
1366 3802 1811 3889 coniungenda
1873 3805 2022 3868 sint.
2086 3803 2347 3869 Etenim
2404 3807 2471 3869 in
2521 3804 2619 3885 (2)
2666 3804 3013 3873 adnuntiat

611 3910 984 3989 scholiasta,
1035 3948 1120 3959 --
1168 3932 1360 3996 quem
1424 3910 1758 3976 Editorem
1820 3930 1956 3975 esse
2020 3912 2165 3996 quis
2212 3931 2337 3975 non
2384 3913 2607 3976 statim
2654 3912 3011 3997 suspicabi-

613 4014 761 4082 tur?
810 4054 896 4066 -—
945 4038 1010 4082 se
1073 4016 1397 4083 dicturum
1460 4015 1538 4081 de
1605 4016 1803 4101 „pro”
1868 4016 2029 4081 bene
2088 4015 2375 4082 adhibito
2439 4018 2579 4095 „bis
2650 4019 2965 4083 numero'’
2990 4041 3009 4099 ς,

611 4126 793 4208 atqui
854 4124 960 4187 hic
1019 4126 1238 4208 agitur
1299 4128 1557 4189 tantum
1605 4122 1681 4187 de
1732 4144 1886 4207 „pro
1936 4123 2271 4201 moecho’',
2318 4129 2380 4188 et
2426 4126 2495 4188 in
2541 4122 2640 4204 (5)
2688 4123 2765 4190 de
2826 4132 3017 4192 utro-

613 4250 756 4315 que.
816 4229 988 4315 Ergo
1042 4232 1283 4294 conicio
1331 4249 1480 4294 eum
1529 4229 1650 4293 hoc
1696 4227 1914 4293 ordine
1962 4231 2324 4313 scripsisse:
2392 4228 2519 4309 (2)8
2572 4279 2587 4295 .
2618 4278 2633 4295 .
2663 4278 2678 4294 .
2728 4236 2794 4295 et
2840 4253 3038 4317 „pro-

610 4333 945 4401 eunucho''
995 4342 1062 4399 et
1108 4356 1266 4421 „pro
1313 4334 1655 4401 moecho’':
1708 4333 1805 4415 (5)
1854 4334 2040 4417 [bene
2087 4335 2157 4398 τὸ
2204 4334 2435 4420 „pro'’]
2482 4337 2639 4421 quia
2684 4386 2699 4403 .
2728 4383 2742 4400 .
2772 4384 2788 4401 .
2828 4356 3015 4403 ama-

609 4447 742 4519 tor3
807 4438 936 4520 (2)b
999 4461 1152 4525 „pro
1216 4441 1523 4508 moecho''
1579 4446 1830 4520 autem,
1880 4446 2030 4507 cett.
2079 4440 2305 4527 Itaque
2352 4440 2635 4508 tollenda
2675 4447 2827 4508 sunt
2874 4445 3011 4511 ista
