3246 5085
681 316 768 384 34
1005 323 1020 332 ·
1714 339 2028 390 nonnus.

663 575 670 584 ⁶
766 500 924 566 Ibid.
976 499 1063 565 83
1124 501 1301 568 Num
1361 502 1538 569 solus
1589 503 1703 570 ille
1749 504 1913 570 dona
1958 502 2107 570 dat?
2153 503 2457 570 Nuncubi
2505 525 2717 570 meam
2762 504 3100 590 benigni-

677 611 881 672 tatem
926 609 1181 672 sensisti
1223 610 1294 672 in
1341 613 1405 674 te
1453 607 1778 675 claudier?

763 710 859 776 De
905 712 1168 778 scholiis
1212 713 1545 780 rhetoricis
1593 716 1691 796 (1)
1730 715 1825 796 (3)
1871 715 2019 782 vide
2062 715 2305 782 Mnem.
2354 715 2643 780 XXXIII
2688 738 2750 801 p.
2799 714 2975 781 239.

765 816 860 897 (2)
922 817 1201 882 Possunt
1259 822 1436 885 enim
1499 820 1660 885 dona
1721 820 1859 886 dari
1906 821 2016 886 sed
2061 825 2299 908 exigua
2342 829 2457 887 aut
2502 825 2717 887 minus
2760 821 3091 898 libenter,

672 927 737 986 et
781 922 923 988 ideo
971 927 1361 990 mentionem
1407 927 1828 1012 benignitatis
1876 928 2130 993 adiecit.
2346 910 2355 920 ⁸

762 1027 859 1110 (4)
923 1028 1139 1106 „Num
1186 1031 1319 1095 ibi''
1367 1032 1686 1116 numquid
1732 1031 1989 1098 alicubi.
2054 1033 2151 1113 (5)
2202 1034 2337 1097 Aut
2382 1035 2439 1101 si
2486 1033 2849 1111 „nuncubi”
2897 1032 3092 1118 legi-

669 1155 848 1212 mus,
891 1138 1013 1200 erit
1052 1139 1360 1222 temporis
1399 1137 1811 1215 adverbium,
1854 1147 1929 1202 ut
1968 1139 2245 1203 sicubi
2282 1160 2407 1223 quo
2437 1141 2505 1202 in
2528 1138 2696 1217 loco,
2723 1141 2951 1223 quain
2978 1160 3083 1204 re.

755 1241 852 1321 (6)
897 1240 1218 1328 Intelligit
1262 1264 1330 1308 se
1375 1251 1439 1309 et
1486 1243 1648 1310 dona
1694 1244 2002 1310 obtulisse
2040 1250 2107 1310 et
2143 1244 2209 1308 id
2250 1243 2529 1330 benigne
2567 1265 2753 1330 saepe
2792 1245 3041 1312 fecisse
3058 1264 3079 1322 3

663 1367 813 1411 nam
877 1347 1256 1432 plerumque
1315 1351 1570 1436 ingrata
1633 1349 1797 1415 dona
1858 1357 2043 1428 sunt,
2107 1353 2174 1414 in
2234 1350 2469 1434 quibus
2507 1351 2879 1440 ³benignitas
2930 1372 3081 1415 non

663 1459 958 1537 apparet,
1028 1474 1190 1539 quae
1258 1462 1371 1520 aut
1439 1457 1507 1520 in
1571 1458 1932 1540 quantitate
1994 1475 2216 1520 rerum
2280 1460 2379 1520 est
2441 1460 2555 1520 aut
2612 1458 2681 1520 in
2741 1447 3081 1520 facilitate

666 1561 1071 1642 praestantis.

754 1661 1084 1728 Scholium
1122 1664 1222 1745 (2)
1260 1666 1715 1750 compendium
1754 1673 1850 1730 est
1891 1668 2203 1750 postremi
2239 1665 2336 1745 (6)
2375 1671 2441 1729 et
2472 1667 2706 1731 merito
2728 1663 3075 1730 inclinatis

658 1764 896 1832 litteris
958 1790 1328 1854 expressum
1390 1791 1427 1835 a
1489 1770 1719 1836 Sabb.
1784 1770 1855 1837 Si
1902 1778 2123 1836 autem
2169 1771 2437 1837 debetur
2480 1770 2600 1849 IP,
2648 1773 2707 1836 is
2755 1755 3071 1836 omittere

668 1871 888 1937 debuit
949 1873 1183 1939 Donati
1242 1874 1437 1940 schol.
1501 1879 1895 1960 genuinum,
1962 1898 1999 1941 a
2045 1875 2482 1961 Gompilatore
2530 1883 2749 1962 postea
2793 1876 3073 1942 aliunde

667 1981 1064 2045 restitutum.
1146 1979 1380 2046 Sabb.
1420 1983 1618 2046 etiam
1657 1984 2029 2067 proscripsit
2052 1981 2169 2062 (5),
2210 1988 2277 2046 et
2299 1981 2615 2067 particula
2653 1987 2793 2046 aut
2830 2002 3072 2046 revera

664 2083 941 2150 indicare
987 2085 1246 2150 videtur
1291 2091 1619 2150 auctorem
1668 2086 1989 2152 diversam
2027 2107 2064 2150 a
2101 2087 2515 2172 praecedente
2562 2087 2678 2167 (4),
2726 2089 2790 2152 h.
2824 2107 2881 2152 e.
2928 2085 3071 2151 IP.

669 2187 764 2252 De
815 2191 1183 2255 nuncubi
1228 2215 1307 2240 =
1353 2212 1541 2255 num
1587 2192 1731 2256 ubi
1778 2191 1855 2256 cf.
1906 2191 2105 2256 Prisc.
2146 2191 2177 2256 Ι
2217 2213 2279 2277 p.
2334 2191 2438 2257 18.
2470 2191 2530 2269 1,
2579 2192 2771 2256 ubic
2814 2193 3075 2277 eupho-

667 2298 809 2360 niae
853 2315 1043 2360 causa
1086 2299 1325 2360 inserta
1369 2317 1506 2362 esse
1551 2296 1809 2362 dicitur.

611 2467 619 2476 ,
757 2398 1026 2465 Restant
1081 2404 1290 2486 igitur
1350 2400 1598 2466 Donato
1664 2408 1919 2467 tantum
1979 2401 2077 2482 (4)
2126 2406 2193 2467 et
2238 2401 2356 2481 (6).
2417 2400 2865 2487 Interpolatori
2912 2401 3068 2466 red-

429 2467 442 2476 ·
553 2473 558 2478 ⁸
667 2503 895 2572 dentur
941 2506 1038 2588 (2)
1085 2515 1148 2572 et
1193 2506 1311 2588 (5),
1360 2514 1425 2573 et
1469 2508 1787 2574 rhetorico
1835 2528 2009 2594 mag.
2060 2507 2157 2589 (1)
2204 2513 2270 2573 et
2324 2506 2441 2589 (3).

757 2718 1126 2804 Sequuntur
1169 2718 1410 2786 scholia
1451 2722 1841 2806 gravissima
1890 2720 1971 2785 ad
2017 2741 2111 2786 vs.
2161 2717 2467 2785 85-882

1024 2826 1249 2893 Nonne
1294 2827 1406 2891 ubi
1457 2828 1550 2914 mi
1594 2826 1762 2892 dixti
1809 2846 2037 2909 cupere
2086 2831 2149 2890 te
2196 2848 2275 2891 cx
2323 2826 2665 2911 Aethiopia

1027 2931 1421 2997 Ancillulam
1439 2980 1455 3010 ,
1502 2930 1746 2997 relictis
1791 2932 1979 2996 rebus
2028 2931 2326 2995 omnibus

1029 3036 1372 3116 Quaesivi?
1418 3036 1615 3103 Porro
1664 3036 2033 3102 ennuchum
2080 3036 2245 3101 dixti
2290 3034 2458 3102 velle
2504 3040 2603 3113 te,

1027 3142 1188 3221 Quia
1233 3142 1402 3207 solae
1450 3147 1726 3207 utuntur
1770 3141 1873 3205 his
1923 3144 2184 3226 reginae

753 3245 838 3312 85
865 3244 961 3327 (1)
1029 3246 1190 3313 Plus
1260 3246 1427 3311 dixit
1499 3246 1658 3323 „ubi
1727 3245 1892 3310 dixti
1965 3266 2195 3331 cupere
2264 3245 2371 3310 te’'
2433 3266 2629 3330 quam
2692 3247 2749 3309 si
2810 3244 3058 3311 diceret

665 3355 926 3437 „petisti
985 3358 1060 3417 ut
1123 3352 1480 3429 emerem”;
1545 3350 1691 3435 plus
1755 3356 1850 3415 est
1898 3354 2073 3415 enim
2120 3351 2187 3415 id
2234 3352 2663 3436 praestitisse,
2714 3350 2885 3435 quod
2934 3353 3054 3436 qui

659 3461 968 3543 acceperit
1013 3480 1138 3523 non
1187 3479 1382 3523 ausus
1427 3458 1622 3522 fuerit
1668 3454 2021 3541 postulare.

749 3562 847 3643 (2)
910 3584 1180 3648 „cupere
1231 3563 1334 3628 te”
1384 3562 1530 3628 vult
1575 3583 1712 3627 rem
1760 3564 1943 3647 parvi
1990 3562 2181 3646 pretii
2226 3581 2303 3625 ex
2346 3559 2525 3625 illius
2572 3559 2924 3645 cupiditate
2980 3564 3052 3625 et

659 3690 773 3734 suo
819 3668 1035 3734 labore
1081 3668 1403 3754 perpendi.

748 3774 844 3854 (3)
909 3796 1025 3852 „ex
1089 3772 1473 3860 Aethiopia'’
1538 3794 1665 3838 non
1727 3772 2285 3857 „Aethiopissam”
2346 3769 2459 3837 sed
2522 3770 2853 3836 honestius
2914 3792 3047 3847 „ex

657 3879 891 3944 Aeth.'’

745 3984 833 4049 86
881 3984 1057 4049 Haec
1102 3988 1235 4049 iam
1281 3986 1494 4049 omnia
1539 3986 1607 4046 in
1660 3980 1973 4047 beneficiis
2020 3979 2401 4045 considerari
2448 3979 2681 4045 solent.

747 4087 832 4153 87
858 4088 955 4170 (1)
1004 4089 1157 4154 Vide
1203 4088 1746 4173 quemadmodum
1792 4086 2092 4151 adhibeat
2137 4092 2329 4170 atque
2376 4104 2715 4149 aerumnas
2761 4082 2883 4148 sibi
2926 4082 3054 4148 dif-

525 4196 535 4205 '
653 4192 925 4259 ficilium
964 4215 1306 4259 munerum
1344 4194 1513 4259 dicat
1549 4194 1929 4277 imposuisse
1970 4194 2404 4256 meretricem:
2450 4212 2571 4268 „ex
2612 4190 2802 4255 Aeth.
2830 4190 3047 4267 anc.'’,

651 4301 898 4382 inquit,
945 4297 1152 4376 „dixti
1190 4304 1254 4363 te
1289 4298 1386 4363 c.'’
1406 4320 1422 4377 ;
1474 4298 1631 4384 quid
1675 4318 1795 4383 ego
1844 4296 1964 4361 feci
2009 4299 2077 4359 in
2116 4318 2183 4361 re
2220 4294 2377 4360 caeli
2417 4315 2489 4359 ac
2526 4293 2682 4360 solis
2722 4315 2793 4360 ac
2836 4314 3045 4379 paene

654 4404 826 4470 orbis
871 4402 1174 4470 alterius?
1227 4402 1631 4485 „Quaesivi'’,
1679 4422 1793 4467 nec
1838 4403 2012 4465 enim
2056 4402 2125 4465 in
2170 4406 2478 4486 promptu
2514 4408 2680 4466 erat.
