3246 5085
656 312 789 381 360
1449 333 1534 381 m:
1579 333 1900 382 nummis
1943 333 2262 382 rmrnoo.

1793 527 1906 594 III.

747 715 904 794 „Est
949 714 1067 781 hoc
1114 713 1401 800 aliquid”
1450 716 1542 779 ita
1588 712 1911 792 nonnulli,
1964 713 2115 790 „sed
2162 711 2338 778 aliud
2376 711 2654 788 accedit;
2699 711 3050 777 titulorum

652 825 826 887 enim
874 842 1181 886 numerus
1228 822 1519 886 omnium
1567 840 1789 885 earum
1835 819 2221 896 fabularum,
2273 839 2430 905 quas
2467 840 2582 884 nos
2622 819 2812 884 hodie
2855 819 3052 884 certis

652 930 1038 993 testimoniis
1100 927 1275 992 ducti
1333 925 1633 1012 Euripidi
1677 925 2030 991 adscribere
2077 946 2454 1011 possumus,
2503 927 2558 990 si
2601 926 2840 991 abicias
2889 923 3050 990 Ten·

648 1055 797 1099 nem
842 1033 1379 1119 Rhadamanthyn
1428 1031 1834 1110 Pirithoum,
1884 1031 2106 1097 eodem
2155 1031 2322 1097 redit
2365 1053 2490 1118 quo
2538 1031 2722 1097 Vitae
2767 1031 3046 1097 Maioris

646 1140 816 1207 illud
875 1139 1131 1205 LXVII.
1192 1139 1619 1226 Septuaginta
1681 1138 2162 1226 tragoediarum
2225 1137 2410 1204 tituli
2469 1139 2856 1217 referuntur,
2915 1144 3044 1202 tres

650 1252 981 1333 suspectae
1018 1253 1203 1324 sunt;
1252 1249 1470 1332 itaque
1518 1249 1572 1311 si
1619 1252 1859 1312 ceteras
1909 1243 1992 1312 67
2039 1248 2355 1332 genuinas
2403 1266 2539 1311 esse
2585 1251 2862 1324 constat,
2911 1247 3048 1310 iam

648 1352 795 1420 luce
855 1352 1091 1419 clarius
1151 1357 1249 1419 est
1301 1351 1769 1418 Alexandrinos
1814 1373 1940 1416 non
1986 1350 2146 1417 alias
2192 1372 2264 1417 ac
2309 1351 2596 1417 Tennem
2641 1350 3051 1418 Rhadaman·

650 1462 813 1548 thyn
861 1460 1230 1527 Pirithoum
1278 1481 1393 1546 pro
1436 1462 1674 1545 spuriis
1719 1458 2086 1524 habuisse.’'
2256 1453 2263 1458 ’

741 1565 1234 1653 Simplicissima
1294 1567 1539 1631 ratione
1598 1567 1693 1630 ita
1738 1585 1836 1630 res
1883 1564 2316 1643 conficeretur,
2364 1567 2420 1629 si
2468 1571 2602 1630 tam
2649 1570 2819 1630 certa
2865 1562 3046 1628 fabu-

652 1673 866 1740 larum
926 1680 1096 1739 esset
1140 1675 1570 1760 genuinarum
1616 1673 2034 1757 computatio.
2084 1672 2378 1736 Marmor
2423 1673 2594 1736 enim
2642 1669 2807 1735 illud
2853 1669 3047 1735 Alba-

652 1802 809 1846 num
852 1782 921 1845 in
969 1783 1152 1846 cuius
1198 1780 1559 1866 fragmento
1608 1777 1826 1844 tabula
1872 1777 2236 1843 fabularum
2287 1785 2541 1844 servata
2586 1782 2685 1844 est
2724 1799 2799 1843 ex
2839 1783 3044 1863 parte,

651 1889 719 1951 in
780 1907 845 1951 se
894 1888 1004 1951 vix
1052 1885 1245 1951 habet
1291 1888 1617 1971 propriam
1665 1887 2152 1964 auctoritatem;
2203 1888 2259 1950 si
2303 1890 2523 1951 autem
2571 1887 2632 1950 ei
2677 1882 2913 1970 lapidi,
2965 1887 3042 1946 ut

650 1995 719 2057 in
760 1995 1001 2057 incerta
1048 2013 1149 2071 re,
1200 1990 1676 2077 aliquantulum
1725 1994 2124 2058 auctoritatis
2172 1993 2453 2058 tribuere
2499 1990 2816 2068 velimus,
2863 1989 3039 2055 idem

652 2099 777 2163 sibi
851 2099 990 2163 iure
1071 2119 1187 2163 suo
1265 2098 1593 2184 arrogabit
1670 2096 1835 2184 lapis
1911 2098 2202 2164 Piraicus
2279 2099 2383 2180 (de
2444 2120 2570 2184 quo
2633 2097 2711 2164 cf.
2773 2096 3036 2164 Wilam.

651 2227 713 2290 p.
767 2203 944 2284 138).
1009 2202 1281 2270 Summa
1342 2225 1593 2290 semper
1639 2212 1737 2270 est
1782 2207 2125 2271 auctoritas
2173 2203 2662 2270 didascaliarum
2679 2223 2696 2281 ;
2745 2206 2850 2270 cui
2901 2224 3040 2289 pro-

655 2313 829 2375 xime
890 2311 1133 2376 accedit
1185 2309 1339 2375 fides
1386 2309 1878 2376 scholiastarnm
1925 2309 2422 2396 Euripidem-um
2441 2359 2457 2390 ‚
2503 2309 3037 2397 Sophocleorum,

653 2413 1194 2502 Aeschyleorum,
1243 2416 1895 2501 Aristophaneorum,
1945 2423 2262 2502 quatenus
2307 2416 2409 2482 illi
2458 2415 3039 2483 Alexandrinorum

648 2525 1224 2611 grammaticorum
1285 2525 1735 2590 auctoritatem
1799 2525 2005 2590 secuti
2052 2546 2186 2591 esse
2231 2524 2502 2610 putandi
2547 2529 2718 2591 sunt.
2779 2525 2852 2591 In
2905 2524 3040 2590 uni-

650 2651 911 2698 versum
972 2638 1190 2697 autem
1252 2630 1371 2696 hoc
1420 2650 1674 2696 sumere
1719 2629 1906 2696 licet:
1957 2631 2275 2710 fabulam,
2327 2652 2488 2717 quae
2534 2634 2602 2696 in
2647 2630 2912 2697 scholiis
2959 2628 3036 2695 ad

649 2739 925 2824 tragicos
968 2739 1372 2803 comicumve
1421 2743 1834 2814 memoretur,
1881 2739 1948 2801 in
1996 2735 2249 2802 tabulas
2295 2735 2871 2802 Alexandrinorum
2921 2756 3034 2823 pro

646 2846 928 2931 genuina
966 2850 1285 2929 receptam
1326 2844 1542 2909 fuisse.
1589 2844 1752 2909 Acta
1790 2863 1983 2930 agam
2019 2845 2076 2907 si
2115 2843 2192 2908 de
2233 2842 2510 2930 singulis
2535 2843 2641 2909 hic
2667 2845 3033 2909 testimonia

645 2958 942 3018 veterum
982 2951 1394 3037 perscribam.
1448 2950 1544 3015 Ad
1583 2952 2020 3036 quaestionem
2062 2949 2488 3015 dirimendam
2527 2971 2689 3035 quae
2726 2971 2842 3015 nos
2866 2970 3032 3015 nunc

645 3056 887 3122 detinet
950 3056 1185 3121 sufficit
1242 3049 1497 3133 notare,
1558 3054 1711 3120 LIX
1771 3055 2135 3142 tragoedias
2199 3056 2576 3142 Euripideas
2639 3076 2807 3135 esse,
2871 3076 3028 3141 quas

644 3161 1093 3229 Alexandrinis
1153 3164 1597 3250 grammaticis
1659 3164 1796 3228 sine
1841 3165 2269 3229 controversia
2313 3166 2606 3250 cognitas
2654 3170 2719 3228 et
2763 3184 2878 3249 pro
2925 3184 3030 3249 ge-

643 3271 862 3334 nuinis
919 3273 1201 3354 receptas
1256 3268 1452 3334 fuisse
1506 3268 2027 3334 constituendum
2087 3272 2208 3348 sit,
2281 3271 2337 3335 si
2395 3268 2882 3335 scholiastarum
2945 3268 3032 3333 di-

644 3372 1149 3440 dascaliarumve'
1197 3375 1548 3439 testimonii
1594 3375 1906 3440 rationem
1955 3373 2326 3441 habeamus.

735 3479 897 3547 Ecce
960 3480 1174 3545 tituli:
1242 3479 1276 3544 1
1330 3478 1625 3546 Alcestis,
1704 3480 1745 3545 2
1793 3481 2256 3548 Andromache.
2329 3480 2370 3546 3
2418 3480 2766 3567 Alcmaeon
2832 3482 2860 3546 ὃ
2925 3480 3023 3546 διὰ

620 3586 959 3665 Ψωφῖδος.
1031 3584 1071 3649 4
1134 3584 1393 3652 Aeolus.
1468 3586 1507 3651 5
1572 3585 1955 3653 Alexander.
2030 3587 2069 3651 6
2133 3586 2558 3653 Andromeda.
2636 3586 2673 3653 7
2729 3588 3022 3673 Antiope.

645 3693 687 3760 8
738 3690 1112 3758 Archelaus.
1187 3690 1226 3756 9
1273 3690 1626 3758 Alcmaeon
1673 3694 1700 3755 ὃ
1750 3692 1849 3757 διὰ
1901 3694 2191 3771 Κορίνθου.
2270 3693 2354 3759 10
2399 3695 2678 3781 Aegeus.
2755 3694 2836 3759 ll
2885 3694 3028 3761 Alc-

642 3820 851 3866 mena.
921 3798 1003 3865 12
1051 3801 1394 3885 Antigone.
1461 3798 1545 3863 13
1587 3800 1798 3885 Auge.
1865 3798 1947 3863 14
1986 3798 2288 3865 Bacchae.
2361 3799 2443 3864 15
2485 3799 3025 3887 Bellerophontes.

645 3906 729 3971 16
796 3906 1042 3993 Dictys.
1135 3904 1217 3973 17
1284 3905 1567 3971 Hecuba.
1648 3904 1728 3971 18
1786 3906 2053 3972 Helena.
2128 3905 2211 3970 19
2273 3906 2690 3973 Erechtheus.
2763 3899 3029 3973 20‘He-

640 4010 935 4078 raclidae.
1005 4012 1089 4077 21
1156 4011 1488 4078 Hercules.
1562 4010 1651 4079 22
1697 4012 1968 4078 Electra.
2043 4012 2129 4078 23
2177 4012 2512 4101 Thyestes.
2585 4012 2673 4078 24
2720 4012 3024 4080 Theseus.

629 4116 727 4182 ’25
789 4116 1190 4202 Hippolytus
1236 4116 1585 4184 Coronifer.
1661 4118 1748 4185 26
1796 4117 2154 4206 Supplices.
2226 4117 2312 4186 27
2359 4119 2697 4206 Iphigenia
2737 4117 3025 4185 Taurica.

642 4220 730 4286 28
771 4220 1110 4308 Iphigenia
1148 4221 1539 4289 Aulidensis.
1601 4222 1688 4289 29
1731 4223 1818 4289 Io.
1877 4224 1964 4290 30
2004 4224 2408 4312 Hippolytus
2433 4223 2715 4289 Velatus.
2771 4222 2855 4289 31
2893 4224 3028 4290 ln0.

642 4325 729 4393 32
786 4326 945 4393 Ixio.
1037 4327 1120 4393 33
1183 4327 1463 4395 Cressae.
1538 4327 1626 4394 34
1675 4328 2119 4417 Cresphontes.
2194 4330 2277 4395 35
2329 4329 2566 4398 Cretes.
2642 4330 2727 4395 36
2773 4331 3025 4399 Medea.

642 4432 727 4501 37
765 4433 1163 4522 Licymnius.
1230 4434 1316 4501 38
1355 4433 1705 4524 Meleager.
1765 4436 1849 4504 39
1885 4436 2253 4526 Melanippo
2293 4439 2578 4525 Sapiens.
2630 4436 2718 4504 40
2743 4438 3022 4509 Orestes.
