3246 5085
639 298 772 366 372
1409 318 1496 365 na
1541 318 1858 369 sommus
1906 320 2222 369 nni‘rnoo.

635 508 788 563 τας,
851 487 946 549 ita
1007 484 1084 548 ad
1147 483 1392 549 Ledam
1438 484 1739 550 accedens
1788 484 2077 571 Iuppiter
2122 486 2495 573 depingitur
2542 484 2867 566 χιονόχρως
2928 485 3053 547 κὺ-

637 614 774 656 κνου
813 600 1056 670 πτεροῖς
1105 588 1280 669 (Hel.
1330 589 1510 671 216),
1561 598 1627 656 et
1674 594 1741 655 in
1798 591 2240 658 Andromache
2285 589 2471 673 (8¹79)
2518 594 2717 658 etiam
2766 590 3047 657 Orestes

631 700 700 762 in
741 697 1046 763 Phthiam
1089 696 1438 763 adveniens
1477 696 1807 778 ἀλλόχρως
1848 719 1885 764 a
1924 700 2239 764 ministris
2267 697 2743 764 Andromachae
2767 696 3051 762 dicitur.

725 801 1056 884 ἄκριτος
1106 800 1414 885 ἄστρων
1461 802 1711 884 ὄχλος
1760 807 1871 872 vix
1918 805 2108 871 habet
2148 805 2318 891 quod
2356 827 2469 871 nos
2508 804 2823 883 detineat3
2870 824 3047 869 nam

628 911 782 978 licet
851 913 1088 977 rariore
1157 911 1627 997 significatione
1686 912 2078 977 adiectivum
2142 912 2431 978 adhiberi
2498 912 2617 978 hoc
2683 910 2826 977 loco
2900 930 3048 975 non

630 1020 1024 1105 negaverim,
1064 1020 1178 1084 vix
1226 1024 1384 1104 puto
1426 1018 1558 1084 fore
1598 1023 1673 1083 ut
1723 1021 1867 1105 quis
1915 1016 2191 1084 alienam
2240 1019 2317 1084 ab
2366 1017 2677 1104 Euripide
2726 1017 2888 1082 hanc
2944 1016 3049 1081 di-

629 1128 902 1190 ctionem
951 1123 1192 1190 iudicet
1238 1144 1364 1209 qua
1412 1123 1818 1190 homericum
1866 1124 2321 1207 ἀκριτόφυλλον
2368 1124 2673 1211 explicari
2721 1122 3048 1209 quodam-

529 1252 542 1263 ·
627 1231 817 1297 modo
880 1230 1070 1296 dicas.
1134 1229 1357 1317 Neque
1417 1233 1631 1318 magis
1695 1230 1954 1297 offendit
2013 1231 2205 1312 ὄχλος
2268 1230 2345 1298 de
2407 1229 2749 1297 stellarum
2809 1230 3039 1295 choro·

627 1338 903 1403 Etiamsi
950 1338 1096 1422 quis
1143 1338 1468 1402 monuerit
1514 1336 1674 1403 alias
1723 1337 1853 1403 fere
1902 1337 1977 1402 de
2025 1338 2365 1403 hominum
2414 1335 2833 1402 multitudine
2880 1335 3043 1401 sub-

627 1446 984 1510 stantivum
1032 1443 1355 1521 adhiberi,
1403 1462 1530 1509 non
1581 1444 1784 1509 deerit
1831 1444 1984 1509 huic
2035 1444 2397 1531 fragmento
2444 1444 2790 1509 auctoritas
2838 1441 3039 1506 Euri-

627 1549 848 1637 pidea:
898 1552 966 1614 in
1015 1546 1228 1635 Iphig.
1279 1548 1429 1615 Aul.
1486 1548 1609 1615 191
1662 1550 1975 1616 habemus
2020 1547 2221 1615 ἵππων
2262 1548 2471 1630 ὄχλον,
2516 1551 2670 1635 quin
2708 1551 2918 1613 immo
2961 1550 3034 1612 in

628 1656 876 1722 Danaes
924 1655 1286 1741 fragmento
1333 1653 1520 1738 (332)
1567 1655 1947 1735 Φιλημάτων
1992 1654 2201 1738 ὄχλον.

718 1762 1102 1829 Accedimus
1125 1762 1204 1827 ad
1229 1782 1491 1827 versum
1517 1764 1626 1848 qui
1657 1765 1995 1848 praecipue
2022 1766 2449 1849 suspicionem
2475 1764 2684 1829 movit
2709 1759 3031 1827 Wilamo·

631 1871 861 1935 witzii:
913 1869 1368 1948 ἐνδελεχῶς
1418 1869 2005 1951 οὶμΦιχορεύει.
2063 1907 2144 1919 -
2196 1869 2531 1949 ἐνδελεχῶς
2572 1871 2711 1935 viro
2760 1888 3029 1933 summo

627 1975 706 2041 ad
753 1994 827 2039 ea
872 1971 1056 2053 ἅπαξ
1103 1975 1388 2053 εἰρημένοι
1437 1977 1754 2060 pertinere
1803 1975 2059 2043 videtur
2109 1996 2313 2062 „quae
2352 1976 2430 2041 ab
2480 1973 2809 2059 Euripidis
2857 1994 3027 2051 usu,

626 2084 784 2167 quin
831 2102 868 2147 a
914 2086 1130 2147 vetere
1171 2081 1434 2147 Atthide
1468 2081 1875 2147 abhorrent”.
1926 2080 2162 2148 Contra
2203 2082 2409 2148 dicere
2450 2082 2621 2147 hisce
2662 2102 2791 2146 non
2831 2079 3029 2145 facile

628 2194 763 2261 est,
828 2189 1129 2272 quoniam
1193 2209 1306 2273 per
1367 2208 1434 2254 se
1494 2187 1756 2273 quidem
1819 2187 2195 2274 Euripidem
2242 2208 2509 2254 novasse
2555 2185 2863 2252 nonnulla
2910 2184 3026 2253 vel

627 2297 832 2359 rarius
878 2298 991 2359 aut
1037 2315 1393 2379 numquam
1441 2293 1612 2359 dicta
1652 2294 2049 2372 adhibuisse,
2093 2302 2157 2361 et
2192 2294 2643 2381 glossographi
2682 2294 2911 2359 docent
2956 2299 3024 2358 et

623 2403 761 2489 ipse
809 2399 1344 2467 Wilamowitzius
1393 2402 1661 2465 minime
1710 2407 1923 2487 negat.
1974 2400 2154 2466 Nihil
2204 2423 2357 2490 ergo
2404 2423 2593 2489 agam
2646 2403 2701 2467 si
2747 2421 2824 2466 ex
2871 2399 3025 2465 aliis

626 2506 952 2593 Euripidis
990 2505 1227 2573 fabulis
1262 2508 1498 2574 rariora
1535 2509 1733 2598 verba
1769 2507 2023 2575 afferam
2035 2529 2053 2589 3
2098 2506 2385 2576 Choerili
2408 2516 2629 2574 autem
2654 2508 3022 2594 frag-mento

625 2612 884 2698 (Simpl.
934 2612 1013 2678 ad
1061 2615 1168 2682 Ar.
1215 2613 1418 2701 Phys.
1468 2613 1531 2678 8.
1560 2612 1721 2696 276)
1771 2615 1993 2693 πέτρην
2042 2617 2328 2680 κοιλαίνει
2379 2614 2541 2694 ῥανὶς
2594 2610 2809 2683 ὕδατος
2862 2612 3023 2677 3⁹32-

622 2720 841 2802 λεχεΙῃ
881 2715 1332 2786 auctoritatem
1378 2719 1647 2785 abstulit
1692 2723 1829 2806 ipse
1870 2720 2319 2799 Wilamowitz,
2368 2720 2541 2786 haud
2589 2727 2838 2786 certum
2878 2740 3018 2785 esse

623 2847 887 2892 monens
956 2826 1233 2892 fueritne
1303 2825 1561 2893 Samius
1630 2835 1820 2913 poeta
1885 2848 2078 2912 quem
2151 2829 2256 2893 hic
2341 2827 2535 2894 refert
2610 2824 3015 2911 Simplicius.

620 2931 860 2998 Verum
922 2934 1126 2999 inesse
1187 2953 1409 2999 revera
1469 2935 1538 2997 in
1600 2934 1719 2999 hoc
1765 2933 2081 2999 adiectivo
2130 2933 2455 3015 ἐνδελεχὴς
2505 2931 2867 3018 putandum
2918 2937 3018 2997 est

621 3038 866 3124 aliquid
928 3039 1098 3124 quod
1159 3040 1236 3104 ab
1301 3041 1659 3124 antiquiore
1724 3061 2015 3107 sermone
2076 3043 2213 3106 sive
2274 3041 2525 3118 Attice,
2605 3041 2740 3106 sive
2796 3037 3014 3103 Ionico

618 3141 991 3210 abhorreat?
1055 3144 1370 3223 Quoniam
1441 3146 1741 3231 frequens
1805 3146 2198 3212 adiectivum
2264 3151 2359 3211 est
2426 3145 2595 3231 apud
2669 3142 3015 3209 Platonem

617 3252 721 3330 (cf.
786 3255 1163 3337 praesertim
1226 3251 1391 3318 Tim.
1459 3251 1612 3319 430
1677 3261 1742 3319 et
1806 3253 1891 3318 58
1909 3252 1985 3334 C)
2048 3255 2365 3320 nimiaene
2432 3253 2731 3319 audaciae
2795 3259 2897 3318 est
2960 3254 3016 3317 si

617 3359 1008 3424 coniciamus
1060 3361 1128 3422 in
1177 3361 1268 3423 eis
1316 3379 1478 3445 quae
1525 3381 1604 3425 ex
1653 3358 1968 3426 Heracliti
2016 3362 2331 3446 sapientia
2378 3360 2569 3427 refert
2617 3358 3015 3425 Plutarchus

615 3461 827 3544 (Cone.
876 3486 928 3530 c.
987 3464 1092 3545 10)
1158 3467 1258 3528 xxi
1319 3467 1345 3530 ὃ
1410 3472 1517 3536 τῆς
1569 3468 1861 3542 γενέσεως
1918 3468 2199 3543 ποταμὸς
2250 3464 2432 3538 οὕτως
2483 3465 2817 3546 ἐνδελεχῶς
2868 3467 3012 3546 ῥέων

613 3569 835 3635 οὔποτε
883 3573 1179 3645 στήσεται
1233 3573 1433 3656 ipsius
1483 3572 1797 3638 Heracliti
1844 3577 2095 3638 servata
2143 3593 2279 3638 esse
2325 3569 2563 3639 verba?

705 3675 1004 3742 Ceterum
1067 3678 1370 3762 quoniam
1431 3676 1556 3742 n'on
1619 3685 1884 3766 rogatur
1946 3678 2359 3746 Pirithousne
2421 3677 2663 3744 falsarii
2727 3677 3005 3744 alicuius

611 3783 808 3848 fuerit
868 3805 1030 3869 opus
1091 3783 1201 3848 sed
1248 3784 1604 3871 ambigitur
1652 3790 1909 3850 tantum
1958 3787 2127 3850 inter
2172 3784 2443 3851 Critiam
2492 3787 2605 3870 qui
2652 3805 2819 3850 anno
2869 3784 3002 3851 403

611 3890 772 3955 obiit
818 3895 884 3954 et
931 3889 1307 3975 Euripidem
1355 3893 1468 3975 qui
1515 3893 1770 3957 biennio
1808 3897 1954 3957 ante
1996 3897 2293 3958 mortuus
2334 3897 2464 3970 est,
2504 3912 2733 3978 parum
2771 3891 3006 3969 refert,

609 4017 770 4060 num
839 4002 984 4063 ante
1057 3996 1423 4062 Pirithoum
1495 3997 1869 4064 adverbium
1944 3998 2280 4078 ἐνδελεχῶς
2359 3999 2595 4063 Atticis
2664 4000 3007 4084 cognitum

608 4103 806 4167 fuerit
875 4123 1102 4180 necne;
1175 4107 1286 4188 qui
1359 4102 1598 4171 Critiae
1662 4109 2143 4172 innovationem
2208 4104 2527 4171 eiusmodi
2586 4104 3005 4182 condonabit,

606 4211 664 4273 is
730 4207 1028 4293 Euripidi
1101 4209 1414 4296 denegare
1475 4210 1801 4277 licentiam
1866 4212 2130 4279 eandem
2198 4214 2310 4278 vix
2372 4213 2631 4297 poterit.
2702 4210 3003 4297 Euripidi

605 4319 827 4378 autem
873 4321 1084 4380 cetera
1125 4316 1321 4380 huius
1361 4321 1681 4383 enuntiati
1722 4319 1915 4383 verba
1956 4321 2197 4383 mirum
2235 4323 2549 4405 quantum
2586 4320 3001 4382 conveniunt.

607 4417 992 4507 Congruunt
1055 4422 1389 4508 imagines.
1452 4423 1570 4488 Est
1625 4426 1793 4488 enim
1858 4423 2098 4511 lyricae
2162 4427 2317 4489 artis
2381 4426 2595 4510 inopia
2650 4423 3001 4510 quaedam,
