3246 5085
1024 371 1109 418 nn
1155 369 1472 419 nuamms
1518 368 1835 417 Prrnrnoo.
2481 350 2612 417 365

320 542 444 607 Sed
506 540 583 605 de
650 540 841 604 Penne
884 538 1055 623 ‘quid
1119 536 1369 603 dicam?
1430 536 1759 603 Misellam
1820 536 2218 623 tragoediam
2279 558 2439 623 quae
2486 558 2614 602 uno

222 653 485 713 tantum
554 646 693 712 loco
760 648 1021 710 nomine
1092 650 1489 709 memoratur
1556 643 1666 709 sed
1736 665 1809 709 eo
1881 650 2138 709 tantum
2207 643 2472 709 consilio
2543 650 2618 708 ut

219 754 681 820 condemnetur
743 748 974 816 simul!
1040 749 1297 815 Scilicet
1358 772 1676 835 nusquam
1735 771 1944 815 sermo
1991 749 2067 815 de
2114 749 2328 815 'Penne
2377 752 2501 814 nisi
2548 752 2617 814 in

224 860 420 939 „Vita
468 859 757 925 Maiore’'
810 859 924 923 ubi
973 858 1301 921 νοθεύεται.

320 964 713 1032 Fabularum
753 964 917 1029 hanc
956 965 1185 1028 seriem
1226 984 1299 1029 eo
1338 963 1549 1028 solum
1591 961 1857 1029 consilio
1891 964 2259 1048 composui,
2301 969 2377 1028 ut
2413 968 2617 1028 osten-

220 1072 443 1138 derem
480 1074 549 1136 iu
585 1069 899 1157 Catalogo
928 1108 1009 1118 —
1036 1075 1349 1156 quatenus
1374 1072 1609 1134 nostris
1633 1068 1936 1135 subsidiis
1961 1072 2271 1135 constitui
2292 1076 2504 1155 potest
2531 1106 2616 1117 —-

219 1201 352 1245 non
400 1181 556 1244 satis
604 1177 867 1243 firmum
906 1197 1041 1242 esse
1084 1176 1573 1241 fundamentum
1608 1177 1694 1241 ad
1732 1180 2133 1261 quaestiones
2173 1177 2248 1242 de
2289 1178 2623 1243 authentia

219 1284 635 1350 dirimendas.
703 1281 871 1350 Cum
934 1286 1107 1348 enim
1154 1285 1220 1348 in
1271 1283 1570 1348 omnibus
1620 1283 1832 1347 tit-ulis
1881 1303 2148 1368 aequam
2199 1283 2468 1348 adhibeo
2515 1303 2624 1369 ge-

222 1393 500 1457 nuitatis
561 1411 857 1457 normam
919 1395 1180 1475 superat
1240 1410 1424 1455 meus
1485 1388 1816 1475 catalogus
1879 1409 2006 1454 uua
2053 1389 2305 1469 fabula,
2356 1393 2622 1475 excepta

220 1502 427 1565 etiam
489 1497 738 1576 Tenue,
808 1517 1153 1562 numerum
1202 1504 1315 1560 τῶν
1366 1496 1813 1571 ἑβδομήκοντα.
1879 1494 2003 1562 Sed
2055 1497 2151 1562 fac
2196 1497 2481 1562 Probum
2529 1516 2624 1561 er-

226 1626 404 1671 rasse
444 1610 557 1670 aut
596 1603 896 1669 Varronis
938 1623 1189 1689 quoque
1228 1603 1423 1669 verba
1462 1602 1651 1668 aliter
1689 1623 1882 1688 quam
1925 1602 2102 1669 volui
2148 1602 2624 1691 interpretanda

227 1732 390 1776 esse.
430 1710 696 1775 Abiecta
736 1716 891 1775 tunc
931 1708 1131 1774 altera
1171 1716 1317 1773 utra
1356 1708 1540 1774 LXX
1578 1709 1943 1787 restabunt3
1986 1696 2113 1774 sed‘
2137 1712 2202 1774 in
2244 1713 2335 1775 eis
2374 1715 2624 1796 septua-

228 1820 421 1904 ginta
480 1814 719 1881 fabulis
779 1814 1122 1881 nonnullae
1181 1813 1393 1879 multo
1455 1818 1667 1901 magis
1714 1835 1905 1900 quam
1954 1816 2288 1881 Pirithous
2334 1815 2624 1881 laborant

226 1925 451 2009 inopia
495 1924 1015 1989 testimoniorum
1064 1922 1299 2007 quibus
1342 1924 1688 2008 ingenuam
1739 1924 2057 2008 originem
2104 1921 2395 2007 probent.

1382 2151 1489 2216 Ν.
1568 2118 1572 2121 ’

329 2353 398 2419 Si
435 2356 653 2439 itaque
690 2358 939 2419 constat
973 2353 1374 2417 Athenaeum
1418 2351 1729 2437 Vitaeque
1770 2352 2036 2417 Maioris
2075 2358 2400 2420 auctorem
2445 2354 2627 2419 dubi·

232 2468 405 2527 tasse
446 2460 522 2525 de
561 2459 885 2537 Pirithoo,
924 2461 992 2523 in
1034 2458 1385 2544 exemplari
1424 2463 1642 2523 autem
1675 2457 2054 2525 selectarum
2080 2460 2476 2547 quarundam
2505 2467 2628 2525 tra-

232 2569 609 2656 goediarum
652 2567 982 2652 Euripidis
1021 2566 1193 2651 quod
1231 2565 1401 2631 haud
1442 2565 1668 2651 procul
1711 2567 1980 2631 Athenis
2020 2567 2274 2633 saeculo
2305 2573 2449 2652 post
2473 2565 2622 2634 Chr.

230 2677 447 2760 primo
473 2673 929 2739 adservabatur
950 2693 1092 2738 eam
1118 2670 1407 2737 fabulam
1430 2672 1716 2749 infuisse,
1743 2693 1858 2757 pro
1883 2671 2230 2757 Euripidea
2256 2673 2625 2738 Pirithoum

234 2784 562 2865 acceptam
626 2779 827 2844 fuisse
886 2780 1311 2864 grammatico
1373 2780 1477 2843 cui
1540 2777 1808 2843 debetur
1854 2777 2135 2844 scholion
2184 2779 2264 2844 ad
2317 2780 2416 2843 Or.
2469 2777 2622 2857 982,

177 2924 189 2930 -
232 2889 397 2952 item
436 2923 530 2964 ,-
581 2886 753 2971 quod
800 2887 1069 2971 gravius
1118 2890 1215 2950 est
1261 2923 1346 2934 —
1395 2883 1864 2970 glossographo
1911 2886 2022 2969 qui
2071 2884 2146 2949 de
2196 2906 2350 2950 voce
2388 2885 2622 2964 ῥόμβος
2693 2955 2700 2960 ,

235 3015 311 3059 ea
374 2993 675 3058 disseruit
737 3012 899 3077 quae
960 2995 1026 3056 in
1090 2992 1349 3056 brevius
1410 2995 1731 3062 eontracta
1791 2979 2129 3055 servantur
2183 2993 2252 3055 in
2299 2990 2494 3056 schol.
2544 2991 2624 3056 ad

237 3098 450 3185 Apoll.
498 3098 703 3164 Rhod.
751 3096 839 3162 IV
892 3097 1041 3175 143,
1091 3097 1361 3181 denique
1408 3118 1445 3162 a
1490 3096 1838 3163 Plutarcho
1884 3096 2250 3162 Pirithoum
2296 3097 2628 3182 Euripidis

234 3206 509 3270 iudicari
569 3226 728 3292 opus
778 3241 861 3252 —
912 3207 1171 3269 mittam
1230 3207 1402 3269 enim
1465 3205 1834 3268 testimonia
1895 3203 2208 3288 Hesychii
2271 3201 2625 3270 Clementis

235 3311 570 3378 Eustathii
616 3349 701 3360 —
750 3310 903 3397 quid
950 3314 1049 3375 est
1095 3309 1261 3395 quod
1310 3330 1425 3374 nos
1478 3309 1816 3394 prohibeat
1858 3311 2026 3373 inter
2070 3307 2397 3394 Euripidis
2441 3329 2629 3395 opera

237 3421 523 3505 genuina
567 3417 745 3482 illius
795 3437 1045 3502 quoque
1092 3416 1342 3482 fabulae
1388 3417 1752 3502 fragmenta
1795 3413 2115 3502 recipere?

335 3523 608 3602 „Aliena
670 3529 821 3588 sunt
882 3525 961 3588 ab
1020 3522 1373 3608 Euripide’'
1434 3525 1526 3587 ita
1588 3523 1718 3587 fere
1780 3523 2162 3608 respondent
2215 3529 2279 3589 et
2326 3521 2627 3589 Wilamo-

240 3633 494 3696 witzius
540 3635 605 3694 et
649 3627 761 3694 alii
814 3635 993 3706 „tam
1040 3627 1234 3694 dictio
1284 3631 1700 3712 numerique,
1750 3647 1942 3714 quam
1991 3632 2343 3697 sententiae
2390 3630 2627 3695 horum

237 3735 819 3823 fragmentorum''.
897 3771 981 3784 —
1050 3732 1245 3799 Haud
1314 3733 1456 3800 leve
1525 3755 1731 3820 neque
1792 3735 2220 3821 spernendum
2281 3737 2398 3801 hoc
2460 3735 2624 3800 mihi

235 3841 551 3908 iudicium
592 3840 870 3906 videtur.
928 3839 1043 3904 Est
1089 3843 1261 3905 enim
1310 3840 1620 3925 quaedam
1667 3843 1734 3904 in
1781 3846 1998 3906 nostra
2042 3861 2296 3927 quoque
2343 3840 2630 3906 doctrina

240 3947 556 4026 αἴσθησις,
621 3968 783 4034 quae
847 3945 1044 4012 aliam
1109 3946 1370 4032 quidem
1433 3949 1610 4012 viam
1671 3949 1961 4033 ingressa
2028 3967 2223 4033 quam
2293 3946 2626 4012 dialectica

237 4053 354 4120 illa
421 4074 523 4119 ars
596 4073 758 4140 quae
830 4073 943 4138 per
1010 4058 1394 4138 argumenta
1465 4051 1850 4137 disputando
1921 4055 2168 4139 pergit,
2232 4055 2341 4117 vix
2405 4058 2624 4118 tamen

238 4163 458 4227 minus
497 4167 669 4226 certa
706 4181 777 4225 ac
815 4158 1081 4246 probata
1120 4159 1246 4224 diei
1282 4163 1517 4244 potest.
1563 4158 1878 4244 Equidem
1919 4160 2200 4245 profecto
2239 4161 2442 4245 siquis
2482 4160 2629 4225 Bre-

238 4267 386 4332 dius
450 4263 881 4331 Micheliusve
944 4264 1237 4331 tabulam
1296 4263 1738 4330 Rembrandtii
1800 4267 2060 4330 nomine
2110 4302 2195 4314 —
2242 4271 2319 4332 ut
2364 4265 2627 4351 quidem

237 4371 581 4440 videbatur
649 4408 735 4421 —-
805 4373 1229 4457 insignitam,
1292 4373 1613 4456 pictorum
1672 4373 1947 4458 principi
2006 4373 2218 4438 deberi
2279 4374 2628 4458 praefracte

239 4481 609 4566 negaverit,
682 4477 964 4543 mirabor
1034 4478 1331 4555 fortasse,
1403 4477 1668 4543 fortasse
1737 4475 1998 4555 doleb0,
2071 4479 2180 4544 sed
2240 4480 2459 4545 tacebo
2482 4527 2498 4558 ,
2562 4483 2626 4546 et
