3246 5085
643 327 733 391 64
925 317 939 329 ’
1498 342 1757 391 umens
1804 342 2178 395 Amemus.

655 509 888 592 possis,
952 508 1074 583 vir,
1137 509 1398 591 inquam
1465 505 1542 571 cl.
1593 506 1799 572 Polak
1846 509 2103 572 omnino
2149 528 2382 573 novem
2430 509 2745 573 vitiorum
2789 529 3039 594 genera

645 612 974 689 distinxit,
1022 611 1413 690 illustravit,
1463 613 1745 677 breviter
1788 612 2154 698 explicavit.

739 716 876 783 Iam
934 738 1085 782 cum
1149 718 1314 782 bona
1375 718 1635 782 fortuna
1699 720 2017 794 evenerit,
2080 725 2156 782 ut
2217 717 2329 782 alii
2376 719 2556 784 nobis
2600 725 2851 804 praesto
2898 722 3041 784 sint

650 823 932 899 codices,
995 830 1166 888 certe
1226 822 1558 908 Xylandro
1621 824 1894 901 fuerint,
1958 822 2126 888 unde
2188 823 2365 889 nullo
2426 827 2687 910 negotio
2746 827 2908 890 vitia
2962 827 3041 888 in

648 928 782 993 cod.
833 930 890 992 A
938 931 1333 992 occurrentia
1379 933 1443 992 et
1489 930 1678 1013 argui
1724 933 1789 994 et
1836 927 2158 993 emendari
2204 931 2479 1014 possint,
2529 931 2743 994 missis
2778 929 2913 994 illis
2954 929 3039 994 de

644 1036 996 1099 vitiositate
1059 1032 1334 1119 querelis
1399 1039 1683 1118 praestat
1703 1081 1719 1112 ‚
1783 1037 2023 1118 opinor,
2090 1055 2316 1120 rogare
2334 1083 2349 1113 ‚
2416 1033 2572 1118 quid
2633 1036 2780 1100 boni
2840 1036 3032 1100 nobis

643 1160 847 1204 novus
899 1137 1191 1204 attulerit
1225 1138 1440 1204 codex.
1496 1138 1772 1205 Nullum
1808 1145 2026 1205 autem
2066 1141 2373 1204 Antonini
2408 1139 2713 1205 lectorem
2750 1140 3039 1226 effugere

642 1265 823 1330 posse
871 1247 1170 1309 existimo
1219 1247 1600 1329 praesertim
1646 1248 1713 1309 in
1764 1249 1995 1310 misera
2035 1245 2394 1311 conditione
2434 1246 2657 1310 traditi
2696 1252 3039 1310 contextus

643 1349 924 1415 codicem
974 1351 1028 1413 A
1091 1353 1416 1435 quantivis
1463 1353 1655 1435 pretii
1702 1350 2061 1415 subsidium
2102 1371 2237 1415 esse
2283 1359 2346 1416 et
2395 1352 2899 1416 instrumentum
2952 1351 3037 1414 ad

642 1461 894 1521 textum
941 1454 1567 1520 Commentariorum
1616 1456 2137 1522 constituendum
2174 1463 2239 1521 et
2278 1456 2764 1523 emendandum.
2804 1457 3035 1520 Primo

643 1564 813 1627 enim
848 1558 1106 1626 lacunas
1139 1564 1207 1625 in
1245 1560 1516 1647 vulgata
1539 1560 1816 1646 supplet,
1842 1583 1896 1626 θ.
1922 1582 2021 1648 gr.
2047 1562 2099 1626 I.
2131 1561 2213 1627 16
2240 1564 2344 1626 οὐκ
2370 1563 2815 1640 ἐξονειδιστικὸν
2843 1562 3031 1638 (οὐδὲ

642 1671 764 1743 μὴν
828 1667 1278 1745 εὐπαράγωγον
1341 1669 1444 1732 ὑπ’
1505 1670 1754 1744 αὐτῶν)
1819 1666 1928 1732 vel
1974 1666 2048 1732 V.
2101 1667 2134 1731 1
2188 1667 2303 1738 τὰς
2353 1669 2666 1744 μελΙσσας
2716 1667 2834 1744 (τὸ
2880 1667 3031 1731 ἴδιον

643 1773 1018 1851 ποιούσας»
1083 1794 1268 1857 porro
1331 1774 1669 1838 turbatum
1720 1774 2062 1838 verborum
2111 1773 2395 1839 ordinem
2444 1775 2769 1851 restituit,
2818 1794 2873 1837 e.
2922 1795 3029 1860 gr.

644 1877 759 1943 IX.
811 1877 897 1941 40
952 1877 1079 1951 ἤτοι
1129 1879 1291 1942 οὐδὲν
1339 1878 1625 1942 δύνανται
1676 1879 1724 1942 οἱ
1775 1879 1926 1956 θεοί,
1976 1879 2014 1952 ἦ
2059 1882 2337 1958 anmi-'icae
2387 1878 2713 1956 δύνανται,
2760 1879 2875 1944 ubi
2920 1899 3036 1944 vo-

643 2005 784 2049 cem
832 1984 1282 2060 <τε>θηρίωσαι
1328 1986 1396 2048 in
1445 1988 1637 2069 caput
1680 1984 2053 2049 antecedens
2099 1989 2245 2071 apte
2292 1988 2684 2069 transposuit
2718 1985 2796 2048 A.
2857 1982 3034 2049 'I'um

644 2088 812 2174 quod
871 2091 1101 2154 attinet
1165 2088 1244 2154 ad
1306 2089 1581 2154 formam
1641 2089 2045 2175 singularum
2094 2111 2329 2154 vocum
2377 2093 2726 2176 genuinam
2770 2097 3034 2174 recupe-

644 2194 905 2259 randam
927 2243 942 2272 ‚
1013 2194 1246 2260 sufficit
1313 2215 1687 2279 provocasse
1759 2195 1836 2259 ad
1907 2195 2208 2262 lectiones
2272 2195 2490 2281 quales
2550 2202 2733 2260 sunt:
2810 2193 2918 2260 IV.
2988 2195 3031 2260 3

643 2299 932 2378 dypizeov,
993 2299 1068 2363 V.
1122 2300 1155 2364 1
1208 2309 1429 2377 πεῖσιν,
1491 2301 1519 2364 ὃ
1568 2301 1850 2381 τορευτὴς
1897 2303 2005 2374 τὴν
2051 2301 2414 2380 τορευτικῆν,
2480 2299 2518 2364 5
2568 2301 3031 2379 incusarent,

645 2405 892 2486 νωθείᾳ,
962 2404 1046 2468 10
1106 2407 1305 2485 ῥύσει,
1369 2405 1476 2470 VI.
1529 2405 1613 2470 46
1678 2407 1761 2470 τὰ
1810 2407 1871 2469 ἐν
1917 2408 2000 2482 τῷ
2046 2406 2489 2486 ἀμφιθεάτρῳ,
2540 2405 2677 2471 VII.
2730 2405 2769 2469 9
2816 2401 2907 2478 εἷς
2958 2404 3030 2482 ἐξ

644 2509 958 2587 ἁπάντων,
1030 2509 1144 2575 IX.
1197 2511 1278 2575 41
1348 2510 1967 2590 καταφρυάττεσθαι,
2041 2512 2122 2577 Χ.
2175 2511 2214 2578 6
2280 2510 2507 2590 οὐδενί,
2578 2510 2724 2576 XII.
2775 2510 2861 2577 24
2924 2509 3023 2575 ὅτι

643 2620 1152 2695 καταφρονήσεις.
1223 2616 1514 2703 Denique
1575 2616 1792 2683 eodem
1858 2624 2135 2704 spectat,
2198 2619 2365 2703 quod
2426 2620 2681 2704 saepius
2738 2621 2806 2683 in
2854 2638 3031 2682 com-

641 2724 825 2786 muni
892 2725 1182 2787 omnium
1251 2722 1541 2788 codicum
1606 2723 1967 2809 corruptela
2036 2730 2249 2789 tamen
2311 2724 2367 2788 A
2429 2726 2654 2789 ceteris
2716 2725 3033 2808 integrior

642 2846 829 2892 verae
882 2825 1175 2893 lectionis
1221 2831 1496 2914 vestigia
1540 2827 1905 2893 distinctius
1954 2831 2270 2906 servavit3
2337 2831 2519 2893 cuius
2582 2831 2677 2893 rei
2733 2828 3033 2913 exemplo

641 2933 729 2996 sit
790 2929 967 2996 locus
1028 2934 1290 2997 infamis
1335 2932 1440 2997 VI.
1494 2932 1578 2997 55
1629 2936 1679 2997 εἷ
1726 2933 2134 3010 κυβερνῶνται
2196 2934 2247 2997 οἱ
2294 2938 2515 2997 ναῦται
2563 2934 2595 3008 ἦ
2647 2935 3028 3011 ἰατρεύονται

643 3038 692 3101 οἱ
743 3035 1079 3111 κάμνοντες
1125 3039 1321 3115 κ.τ.ἑ.,
1384 3040 1496 3103 ubi
1541 3038 1598 3103 A
1651 3040 2036 3116 κυβερνῶντα
2087 3076 2172 3088 —-
2219 3040 2573 3118 ἰατρεύοντα
2632 3040 2923 3117 exhibet,
2992 3060 3033 3103 a

645 3162 770 3226 qua
827 3140 1096 3207 lectione
1158 3143 1481 3227 profectus
1543 3166 1607 3208 v.
1644 3143 1722 3209 cl.
1772 3145 2081 3209 Richards
2142 3163 2364 3230 nuper,
2431 3145 2588 3209 dum
2645 3147 2715 3209 in
2738 3164 3035 3229 ,sequen-

641 3248 818 3311 tibus
877 3268 993 3333 pro
1057 3250 1320 3328 ἐνεργοί»,
1384 3249 1725 3314 substituit
1786 3250 2103 3329 ἐνεργοίην,
2171 3254 2294 3316 toti
2362 3253 2555 3337 capiti
2614 3249 2827 3315 lucem
2872 3248 3031 3315 affu-

643 3352 772 3523 di7t3
835 3359 1161 3437 praeterea
1223 3354 1495 3419 conferri
1557 3361 1826 3440 possunt
1869 3355 2025 3433 loci,
2074 3356 2292 3440 quales
2340 3362 2491 3421 sunt
2532 3354 2639 3419 VI.
2688 3354 2793 3433 64,
2844 3353 3024 3419 VIII.

644 3456 683 3521 3
735 3504 751 3535 ‚
801 3456 886 3521 43
918 3458 985 3536 ¹).

733 3669 907 3736 Haec
967 3692 1167 3756 pauca
1237 3672 1313 3738 de
1379 3672 1608 3738 codicis
1675 3673 1731 3737 A
1792 3675 1975 3740 vitiis
2034 3674 2533 3757 virtutibusque.
2596 3672 2796 3737 Plura
2847 3673 3026 3737 enim

714 3948 764 4007 1)
799 3946 999 3995 Exstant
1030 3946 1157 3994 haud
1190 3945 1329 4010 pauci
1363 3946 1474 4005 loci,
1506 3945 1588 4008 qui
1622 3945 1676 3994 in
1710 3947 1847 3994 textu
1880 3947 2071 4009 recepto
2104 3944 2309 4010 speciem
2344 3944 2552 4010 aliquam
2584 3944 2876 4007 integritatis
2906 3960 3028 4009 prae

641 4044 690 4077 se
737 4028 914 4086 ferunt,
961 4026 1040 4075 ubi
1085 4032 1242 4076 tamen
1289 4027 1433 4076 lectio
1477 4027 1582 4076 cod.
1626 4029 1669 4075 A
1716 4042 1745 4075 a
1779 4026 1972 4090 vulgata
2008 4026 2276 4091 discrepans
2310 4028 2483 4077 vitium
2516 4027 2699 4089 arguit3
2736 4026 2797 4074 cf.
2831 4025 2919 4074 IV.
2961 4028 3029 4075 12

617 4106 974 4171 ’παραπλήσια
1006 4125 1049 4157 v.
1084 4107 1399 4170 xoepoeoroetovoe
1430 4111 1497 4167 A3
1551 4108 1639 4159 vt.
1677 4108 1740 4157 25
1776 4106 1847 4156 ἕνι
1882 4124 1943 4155 τε
1976 4108 2069 4155 καί
2096 4123 2139 4157 v.
2177 4106 2247 4156 ’ένι
2284 4124 2345 4157 τι
2378 4106 2463 4157 καὶ
2495 4110 2711 4169 γεννητῷ
2746 4110 2806 4155 Δ.
2839 4106 2918 4155 sic
2952 4106 3029 4157 in-

639 4190 779 4254 genio
821 4190 1100 4239 criticorum
1144 4189 1495 4239 commendatos
1528 4189 1637 4238 volo
1671 4188 1800 4237 locos
1832 4190 1936 4247 hos,
1968 4190 2051 4253 qui
2086 4190 2297 4253 nondum
2330 4190 2381 4238 in
2413 4189 2727 4253 suspicionem
2747 4194 3027 4244 ,venerunt2

639 4270 697 4319 V.
734 4273 764 4320 6
807 4269 892 4319 οὐκ
943 4268 1212 4333 intends-aa
1260 4287 1304 4320 v.
1347 4271 1675 4334 applauditur,
1721 4286 1847 4332 quse
1892 4285 1983 4319 vox
2030 4270 2143 4319 hinc
2195 4270 2335 4334 plane
2381 4270 2536 4319 aliena
2582 4273 2670 4329 est,
2718 4269 2797 4319 ubi
2835 4271 2878 4318 A
2912 4272 3029 4319 ἐπι-

639 4357 836 4401 σπᾶται
881 4354 1086 4417 prolcrt3
1133 4352 1245 4402 ibid.
1281 4353 1346 4402 82
1381 4350 1697 4414 συγχέουσιν
1744 4366 1788 4400 v.
1824 4348 2118 4413 σύγκρασιν
2156 4354 2221 4411 A3
2261 4350 2395 4401 vm.
2432 4355 2495 4403 54
2537 4356 2609 4415 τῷ
2643 4349 2840 4400 σπάσαι
2878 4349 3030 4401 δυνα-

639 4434 770 4495 μένῳ
805 4450 848 4484 v.
884 4437 954 4496 τῷ
990 4436 1150 4482 arao-m
1183 4431 1432 4495 δυναμένῳ
1470 4438 1530 4482 Δ.
