<?xml version="1.0" encoding="UTF-8"?>
<!DOCTYPE html PUBLIC "-//W3C//DTD XHTML 1.0 Transitional//EN"
    "http://www.w3.org/TR/xhtml1/DTD/xhtml1-transitional.dtd">
<html xmlns="http://www.w3.org/1999/xhtml" xml:lang="en" lang="en">
 <head>
  <title>
</title>
<meta http-equiv="Content-Type" content="text/html;charset=utf-8" />
  <meta name='ocr-system' content='tesseract 3.04.00' />
  <meta name='ocr-capabilities' content='ocr_page ocr_carea ocr_par ocr_line ocrx_word'/>
</head>
<body>
  <div class='ocr_page' id='page_1' title='image "./mnemosynevolume03verdgoog_0046.png"; bbox 0 0 3246 5085; ppageno 0'>
   <div class='ocr_carea' id='block_1_1' title="bbox 675 319 2023 388">
    <p class='ocr_par' dir='ltr' id='par_1_1' title="bbox 675 319 2023 388">
     <span class='ocr_line' id='line_1_1' title="bbox 675 319 2023 388; baseline 0 -2"><span class='ocrx_word' id='word_1_1' title='bbox 675 319 760 386; x_wconf 81' lang='lat'><strong>38</strong></span> <span class='ocrx_word' id='word_1_2' title='bbox 1710 337 2023 388; x_wconf 65' lang='lat' dir='ltr'><strong>nonnus.</strong></span> 
     </span>
    </p>
   </div>
   <div class='ocr_carea' id='block_1_2' title="bbox 668 501 3077 1116">
    <p class='ocr_par' dir='ltr' id='par_1_2' title="bbox 668 501 3077 1116">
     <span class='ocr_line' id='line_1_2' title="bbox 685 501 3077 590; baseline -0.001 -19"><span class='ocrx_word' id='word_1_3' title='bbox 685 505 770 572; x_wconf 84' lang='lat'><strong>95</strong></span> <span class='ocrx_word' id='word_1_4' title='bbox 799 504 918 590; x_wconf 87' lang='grc'>(2),</span> <span class='ocrx_word' id='word_1_5' title='bbox 985 507 1300 570; x_wconf 78' lang='lat' dir='ltr'><strong>imitatori</strong></span> <span class='ocrx_word' id='word_1_6' title='bbox 1348 503 1435 570; x_wconf 82' lang='lat'><strong>98</strong></span> <span class='ocrx_word' id='word_1_7' title='bbox 1459 504 1579 589; x_wconf 85' lang='lat'><strong>(1),</strong></span> <span class='ocrx_word' id='word_1_8' title='bbox 1645 504 1710 568; x_wconf 91' lang='lat' dir='ltr'><strong>h.</strong></span> <span class='ocrx_word' id='word_1_9' title='bbox 1737 525 1789 570; x_wconf 89' lang='lat' dir='ltr'><strong>e.</strong></span> <span class='ocrx_word' id='word_1_10' title='bbox 1836 503 2120 583; x_wconf 79' lang='lat' dir='ltr'><strong>Editori,</strong></span> <span class='ocrx_word' id='word_1_11' title='bbox 2169 505 2315 590; x_wconf 89' lang='lat' dir='ltr'><strong>qui,</strong></span> <span class='ocrx_word' id='word_1_12' title='bbox 2364 508 2439 568; x_wconf 90' lang='lat' dir='ltr'><strong>ut</strong></span> <span class='ocrx_word' id='word_1_13' title='bbox 2482 501 2683 580; x_wconf 86' lang='lat' dir='ltr'><strong>solet,</strong></span> <span class='ocrx_word' id='word_1_14' title='bbox 2728 501 3077 569; x_wconf 85' lang='lat' dir='ltr'><strong>Donatum</strong></span> 
     </span>
     <span class='ocr_line' id='line_1_3' title="bbox 671 609 3075 696; baseline -0.002 -18"><span class='ocrx_word' id='word_1_15' title='bbox 671 615 804 678; x_wconf 87' lang='lat' dir='ltr'><strong>suis</strong></span> <span class='ocrx_word' id='word_1_16' title='bbox 851 612 1060 678; x_wconf 83' lang='lat' dir='ltr'><strong>verbis</strong></span> <span class='ocrx_word' id='word_1_17' title='bbox 1107 610 1385 676; x_wconf 77' lang='lat' dir='ltr'><strong>reddidit</strong></span> <span class='ocrx_word' id='word_1_18' title='bbox 1429 609 1800 696; x_wconf 77' lang='lat' dir='ltr'><strong>addiditque</strong></span> <span class='ocrx_word' id='word_1_19' title='bbox 1850 615 1967 688; x_wconf 86' lang='lat' dir='ltr'><strong>„ut</strong></span> <span class='ocrx_word' id='word_1_20' title='bbox 2016 609 2367 687; x_wconf 85' lang='lat' dir='ltr'><strong>diximus&#39;&#39;,</strong></span> <span class='ocrx_word' id='word_1_21' title='bbox 2408 611 2591 694; x_wconf 88' lang='lat' dir='ltr'><strong>quasi</strong></span> <span class='ocrx_word' id='word_1_22' title='bbox 2624 610 2765 694; x_wconf 87' lang='lat' dir='ltr'><strong>ipse</strong></span> <span class='ocrx_word' id='word_1_23' title='bbox 2802 629 3075 694; x_wconf 85' lang='lat' dir='ltr'><strong>quoque</strong></span> 
     </span>
     <span class='ocr_line' id='line_1_4' title="bbox 671 713 3076 800; baseline -0.001 -17"><span class='ocrx_word' id='word_1_24' title='bbox 671 723 894 783; x_wconf 87' lang='lat' dir='ltr'><strong>auctor</strong></span> <span class='ocrx_word' id='word_1_25' title='bbox 955 718 1042 782; x_wconf 84' lang='lat' dir='ltr'><strong>sit</strong></span> <span class='ocrx_word' id='word_1_26' title='bbox 1103 715 1299 783; x_wconf 90' lang='lat' dir='ltr'><strong>schol.</strong></span> <span class='ocrx_word' id='word_1_27' title='bbox 1372 715 1456 782; x_wconf 83' lang='lat'><strong>95</strong></span> <span class='ocrx_word' id='word_1_28' title='bbox 1484 715 1583 799; x_wconf 97' lang='grc'>(2)</span> <span class='ocrx_word' id='word_1_29' title='bbox 1616 715 1682 800; x_wconf 88' lang='lat'><strong>¹).</strong></span> <span class='ocrx_word' id='word_1_30' title='bbox 1822 715 1877 780; x_wconf 81' lang='grc' dir='ltr'>Ε</span> <span class='ocrx_word' id='word_1_31' title='bbox 1940 714 2207 800; x_wconf 87' lang='lat' dir='ltr'><strong>reliquis</strong></span> <span class='ocrx_word' id='word_1_32' title='bbox 2268 713 2529 780; x_wconf 80' lang='lat' dir='ltr'><strong>scholiis</strong></span> <span class='ocrx_word' id='word_1_33' title='bbox 2568 735 2763 799; x_wconf 90' lang='lat' dir='ltr'><strong>supra</strong></span> <span class='ocrx_word' id='word_1_34' title='bbox 2800 718 3076 800; x_wconf 84' lang='lat' dir='ltr'><strong>scriptis</strong></span> 
     </span>
     <span class='ocr_line' id='line_1_5' title="bbox 668 819 3074 910; baseline -0.002 -22"><span class='ocrx_word' id='word_1_35' title='bbox 668 825 948 910; x_wconf 83' lang='lat' dir='ltr'><strong>genuina</strong></span> <span class='ocrx_word' id='word_1_36' title='bbox 1012 821 1313 887; x_wconf 86' lang='lat' dir='ltr'><strong>videntur</strong></span> <span class='ocrx_word' id='word_1_37' title='bbox 1371 821 1452 886; x_wconf 89' lang='lat' dir='ltr'><strong>ad</strong></span> <span class='ocrx_word' id='word_1_38' title='bbox 1512 819 1708 886; x_wconf 87' lang='lat' dir='ltr'><strong>Andr.</strong></span> <span class='ocrx_word' id='word_1_39' title='bbox 1760 821 1881 906; x_wconf 90' lang='grc'>(1),</span> <span class='ocrx_word' id='word_1_40' title='bbox 1928 827 2175 904; x_wconf 86' lang='lat' dir='ltr'><strong>praeter</strong></span> <span class='ocrx_word' id='word_1_41' title='bbox 2224 827 2546 905; x_wconf 84' lang='lat' dir='ltr'><strong>postrema</strong></span> <span class='ocrx_word' id='word_1_42' title='bbox 2591 819 2863 885; x_wconf 87' lang='lat' dir='ltr'><strong>fortasse</strong></span> <span class='ocrx_word' id='word_1_43' title='bbox 2913 819 3074 898; x_wconf 56' lang='grc' dir='ltr'><strong>»αἲξ</strong></span> 
     </span>
     <span class='ocr_line' id='line_1_6' title="bbox 671 923 3075 1011; baseline -0.001 -19"><span class='ocrx_word' id='word_1_44' title='bbox 671 930 844 993; x_wconf 87' lang='lat' dir='ltr'><strong>enim</strong></span> <span class='ocrx_word' id='word_1_45' title='bbox 890 947 942 992; x_wconf 92' lang='lat' dir='ltr'><strong>c.</strong></span> <span class='ocrx_word' id='word_1_46' title='bbox 969 948 1025 992; x_wconf 90' lang='lat' dir='ltr'><strong>e.</strong></span> <span class='ocrx_word' id='word_1_47' title='bbox 1053 949 1114 990; x_wconf 91' lang='lat' dir='ltr'><strong>n.</strong></span> <span class='ocrx_word' id='word_1_48' title='bbox 1143 947 1196 992; x_wconf 88' lang='lat' dir='ltr'><strong>e.</strong></span> <span class='ocrx_word' id='word_1_49' title='bbox 1223 926 1329 992; x_wconf 83' lang='lat' dir='ltr'><strong>v.&#39;&#39;</strong></span> <span class='ocrx_word' id='word_1_50' title='bbox 1357 927 1432 1011; x_wconf 84' lang='lat'><strong>²),</strong></span> <span class='ocrx_word' id='word_1_51' title='bbox 1481 925 1561 991; x_wconf 88' lang='lat' dir='ltr'><strong>ad</strong></span> <span class='ocrx_word' id='word_1_52' title='bbox 1607 925 1726 990; x_wconf 91' lang='lat' dir='ltr'><strong>Ad.</strong></span> <span class='ocrx_word' id='word_1_53' title='bbox 1770 924 1887 1010; x_wconf 91' lang='grc'>(1),</span> <span class='ocrx_word' id='word_1_54' title='bbox 1934 931 2188 1008; x_wconf 88' lang='lat' dir='ltr'><strong>praeter</strong></span> <span class='ocrx_word' id='word_1_55' title='bbox 2228 924 2739 989; x_wconf 85' lang='lat' dir='ltr'><strong>additamentum</strong></span> <span class='ocrx_word' id='word_1_56' title='bbox 2775 944 2812 989; x_wconf 97' lang='lat' dir='ltr'><strong>a</strong></span> <span class='ocrx_word' id='word_1_57' title='bbox 2850 923 3075 990; x_wconf 85' lang='lat' dir='ltr'><strong>Wess-</strong></span> 
     </span>
     <span class='ocr_line' id='line_1_7' title="bbox 671 1029 2870 1116; baseline 0 -20"><span class='ocrx_word' id='word_1_58' title='bbox 671 1054 820 1098; x_wconf 89' lang='lat' dir='ltr'><strong>nero</strong></span> <span class='ocrx_word' id='word_1_59' title='bbox 867 1037 1200 1109; x_wconf 83' lang='lat' dir='ltr'><strong>notatum,</strong></span> <span class='ocrx_word' id='word_1_60' title='bbox 1247 1036 1315 1097; x_wconf 83' lang='lat' dir='ltr'><strong>et</strong></span> <span class='ocrx_word' id='word_1_61' title='bbox 1360 1029 1481 1114; x_wconf 84' lang='lat'><strong>(3).</strong></span> <span class='ocrx_word' id='word_1_62' title='bbox 1530 1029 1803 1116; x_wconf 81' lang='lat' dir='ltr'><strong>Reliqua</strong></span> <span class='ocrx_word' id='word_1_63' title='bbox 1850 1033 2312 1116; x_wconf 78' lang='lat' dir='ltr'><strong>magistrorum</strong></span> <span class='ocrx_word' id='word_1_64' title='bbox 2357 1035 2651 1115; x_wconf 86' lang='lat' dir='ltr'><strong>excerpta</strong></span> <span class='ocrx_word' id='word_1_65' title='bbox 2696 1036 2870 1096; x_wconf 87' lang='lat' dir='ltr'><strong>sunt.</strong></span> 
     </span>
    </p>
   </div>
   <div class='ocr_carea' id='block_1_3' title="bbox 665 1242 3073 3857">
    <p class='ocr_par' dir='ltr' id='par_1_3' title="bbox 761 1242 2783 1338">
     <span class='ocr_line' id='line_1_8' title="bbox 761 1242 2783 1338; baseline 0 -29"><span class='ocrx_word' id='word_1_66' title='bbox 761 1243 923 1310; x_wconf 92' lang='lat' dir='ltr'><strong>Ibid.</strong></span> <span class='ocrx_word' id='word_1_67' title='bbox 975 1243 1081 1310; x_wconf 89' lang='lat'><strong>99.</strong></span> <span class='ocrx_word' id='word_1_68' title='bbox 1152 1243 1359 1324; x_wconf 85' lang='lat' dir='ltr'><strong>Quam</strong></span> <span class='ocrx_word' id='word_1_69' title='bbox 1404 1245 1541 1309; x_wconf 91' lang='lat' dir='ltr'><strong>ioco</strong></span> <span class='ocrx_word' id='word_1_70' title='bbox 1587 1264 1727 1309; x_wconf 89' lang='lat' dir='ltr'><strong>rem</strong></span> <span class='ocrx_word' id='word_1_71' title='bbox 1774 1242 2061 1338; x_wconf 42' lang='lat' dir='ltr'><strong>voluisti!</strong></span> <span class='ocrx_word' id='word_1_72' title='bbox 2087 1265 2123 1308; x_wconf 89' lang='lat' dir='ltr'><strong>a</strong></span> <span class='ocrx_word' id='word_1_73' title='bbox 2170 1264 2275 1309; x_wconf 89' lang='lat' dir='ltr'><strong>me</strong></span> <span class='ocrx_word' id='word_1_74' title='bbox 2320 1244 2578 1310; x_wconf 86' lang='lat' dir='ltr'><strong>tandem</strong></span> <span class='ocrx_word' id='word_1_75' title='bbox 2625 1246 2783 1330; x_wconf 88' lang='lat' dir='ltr'><strong>quin</strong></span> 
     </span>
    </p>

    <p class='ocr_par' dir='ltr' id='par_1_4' title="bbox 1152 1343 2741 1433">
     <span class='ocr_line' id='line_1_9' title="bbox 1152 1343 2741 1433; baseline -0.004 -18"><span class='ocrx_word' id='word_1_76' title='bbox 1152 1349 1490 1433; x_wconf 88' lang='lat' dir='ltr'><strong>perfeceris</strong></span> <span class='ocrx_word' id='word_1_77' title='bbox 2736 1343 2741 1348; x_wconf 78' lang='grc'><em>“</em></span> 
     </span>
    </p>

    <p class='ocr_par' dir='ltr' id='par_1_5' title="bbox 670 1453 3073 2805">
     <span class='ocr_line' id='line_1_10' title="bbox 759 1453 3071 1540; baseline 0 -19"><span class='ocrx_word' id='word_1_78' title='bbox 759 1456 859 1540; x_wconf 87' lang='grc'>(3)</span> <span class='ocrx_word' id='word_1_79' title='bbox 906 1453 1146 1524; x_wconf 80' lang='lat' dir='ltr'><strong>Contra</strong></span> <span class='ocrx_word' id='word_1_80' title='bbox 1182 1453 1347 1521; x_wconf 82' lang='lat' dir='ltr'><strong>illud</strong></span> <span class='ocrx_word' id='word_1_81' title='bbox 1386 1455 1679 1532; x_wconf 86' lang='lat' dir='ltr'><strong>refertur,</strong></span> <span class='ocrx_word' id='word_1_82' title='bbox 1722 1454 1892 1540; x_wconf 90' lang='lat' dir='ltr'><strong>quod</strong></span> <span class='ocrx_word' id='word_1_83' title='bbox 1928 1457 2022 1521; x_wconf 83' lang='lat' dir='ltr'><strong>ait</strong></span> <span class='ocrx_word' id='word_1_84' title='bbox 2058 1454 2406 1520; x_wconf 78' lang='lat' dir='ltr'><strong>Phaedria:</strong></span> <span class='ocrx_word' id='word_1_85' title='bbox 2458 1476 2706 1534; x_wconf 89' lang='lat' dir='ltr'><strong>„nonne</strong></span> <span class='ocrx_word' id='word_1_86' title='bbox 2738 1456 2855 1521; x_wconf 88' lang='lat' dir='ltr'><strong>ubi</strong></span> <span class='ocrx_word' id='word_1_87' title='bbox 2896 1456 3071 1521; x_wconf 88' lang='lat' dir='ltr'><strong>dixti</strong></span> 
     </span>
     <span class='ocr_line' id='line_1_11' title="bbox 671 1559 3061 1648; baseline 0 -21"><span class='ocrx_word' id='word_1_88' title='bbox 671 1583 900 1647; x_wconf 85' lang='lat' dir='ltr'><strong>cupere</strong></span> <span class='ocrx_word' id='word_1_89' title='bbox 947 1561 1054 1626; x_wconf 86' lang='lat' dir='ltr'><strong>te&#39;&#39;</strong></span> <span class='ocrx_word' id='word_1_90' title='bbox 1102 1559 1267 1644; x_wconf 82' lang='lat'><strong>(85).</strong></span> <span class='ocrx_word' id='word_1_91' title='bbox 1407 1559 1512 1626; x_wconf 86' lang='lat' dir='ltr'><strong>Sic</strong></span> <span class='ocrx_word' id='word_1_92' title='bbox 1560 1559 1745 1637; x_wconf 74' lang='lat' dir='ltr'><strong>Don„</strong></span> <span class='ocrx_word' id='word_1_93' title='bbox 1794 1581 1988 1645; x_wconf 89' lang='lat' dir='ltr'><strong>quem</strong></span> <span class='ocrx_word' id='word_1_94' title='bbox 2038 1559 2148 1632; x_wconf 77' lang='grc' dir='ltr'><strong>ΙΡ,</strong></span> <span class='ocrx_word' id='word_1_95' title='bbox 2186 1559 2393 1626; x_wconf 90' lang='lat' dir='ltr'><strong>denuo</strong></span> <span class='ocrx_word' id='word_1_96' title='bbox 2444 1567 2517 1626; x_wconf 90' lang='lat' dir='ltr'><strong>ut</strong></span> <span class='ocrx_word' id='word_1_97' title='bbox 2562 1582 2757 1648; x_wconf 89' lang='lat' dir='ltr'><strong>supra</strong></span> <span class='ocrx_word' id='word_1_98' title='bbox 2806 1563 2919 1647; x_wconf 85' lang='lat' dir='ltr'><strong>(cf.</strong></span> <span class='ocrx_word' id='word_1_99' title='bbox 2976 1563 3061 1628; x_wconf 84' lang='lat'><strong>91</strong></span> 
     </span>
     <span class='ocr_line' id='line_1_12' title="bbox 671 1665 3073 1752; baseline 0 -20"><span class='ocrx_word' id='word_1_100' title='bbox 671 1667 814 1751; x_wconf 87' lang='grc'>(2))</span> <span class='ocrx_word' id='word_1_101' title='bbox 877 1665 1133 1751; x_wconf 83' lang='lat' dir='ltr'><strong>supplet</strong></span> <span class='ocrx_word' id='word_1_102' title='bbox 1193 1665 1390 1731; x_wconf 87' lang='lat' dir='ltr'><strong>simul</strong></span> <span class='ocrx_word' id='word_1_103' title='bbox 1451 1673 1517 1731; x_wconf 83' lang='lat' dir='ltr'><strong>et</strong></span> <span class='ocrx_word' id='word_1_104' title='bbox 1577 1668 1842 1752; x_wconf 82' lang='lat' dir='ltr'><strong>corrigit</strong></span> <span class='ocrx_word' id='word_1_105' title='bbox 1901 1666 2019 1731; x_wconf 91' lang='lat' dir='ltr'><strong>hoc</strong></span> <span class='ocrx_word' id='word_1_106' title='bbox 2080 1666 2303 1731; x_wconf 90' lang='lat' dir='ltr'><strong>modo:</strong></span> <span class='ocrx_word' id='word_1_107' title='bbox 2369 1665 2469 1749; x_wconf 88' lang='grc'><strong>(4)</strong></span> <span class='ocrx_word' id='word_1_108' title='bbox 2534 1665 2660 1733; x_wconf 82' lang='lat' dir='ltr'><strong>Sed</strong></span> <span class='ocrx_word' id='word_1_109' title='bbox 2705 1668 2824 1739; x_wconf 87' lang='lat' dir='ltr'><strong>hoc</strong></span> <span class='ocrx_word' id='word_1_110' title='bbox 2873 1669 3073 1733; x_wconf 81' lang='lat' dir='ltr'><strong>vehe-</strong></span> 
     </span>
     <span class='ocr_line' id='line_1_13' title="bbox 672 1769 3071 1856; baseline 0 -19"><span class='ocrx_word' id='word_1_111' title='bbox 672 1774 952 1837; x_wconf 87' lang='lat' dir='ltr'><strong>mentius</strong></span> <span class='ocrx_word' id='word_1_112' title='bbox 1015 1775 1081 1837; x_wconf 88' lang='lat' dir='ltr'><strong>et</strong></span> <span class='ocrx_word' id='word_1_113' title='bbox 1143 1771 1474 1836; x_wconf 86' lang='lat' dir='ltr'><strong>disertius:</strong></span> <span class='ocrx_word' id='word_1_114' title='bbox 1543 1791 1781 1856; x_wconf 81' lang='lat' dir='ltr'><strong>„quam</strong></span> <span class='ocrx_word' id='word_1_115' title='bbox 1841 1772 2019 1836; x_wconf 88' lang='lat' dir='ltr'><strong>rem&#39;&#39;</strong></span> <span class='ocrx_word' id='word_1_116' title='bbox 2084 1773 2329 1856; x_wconf 88' lang='lat' dir='ltr'><strong>inquit;</strong></span> <span class='ocrx_word' id='word_1_117' title='bbox 2394 1793 2521 1837; x_wconf 92' lang='lat' dir='ltr'><strong>non</strong></span> <span class='ocrx_word' id='word_1_118' title='bbox 2575 1769 2902 1849; x_wconf 83' lang='lat' dir='ltr'><strong>„munus”</strong></span> <span class='ocrx_word' id='word_1_119' title='bbox 2954 1772 3071 1838; x_wconf 84' lang='lat' dir='ltr'><strong>sed</strong></span> 
     </span>
     <span class='ocr_line' id='line_1_14' title="bbox 673 1875 3069 1963; baseline 0 -22"><span class='ocrx_word' id='word_1_120' title='bbox 673 1877 842 1963; x_wconf 90' lang='lat' dir='ltr'><strong>quod</strong></span> <span class='ocrx_word' id='word_1_121' title='bbox 903 1875 1050 1960; x_wconf 89' lang='lat' dir='ltr'><strong>plus</strong></span> <span class='ocrx_word' id='word_1_122' title='bbox 1097 1883 1192 1941; x_wconf 89' lang='lat' dir='ltr'><strong>est</strong></span> <span class='ocrx_word' id='word_1_123' title='bbox 1244 1876 1487 1954; x_wconf 88' lang='lat' dir='ltr'><strong>„rem&#39;&#39;,</strong></span> <span class='ocrx_word' id='word_1_124' title='bbox 1538 1882 1625 1946; x_wconf 77' lang='lat' dir='ltr'><strong>et.</strong></span> <span class='ocrx_word' id='word_1_125' title='bbox 1649 1898 1777 1943; x_wconf 92' lang='lat' dir='ltr'><strong>non</strong></span> <span class='ocrx_word' id='word_1_126' title='bbox 1824 1876 1991 1941; x_wconf 87' lang='lat' dir='ltr'><strong>dixit</strong></span> <span class='ocrx_word' id='word_1_127' title='bbox 2038 1877 2288 1954; x_wconf 85' lang='lat' dir='ltr'><strong>„serio”</strong></span> <span class='ocrx_word' id='word_1_128' title='bbox 2338 1876 2447 1942; x_wconf 90' lang='lat' dir='ltr'><strong>sed</strong></span> <span class='ocrx_word' id='word_1_129' title='bbox 2497 1876 2721 1954; x_wconf 90' lang='lat' dir='ltr'><strong>„ioco”</strong></span> <span class='ocrx_word' id='word_1_130' title='bbox 2768 1898 2809 1942; x_wconf 86' lang='lat' dir='ltr'><strong>a</strong></span> <span class='ocrx_word' id='word_1_131' title='bbox 2852 1877 3069 1943; x_wconf 89' lang='lat' dir='ltr'><strong>facili-</strong></span> 
     </span>
     <span class='ocr_line' id='line_1_15' title="bbox 671 1981 3065 2068; baseline -0.002 -20"><span class='ocrx_word' id='word_1_132' title='bbox 671 1989 803 2048; x_wconf 87' lang='lat' dir='ltr'><strong>tate</strong></span> <span class='ocrx_word' id='word_1_133' title='bbox 866 1984 1246 2066; x_wconf 86' lang='lat' dir='ltr'><strong>praestantis</strong></span> <span class='ocrx_word' id='word_1_134' title='bbox 1309 1982 1415 2065; x_wconf 87' lang='lat' dir='ltr'><strong>(cf.</strong></span> <span class='ocrx_word' id='word_1_135' title='bbox 1482 1981 1704 2048; x_wconf 85' lang='lat' dir='ltr'><strong>eadem</strong></span> <span class='ocrx_word' id='word_1_136' title='bbox 1765 1983 1960 2048; x_wconf 83' lang='lat' dir='ltr'><strong>verba</strong></span> <span class='ocrx_word' id='word_1_137' title='bbox 2020 1981 2181 2048; x_wconf 91' lang='lat' dir='ltr'><strong>Don.</strong></span> <span class='ocrx_word' id='word_1_138' title='bbox 2232 1981 2318 2046; x_wconf 85' lang='lat'><strong>83</strong></span> <span class='ocrx_word' id='word_1_139' title='bbox 2344 1981 2443 2068; x_wconf 90' lang='grc'><strong>(4)</strong></span> <span class='ocrx_word' id='word_1_140' title='bbox 2461 1983 2509 2067; x_wconf 83' lang='grc'><strong>),</strong></span> <span class='ocrx_word' id='word_1_141' title='bbox 2572 1988 2638 2046; x_wconf 78' lang='lat' dir='ltr'><strong>et</strong></span> <span class='ocrx_word' id='word_1_142' title='bbox 2702 1981 3065 2060; x_wconf 75' lang='lat' dir='ltr'><strong>„voluisti”</strong></span> 
     </span>
     <span class='ocr_line' id='line_1_16' title="bbox 670 2086 3068 2173; baseline 0 -21"><span class='ocrx_word' id='word_1_143' title='bbox 670 2109 797 2154; x_wconf 95' lang='lat' dir='ltr'><strong>non</strong></span> <span class='ocrx_word' id='word_1_144' title='bbox 867 2089 1064 2154; x_wconf 89' lang='lat' dir='ltr'><strong>etiam</strong></span> <span class='ocrx_word' id='word_1_145' title='bbox 1136 2086 1465 2164; x_wconf 86' lang='lat' dir='ltr'><strong>„dixisti&#39;’.</strong></span> <span class='ocrx_word' id='word_1_146' title='bbox 1615 2087 1793 2152; x_wconf 87' lang='lat' dir='ltr'><strong>Haec</strong></span> <span class='ocrx_word' id='word_1_147' title='bbox 1862 2089 2079 2153; x_wconf 90' lang='lat' dir='ltr'><strong>omnia</strong></span> <span class='ocrx_word' id='word_1_148' title='bbox 2148 2108 2361 2153; x_wconf 89' lang='lat' dir='ltr'><strong>merae</strong></span> <span class='ocrx_word' id='word_1_149' title='bbox 2421 2093 2573 2152; x_wconf 90' lang='lat' dir='ltr'><strong>sunt</strong></span> <span class='ocrx_word' id='word_1_150' title='bbox 2630 2107 2879 2173; x_wconf 84' lang='lat' dir='ltr'><strong>nugae,</strong></span> <span class='ocrx_word' id='word_1_151' title='bbox 2950 2109 3068 2153; x_wconf 86' lang='lat' dir='ltr'><strong>nec</strong></span> 
     </span>
     <span class='ocr_line' id='line_1_17' title="bbox 670 2189 3069 2276; baseline -0 -19"><span class='ocrx_word' id='word_1_152' title='bbox 670 2195 888 2258; x_wconf 88' lang='lat' dir='ltr'><strong>minus</strong></span> <span class='ocrx_word' id='word_1_153' title='bbox 957 2213 1031 2258; x_wconf 85' lang='lat' dir='ltr'><strong>ea</strong></span> <span class='ocrx_word' id='word_1_154' title='bbox 1098 2212 1260 2276; x_wconf 87' lang='lat' dir='ltr'><strong>quae</strong></span> <span class='ocrx_word' id='word_1_155' title='bbox 1329 2198 1685 2276; x_wconf 88' lang='lat' dir='ltr'><strong>sequuntur</strong></span> <span class='ocrx_word' id='word_1_156' title='bbox 1752 2192 1832 2257; x_wconf 89' lang='lat' dir='ltr'><strong>ad</strong></span> <span class='ocrx_word' id='word_1_157' title='bbox 1898 2191 2092 2256; x_wconf 88' lang='lat' dir='ltr'><strong>finem</strong></span> <span class='ocrx_word' id='word_1_158' title='bbox 2152 2194 2349 2257; x_wconf 86' lang='lat' dir='ltr'><strong>totius</strong></span> <span class='ocrx_word' id='word_1_159' title='bbox 2411 2189 2638 2257; x_wconf 91' lang='lat' dir='ltr'><strong>scholii</strong></span> <span class='ocrx_word' id='word_1_160' title='bbox 2684 2191 2805 2276; x_wconf 83' lang='lat'><strong>(5),</strong></span> <span class='ocrx_word' id='word_1_161' title='bbox 2870 2195 3069 2258; x_wconf 83' lang='lat' dir='ltr'><strong>cuins</strong></span> 
     </span>
     <span class='ocr_line' id='line_1_18' title="bbox 670 2296 3073 2383; baseline 0 -20"><span class='ocrx_word' id='word_1_162' title='bbox 670 2301 934 2363; x_wconf 89' lang='lat' dir='ltr'><strong>initium</strong></span> <span class='ocrx_word' id='word_1_163' title='bbox 993 2300 1191 2362; x_wconf 87' lang='lat' dir='ltr'><strong>etiam</strong></span> <span class='ocrx_word' id='word_1_164' title='bbox 1238 2297 1486 2363; x_wconf 87' lang='lat' dir='ltr'><strong>Wessn.</strong></span> <span class='ocrx_word' id='word_1_165' title='bbox 1549 2296 1876 2363; x_wconf 87' lang='lat' dir='ltr'><strong>inclinatis</strong></span> <span class='ocrx_word' id='word_1_166' title='bbox 1935 2296 2171 2363; x_wconf 85' lang='lat' dir='ltr'><strong>litteris</strong></span> <span class='ocrx_word' id='word_1_167' title='bbox 2218 2299 2565 2382; x_wconf 86' lang='lat' dir='ltr'><strong>expressit,</strong></span> <span class='ocrx_word' id='word_1_168' title='bbox 2610 2297 2873 2363; x_wconf 82' lang='lat' dir='ltr'><strong>effatum</strong></span> <span class='ocrx_word' id='word_1_169' title='bbox 2924 2300 3073 2383; x_wconf 88' lang='lat' dir='ltr'><strong>phi-</strong></span> 
     </span>
     <span class='ocr_line' id='line_1_19' title="bbox 670 2385 3069 2497; baseline -0 -28"><span class='ocrx_word' id='word_1_170' title='bbox 670 2404 924 2488; x_wconf 86' lang='lat' dir='ltr'><strong>losophi</strong></span> <span class='ocrx_word' id='word_1_171' title='bbox 985 2403 1225 2469; x_wconf 86' lang='lat' dir='ltr'><strong>oraculi</strong></span> <span class='ocrx_word' id='word_1_172' title='bbox 1286 2407 1490 2470; x_wconf 87' lang='lat' dir='ltr'><strong>instar</strong></span> <span class='ocrx_word' id='word_1_173' title='bbox 1551 2405 1927 2469; x_wconf 86' lang='lat' dir='ltr'><strong>obscurum:</strong></span> <span class='ocrx_word' id='word_1_174' title='bbox 1993 2385 2379 2497; x_wconf 40' lang='lat' dir='ltr'><strong>Mirandum*</strong></span> <span class='ocrx_word' id='word_1_175' title='bbox 2410 2403 2746 2489; x_wconf 75' lang='lat' dir='ltr'><strong>obsequium</strong></span> <span class='ocrx_word' id='word_1_176' title='bbox 2806 2426 2881 2466; x_wconf 69' lang='lat' dir='ltr'><strong>ea·</strong></span> <span class='ocrx_word' id='word_1_177' title='bbox 2928 2412 3069 2468; x_wconf 73' lang='lat' dir='ltr'><strong>voto</strong></span> 
     </span>
     <span class='ocr_line' id='line_1_20' title="bbox 671 2509 3065 2593; baseline -0 -19"><span class='ocrx_word' id='word_1_178' title='bbox 671 2510 861 2574; x_wconf 79' lang='lat' dir='ltr'><strong>animi</strong></span> <span class='ocrx_word' id='word_1_179' title='bbox 895 2510 1204 2593; x_wconf 68' lang='lat' dir='ltr'><strong>pendens.-</strong></span> <span class='ocrx_word' id='word_1_180' title='bbox 1247 2531 1366 2574; x_wconf 64' lang='grc' dir='ltr'><strong>που</strong></span> <span class='ocrx_word' id='word_1_181' title='bbox 1412 2515 1709 2592; x_wconf 68' lang='lat' dir='ltr'><strong>exspectat</strong></span> <span class='ocrx_word' id='word_1_182' title='bbox 1753 2509 2065 2591; x_wconf 73' lang='lat' dir='ltr'><strong>imperium</strong></span> <span class='ocrx_word' id='word_1_183' title='bbox 2112 2512 2197 2574; x_wconf 65' lang='grc' dir='ltr'><strong>κε’</strong></span> <span class='ocrx_word' id='word_1_184' title='bbox 2230 2510 2533 2593; x_wconf 75' lang='lat' dir='ltr'><strong>voluptati</strong></span> <span class='ocrx_word' id='word_1_185' title='bbox 2577 2531 2741 2574; x_wconf 85' lang='lat' dir='ltr'><strong>mora</strong></span> <span class='ocrx_word' id='word_1_186' title='bbox 2784 2510 2873 2573; x_wconf 74' lang='lat' dir='ltr'><strong>sit</strong></span> <span class='ocrx_word' id='word_1_187' title='bbox 2917 2511 3065 2573; x_wconf 70' lang='lat' dir='ltr'><strong>dum</strong></span> 
     </span>
     <span class='ocr_line' id='line_1_21' title="bbox 671 2614 3071 2701; baseline 0 -22"><span class='ocrx_word' id='word_1_188' title='bbox 671 2616 905 2680; x_wconf 73' lang='lat' dir='ltr'><strong>iubetur</strong></span> <span class='ocrx_word' id='word_1_189' title='bbox 949 2615 1371 2701; x_wconf 80' lang='lat' dir='ltr'><strong>Exprobratio</strong></span> <span class='ocrx_word' id='word_1_190' title='bbox 1415 2615 1766 2681; x_wconf 83' lang='lat' dir='ltr'><strong>Phaedriae</strong></span> <span class='ocrx_word' id='word_1_191' title='bbox 1803 2614 1888 2679; x_wconf 87' lang='lat'><strong>85</strong></span> <span class='ocrx_word' id='word_1_192' title='bbox 1915 2636 2050 2700; x_wconf 89' lang='lat' dir='ltr'><strong>sqq.</strong></span> <span class='ocrx_word' id='word_1_193' title='bbox 2100 2637 2323 2681; x_wconf 86' lang='lat' dir='ltr'><strong>revera</strong></span> <span class='ocrx_word' id='word_1_194' title='bbox 2360 2636 2485 2682; x_wconf 91' lang='lat' dir='ltr'><strong>non</strong></span> <span class='ocrx_word' id='word_1_195' title='bbox 2525 2618 2742 2681; x_wconf 88' lang='lat' dir='ltr'><strong>minus</strong></span> <span class='ocrx_word' id='word_1_196' title='bbox 2780 2621 2879 2680; x_wconf 88' lang='lat' dir='ltr'><strong>est</strong></span> <span class='ocrx_word' id='word_1_197' title='bbox 2932 2615 3071 2693; x_wconf 76' lang='lat' dir='ltr'><strong>„di-</strong></span> 
     </span>
     <span class='ocr_line' id='line_1_22' title="bbox 670 2719 2040 2805; baseline -0.001 -18"><span class='ocrx_word' id='word_1_198' title='bbox 670 2722 878 2787; x_wconf 87' lang='lat' dir='ltr'><strong>serta”</strong></span> <span class='ocrx_word' id='word_1_199' title='bbox 928 2726 994 2786; x_wconf 86' lang='lat' dir='ltr'><strong>et</strong></span> <span class='ocrx_word' id='word_1_200' title='bbox 1041 2720 1471 2798; x_wconf 77' lang='lat' dir='ltr'><strong>„vehemens”</strong></span> <span class='ocrx_word' id='word_1_201' title='bbox 1515 2741 1709 2805; x_wconf 88' lang='lat' dir='ltr'><strong>quam</strong></span> <span class='ocrx_word' id='word_1_202' title='bbox 1757 2719 2040 2786; x_wconf 76' lang='lat' dir='ltr'><strong>Thaidis.</strong></span> 
     </span>
    </p>

    <p class='ocr_par' dir='ltr' id='par_1_6' title="bbox 762 2824 2373 2913">
     <span class='ocr_line' id='line_1_23' title="bbox 762 2824 2373 2913; baseline 0 -22"><span class='ocrx_word' id='word_1_203' title='bbox 762 2825 996 2891; x_wconf 86' lang='lat' dir='ltr'><strong>Sabb.</strong></span> <span class='ocrx_word' id='word_1_204' title='bbox 1044 2828 1254 2913; x_wconf 74' lang='lat' dir='ltr'><strong>igitur</strong></span> <span class='ocrx_word' id='word_1_205' title='bbox 1298 2828 1529 2892; x_wconf 87' lang='lat' dir='ltr'><strong>merito</strong></span> <span class='ocrx_word' id='word_1_206' title='bbox 1575 2827 1947 2911; x_wconf 80' lang='lat' dir='ltr'><strong>proscripsit</strong></span> <span class='ocrx_word' id='word_1_207' title='bbox 1994 2825 2094 2912; x_wconf 89' lang='lat'><strong>(4)</strong></span> <span class='ocrx_word' id='word_1_208' title='bbox 2141 2830 2207 2891; x_wconf 88' lang='lat' dir='ltr'><strong>et</strong></span> <span class='ocrx_word' id='word_1_209' title='bbox 2252 2824 2373 2911; x_wconf 83' lang='lat'><strong>(5).</strong></span> 
     </span>
    </p>

    <p class='ocr_par' dir='ltr' id='par_1_7' title="bbox 759 2930 2340 3017">
     <span class='ocr_line' id='line_1_24' title="bbox 759 2930 2340 3017; baseline 0 -21"><span class='ocrx_word' id='word_1_210' title='bbox 759 2931 918 2999; x_wconf 91' lang='lat' dir='ltr'><strong>Ibid.</strong></span> <span class='ocrx_word' id='word_1_211' title='bbox 971 2930 1101 2997; x_wconf 89' lang='grc'><strong>103</strong></span> <span class='ocrx_word' id='word_1_212' title='bbox 1149 2930 1386 2997; x_wconf 87' lang='lat' dir='ltr'><strong>Verum</strong></span> <span class='ocrx_word' id='word_1_213' title='bbox 1431 2953 1511 2997; x_wconf 92' lang='lat' dir='ltr'><strong>ne</strong></span> <span class='ocrx_word' id='word_1_214' title='bbox 1555 2931 1711 2997; x_wconf 90' lang='lat' dir='ltr'><strong>fiant</strong></span> <span class='ocrx_word' id='word_1_215' title='bbox 1753 2934 1867 2997; x_wconf 88' lang='lat' dir='ltr'><strong>isti</strong></span> <span class='ocrx_word' id='word_1_216' title='bbox 1918 2933 2158 3017; x_wconf 78' lang='lat' dir='ltr'><strong>viginti</strong></span> <span class='ocrx_word' id='word_1_217' title='bbox 2206 2931 2340 2996; x_wconf 89' lang='lat' dir='ltr'><strong>dies</strong></span> 
     </span>
    </p>

    <p class='ocr_par' dir='ltr' id='par_1_8' title="bbox 665 3032 3059 3531">
     <span class='ocr_line' id='line_1_25' title="bbox 759 3032 3055 3120; baseline 0 -20"><span class='ocrx_word' id='word_1_218' title='bbox 759 3035 920 3101; x_wconf 93' lang='lat' dir='ltr'><strong>Don.</strong></span> <span class='ocrx_word' id='word_1_219' title='bbox 985 3036 1084 3120; x_wconf 89' lang='lat'><strong>(1)</strong></span> <span class='ocrx_word' id='word_1_220' title='bbox 1147 3034 1395 3113; x_wconf 79' lang='lat' dir='ltr'><strong>Facete,</strong></span> <span class='ocrx_word' id='word_1_221' title='bbox 1455 3035 1811 3113; x_wconf 87' lang='lat' dir='ltr'><strong>„biduum”</strong></span> <span class='ocrx_word' id='word_1_222' title='bbox 1862 3035 2249 3120; x_wconf 81' lang='lat' dir='ltr'><strong>decuplavit.</strong></span> <span class='ocrx_word' id='word_1_223' title='bbox 2387 3033 2489 3099; x_wconf 93' lang='lat' dir='ltr'><strong>IP</strong></span> <span class='ocrx_word' id='word_1_224' title='bbox 2537 3034 2635 3119; x_wconf 84' lang='lat'><strong>(2)</strong></span> <span class='ocrx_word' id='word_1_225' title='bbox 2680 3032 2767 3099; x_wconf 78' lang='lat' dir='ltr'><strong>Et</strong></span> <span class='ocrx_word' id='word_1_226' title='bbox 2812 3034 3055 3111; x_wconf 79' lang='lat' dir='ltr'><strong>simul,</strong></span> 
     </span>
     <span class='ocr_line' id='line_1_26' title="bbox 669 3140 3057 3228; baseline 0.001 -25"><span class='ocrx_word' id='word_1_227' title='bbox 669 3142 819 3225; x_wconf 90' lang='lat' dir='ltr'><strong>quia</strong></span> <span class='ocrx_word' id='word_1_228' title='bbox 879 3161 957 3205; x_wconf 88' lang='lat' dir='ltr'><strong>ex</strong></span> <span class='ocrx_word' id='word_1_229' title='bbox 1021 3140 1242 3206; x_wconf 84' lang='lat' dir='ltr'><strong>eadem</strong></span> <span class='ocrx_word' id='word_1_230' title='bbox 1303 3144 1545 3206; x_wconf 89' lang='lat' dir='ltr'><strong>ratione</strong></span> <span class='ocrx_word' id='word_1_231' title='bbox 1606 3147 1758 3207; x_wconf 83' lang='lat' dir='ltr'><strong>sunt</strong></span> <span class='ocrx_word' id='word_1_232' title='bbox 1801 3144 2042 3228; x_wconf 76' lang='lat' dir='ltr'><strong>viginti</strong></span> <span class='ocrx_word' id='word_1_233' title='bbox 2086 3162 2165 3207; x_wconf 88' lang='lat' dir='ltr'><strong>ex</strong></span> <span class='ocrx_word' id='word_1_234' title='bbox 2211 3161 2336 3226; x_wconf 91' lang='lat' dir='ltr'><strong>qua</strong></span> <span class='ocrx_word' id='word_1_235' title='bbox 2381 3140 2539 3218; x_wconf 83' lang='lat' dir='ltr'><strong>duo,</strong></span> <span class='ocrx_word' id='word_1_236' title='bbox 2591 3146 2749 3215; x_wconf 85' lang='lat' dir='ltr'><strong>(et)</strong></span> <span class='ocrx_word' id='word_1_237' title='bbox 2799 3161 2879 3205; x_wconf 88' lang='lat' dir='ltr'><strong>ex</strong></span> <span class='ocrx_word' id='word_1_238' title='bbox 2924 3160 3057 3224; x_wconf 88' lang='lat' dir='ltr'><strong>qua</strong></span> 
     </span>
     <span class='ocr_line' id='line_1_27' title="bbox 667 3244 3059 3332; baseline 0 -21"><span class='ocrx_word' id='word_1_239' title='bbox 667 3248 941 3332; x_wconf 79' lang='lat' dir='ltr'><strong>viginti,</strong></span> <span class='ocrx_word' id='word_1_240' title='bbox 990 3245 1277 3323; x_wconf 85' lang='lat' dir='ltr'><strong>ducenti,</strong></span> <span class='ocrx_word' id='word_1_241' title='bbox 1326 3245 1454 3311; x_wconf 91' lang='lat' dir='ltr'><strong>duo</strong></span> <span class='ocrx_word' id='word_1_242' title='bbox 1502 3246 1685 3312; x_wconf 86' lang='lat' dir='ltr'><strong>milia</strong></span> <span class='ocrx_word' id='word_1_243' title='bbox 1731 3253 1797 3311; x_wconf 83' lang='lat' dir='ltr'><strong>et</strong></span> <span class='ocrx_word' id='word_1_244' title='bbox 1842 3246 2139 3312; x_wconf 83' lang='lat' dir='ltr'><strong>similiter</strong></span> <span class='ocrx_word' id='word_1_245' title='bbox 2185 3246 2499 3332; x_wconf 77' lang='lat' dir='ltr'><strong>deinceps.</strong></span> <span class='ocrx_word' id='word_1_246' title='bbox 2636 3244 3059 3331; x_wconf 84' lang='lat' dir='ltr'><strong>Supplemen·</strong></span> 
     </span>
     <span class='ocr_line' id='line_1_28' title="bbox 666 3350 3052 3437; baseline 0.001 -23"><span class='ocrx_word' id='word_1_247' title='bbox 666 3356 811 3415; x_wconf 86' lang='lat' dir='ltr'><strong>tum</strong></span> <span class='ocrx_word' id='word_1_248' title='bbox 874 3370 987 3434; x_wconf 89' lang='lat' dir='ltr'><strong>per</strong></span> <span class='ocrx_word' id='word_1_249' title='bbox 1043 3358 1101 3415; x_wconf 77' lang='lat' dir='ltr'><strong>et</strong></span> <span class='ocrx_word' id='word_1_250' title='bbox 1157 3350 1341 3415; x_wconf 69' lang='lat' dir='ltr'><strong>simul</strong></span> <span class='ocrx_word' id='word_1_251' title='bbox 1399 3354 1608 3437; x_wconf 87' lang='lat' dir='ltr'><strong>specie</strong></span> <span class='ocrx_word' id='word_1_252' title='bbox 1674 3351 1935 3417; x_wconf 83' lang='lat' dir='ltr'><strong>doctum</strong></span> <span class='ocrx_word' id='word_1_253' title='bbox 1957 3402 1974 3431; x_wconf 93' lang='lat'><strong>,</strong></span> <span class='ocrx_word' id='word_1_254' title='bbox 2032 3352 2173 3429; x_wconf 88' lang='lat' dir='ltr'><strong>sed,</strong></span> <span class='ocrx_word' id='word_1_255' title='bbox 2236 3355 2292 3417; x_wconf 92' lang='lat' dir='ltr'><strong>si</strong></span> <span class='ocrx_word' id='word_1_256' title='bbox 2354 3354 2759 3418; x_wconf 81' lang='lat' dir='ltr'><strong>causativum</strong></span> <span class='ocrx_word' id='word_1_257' title='bbox 2810 3351 3052 3437; x_wconf 84' lang='lat' dir='ltr'><strong>„quia”</strong></span> 
     </span>
     <span class='ocr_line' id='line_1_29' title="bbox 665 3454 2953 3531; baseline 0 -10"><span class='ocrx_word' id='word_1_258' title='bbox 665 3454 1058 3531; x_wconf 82' lang='lat' dir='ltr'><strong>consideras,</strong></span> <span class='ocrx_word' id='word_1_259' title='bbox 1105 3476 1329 3521; x_wconf 83' lang='lat' dir='ltr'><strong>revera</strong></span> <span class='ocrx_word' id='word_1_260' title='bbox 1375 3455 1725 3522; x_wconf 86' lang='lat' dir='ltr'><strong>delirantis.</strong></span> <span class='ocrx_word' id='word_1_261' title='bbox 2787 3456 2852 3522; x_wconf 79' lang='lat' dir='ltr'><strong>S.</strong></span> <span class='ocrx_word' id='word_1_262' title='bbox 2900 3477 2953 3521; x_wconf 89' lang='lat' dir='ltr'><strong>c.</strong></span> 
     </span>
    </p>

    <p class='ocr_par' dir='ltr' id='par_1_9' title="bbox 665 3558 3053 3750">
     <span class='ocr_line' id='line_1_30' title="bbox 758 3558 3053 3644; baseline 0.002 -22"><span class='ocrx_word' id='word_1_263' title='bbox 758 3558 920 3623; x_wconf 91' lang='lat' dir='ltr'><strong>Ibid.</strong></span> <span class='ocrx_word' id='word_1_264' title='bbox 975 3558 1102 3625; x_wconf 85' lang='lat'><strong>107</strong></span> <span class='ocrx_word' id='word_1_265' title='bbox 1128 3560 1227 3644; x_wconf 89' lang='lat'><strong>(1)</strong></span> <span class='ocrx_word' id='word_1_266' title='bbox 1279 3560 1456 3637; x_wconf 88' lang='lat' dir='ltr'><strong>„Rus</strong></span> <span class='ocrx_word' id='word_1_267' title='bbox 1499 3562 1648 3628; x_wconf 92' lang='lat' dir='ltr'><strong>ibo&#39;&#39;</strong></span> <span class='ocrx_word' id='word_1_268' title='bbox 1695 3568 1761 3627; x_wconf 86' lang='lat' dir='ltr'><strong>et</strong></span> <span class='ocrx_word' id='word_1_269' title='bbox 1805 3563 1923 3629; x_wconf 92' lang='lat' dir='ltr'><strong>hoc</strong></span> <span class='ocrx_word' id='word_1_270' title='bbox 1969 3565 2360 3628; x_wconf 89' lang='lat' dir='ltr'><strong>amatorium</strong></span> <span class='ocrx_word' id='word_1_271' title='bbox 2396 3567 2494 3629; x_wconf 84' lang='lat' dir='ltr'><strong>est</strong></span> <span class='ocrx_word' id='word_1_272' title='bbox 2514 3610 2529 3639; x_wconf 99' lang='lat'><strong>,</strong></span> <span class='ocrx_word' id='word_1_273' title='bbox 2570 3561 2777 3627; x_wconf 85' lang='lat' dir='ltr'><strong>odisse</strong></span> <span class='ocrx_word' id='word_1_274' title='bbox 2819 3562 3053 3626; x_wconf 86' lang='lat' dir='ltr'><strong>urbem</strong></span> 
     </span>
     <span class='ocr_line' id='line_1_31' title="bbox 665 3665 2949 3750; baseline 0.001 -22"><span class='ocrx_word' id='word_1_275' title='bbox 665 3666 800 3729; x_wconf 88' lang='lat' dir='ltr'><strong>sine</strong></span> <span class='ocrx_word' id='word_1_276' title='bbox 847 3667 1072 3730; x_wconf 89' lang='lat' dir='ltr'><strong>amica.</strong></span> <span class='ocrx_word' id='word_1_277' title='bbox 1119 3665 1219 3750; x_wconf 89' lang='grc'>(2)</span> <span class='ocrx_word' id='word_1_278' title='bbox 1267 3665 1610 3731; x_wconf 86' lang='lat' dir='ltr'><strong>Nec-dixit</strong></span> <span class='ocrx_word' id='word_1_279' title='bbox 1660 3668 1793 3744; x_wconf 93' lang='lat' dir='ltr'><strong>„ibi</strong></span> <span class='ocrx_word' id='word_1_280' title='bbox 1839 3668 2014 3745; x_wconf 88' lang='lat' dir='ltr'><strong>ero&#39;&#39;,</strong></span> <span class='ocrx_word' id='word_1_281' title='bbox 2052 3667 2174 3749; x_wconf 89' lang='lat' dir='ltr'><strong>sed</strong></span> <span class='ocrx_word' id='word_1_282' title='bbox 2224 3670 2358 3746; x_wconf 92' lang='lat' dir='ltr'><strong>„ibi</strong></span> <span class='ocrx_word' id='word_1_283' title='bbox 2403 3689 2507 3733; x_wconf 92' lang='lat' dir='ltr'><strong>me</strong></span> <span class='ocrx_word' id='word_1_284' title='bbox 2556 3666 2949 3733; x_wconf 89' lang='lat' dir='ltr'><strong>macerabo’&#39;.</strong></span> 
     </span>
    </p>

    <p class='ocr_par' dir='ltr' id='par_1_10' title="bbox 753 3768 2909 3857">
     <span class='ocr_line' id='line_1_32' title="bbox 753 3768 2909 3857; baseline 0 -22"><span class='ocrx_word' id='word_1_285' title='bbox 753 3768 988 3835; x_wconf 84' lang='lat' dir='ltr'><strong>Sabb.</strong></span> <span class='ocrx_word' id='word_1_286' title='bbox 1037 3776 1386 3855; x_wconf 86' lang='lat' dir='ltr'><strong>utrumque</strong></span> <span class='ocrx_word' id='word_1_287' title='bbox 1431 3773 1715 3849; x_wconf 82' lang='lat' dir='ltr'><strong>notavit,</strong></span> <span class='ocrx_word' id='word_1_288' title='bbox 1760 3775 1956 3837; x_wconf 88' lang='lat' dir='ltr'><strong>nimis</strong></span> <span class='ocrx_word' id='word_1_289' title='bbox 2000 3775 2329 3857; x_wconf 86' lang='lat' dir='ltr'><strong>suspicax,</strong></span> <span class='ocrx_word' id='word_1_290' title='bbox 2380 3775 2624 3857; x_wconf 85' lang='lat' dir='ltr'><strong>opinor,</strong></span> <span class='ocrx_word' id='word_1_291' title='bbox 2672 3775 2741 3837; x_wconf 88' lang='lat' dir='ltr'><strong>in</strong></span> <span class='ocrx_word' id='word_1_292' title='bbox 2785 3772 2909 3857; x_wconf 91' lang='grc'>(1).</span> 
     </span>
    </p>
   </div>
   <div class='ocr_carea' id='block_1_4' title="bbox 753 3874 3171 3963">
    <p class='ocr_par' dir='ltr' id='par_1_11' title="bbox 753 3874 3171 3963">
     <span class='ocr_line' id='line_1_33' title="bbox 753 3874 3171 3963; baseline 0.002 -24"><span class='ocrx_word' id='word_1_293' title='bbox 753 3875 916 3940; x_wconf 91' lang='lat' dir='ltr'><strong>Ibid.</strong></span> <span class='ocrx_word' id='word_1_294' title='bbox 967 3874 1096 3941; x_wconf 88' lang='lat'><strong>109</strong></span> <span class='ocrx_word' id='word_1_295' title='bbox 1121 3876 1220 3962; x_wconf 93' lang='grc'>(2)</span> <span class='ocrx_word' id='word_1_296' title='bbox 1286 3874 1452 3954; x_wconf 85' lang='lat' dir='ltr'><strong>„Fac</strong></span> <span class='ocrx_word' id='word_1_297' title='bbox 1497 3876 1596 3941; x_wconf 91' lang='lat' dir='ltr'><strong>illi</strong></span> <span class='ocrx_word' id='word_1_298' title='bbox 1644 3877 2079 3943; x_wconf 86' lang='lat' dir='ltr'><strong>adducantur&#39;’</strong></span> <span class='ocrx_word' id='word_1_299' title='bbox 2128 3899 2244 3963; x_wconf 88' lang='lat' dir='ltr'><strong>pro</strong></span> <span class='ocrx_word' id='word_1_300' title='bbox 2295 3878 2591 3944; x_wconf 80' lang='lat' dir='ltr'><strong>adducito</strong></span> <span class='ocrx_word' id='word_1_301' title='bbox 2636 3900 2763 3944; x_wconf 89' lang='lat' dir='ltr'><strong>eos.</strong></span> <span class='ocrx_word' id='word_1_302' title='bbox 2903 3876 3049 3943; x_wconf 90' lang='lat' dir='ltr'><strong>Hoc</strong></span> <span class='ocrx_word' id='word_1_303' title='bbox 3164 3878 3171 3887; x_wconf 79' lang='grc'><strong><em>’</em></strong></span> 
     </span>
    </p>
   </div>
   <div class='ocr_carea' id='block_1_5' title="bbox 661 3972 3051 4174">
    <p class='ocr_par' dir='ltr' id='par_1_12' title="bbox 661 3972 3051 4174">
     <span class='ocr_line' id='line_1_34' title="bbox 664 3972 3051 4066; baseline 0 -21"><span class='ocrx_word' id='word_1_304' title='bbox 664 3980 862 4057; x_wconf 87' lang='lat' dir='ltr'><strong>Don.;</strong></span> <span class='ocrx_word' id='word_1_305' title='bbox 911 3980 1238 4066; x_wconf 83' lang='lat' dir='ltr'><strong>supplevit</strong></span> <span class='ocrx_word' id='word_1_306' title='bbox 1285 3980 1419 4046; x_wconf 89' lang='lat' dir='ltr'><strong>IP:</strong></span> <span class='ocrx_word' id='word_1_307' title='bbox 1469 3982 1569 4066; x_wconf 88' lang='lat'><strong>(3)</strong></span> <span class='ocrx_word' id='word_1_308' title='bbox 1618 3972 1701 4047; x_wconf 78' lang='lat' dir='ltr'><strong>et&#39;</strong></span> <span class='ocrx_word' id='word_1_309' title='bbox 1730 3984 1885 4048; x_wconf 88' lang='lat' dir='ltr'><strong>bene</strong></span> <span class='ocrx_word' id='word_1_310' title='bbox 1932 3982 2289 4062; x_wconf 84' lang='lat' dir='ltr'><strong>adiectum,</strong></span> <span class='ocrx_word' id='word_1_311' title='bbox 2338 4006 2415 4049; x_wconf 87' lang='lat' dir='ltr'><strong>ne</strong></span> <span class='ocrx_word' id='word_1_312' title='bbox 2460 3982 2679 4049; x_wconf 88' lang='lat' dir='ltr'><strong>dilatis</strong></span> <span class='ocrx_word' id='word_1_313' title='bbox 2723 3984 2803 4049; x_wconf 88' lang='lat' dir='ltr'><strong>ob</strong></span> <span class='ocrx_word' id='word_1_314' title='bbox 2842 3992 3051 4049; x_wconf 84' lang='lat' dir='ltr'><strong>reten-</strong></span> 
     </span>
     <span class='ocr_line' id='line_1_35' title="bbox 661 4087 3050 4174; baseline 0.002 -23"><span class='ocrx_word' id='word_1_315' title='bbox 661 4089 904 4151; x_wconf 81' lang='lat' dir='ltr'><strong>tionem</strong></span> <span class='ocrx_word' id='word_1_316' title='bbox 951 4088 1325 4153; x_wconf 88' lang='lat' dir='ltr'><strong>muneribus</strong></span> <span class='ocrx_word' id='word_1_317' title='bbox 1372 4109 1495 4153; x_wconf 89' lang='lat' dir='ltr'><strong>non</strong></span> <span class='ocrx_word' id='word_1_318' title='bbox 1543 4087 1950 4174; x_wconf 80' lang='lat' dir='ltr'><strong>procederent</strong></span> <span class='ocrx_word' id='word_1_319' title='bbox 1995 4096 2174 4154; x_wconf 84' lang='lat' dir='ltr'><strong>actus</strong></span> <span class='ocrx_word' id='word_1_320' title='bbox 2220 4089 2491 4155; x_wconf 84' lang='lat' dir='ltr'><strong>fabulae.</strong></span> <span class='ocrx_word' id='word_1_321' title='bbox 2609 4088 2890 4155; x_wconf 84' lang='lat' dir='ltr'><strong>Puerilis</strong></span> <span class='ocrx_word' id='word_1_322' title='bbox 2936 4089 3050 4155; x_wconf 86' lang='lat' dir='ltr'><strong>ob-</strong></span> 
     </span>
    </p>
   </div>
   <div class='ocr_carea' id='block_1_6' title="bbox 670 4252 1060 4263">
    <p class='ocr_par' dir='ltr' id='par_1_13' title="bbox 670 4252 1060 4263">
     <span class='ocr_line' id='line_1_36' title="bbox 670 4252 1060 4263; baseline 0 822"><span class='ocrx_word' id='word_1_323' title='bbox 670 4252 1060 4263; x_wconf 95' lang='lat' dir='ltr'><strong> </strong></span> 
     </span>
    </p>
   </div>
   <div class='ocr_carea' id='block_1_7' title="bbox 721 4340 2359 4491">
    <p class='ocr_par' dir='ltr' id='par_1_14' title="bbox 721 4340 2359 4491">
     <span class='ocr_line' id='line_1_37' title="bbox 732 4340 2359 4408; baseline 0.001 -18"><span class='ocrx_word' id='word_1_324' title='bbox 732 4342 786 4407; x_wconf 90' lang='lat'><strong>1)</strong></span> <span class='ocrx_word' id='word_1_325' title='bbox 823 4340 948 4391; x_wconf 70' lang='lat' dir='ltr'><strong>vids</strong></span> <span class='ocrx_word' id='word_1_326' title='bbox 981 4357 1100 4407; x_wconf 77' lang='lat' dir='ltr'><strong>quae</strong></span> <span class='ocrx_word' id='word_1_327' title='bbox 1132 4358 1276 4408; x_wconf 76' lang='lat' dir='ltr'><strong>supra</strong></span> <span class='ocrx_word' id='word_1_328' title='bbox 1309 4342 1530 4392; x_wconf 79' lang='lat' dir='ltr'><strong>adnotavi</strong></span> <span class='ocrx_word' id='word_1_329' title='bbox 1564 4342 1623 4391; x_wconf 79' lang='lat' dir='ltr'><strong>ad</strong></span> <span class='ocrx_word' id='word_1_330' title='bbox 1659 4342 1782 4393; x_wconf 72' lang='lat' dir='ltr'><strong>Eun.</strong></span> <span class='ocrx_word' id='word_1_331' title='bbox 1816 4344 1843 4392; x_wconf 96' lang='lat'>1</span> <span class='ocrx_word' id='word_1_332' title='bbox 1881 4342 1927 4391; x_wconf 89' lang='lat'><strong>1.</strong></span> <span class='ocrx_word' id='word_1_333' title='bbox 1948 4344 2043 4392; x_wconf 73' lang='lat'><strong>112</strong></span> <span class='ocrx_word' id='word_1_334' title='bbox 2078 4348 2127 4392; x_wconf 81' lang='lat' dir='ltr'><strong>et</strong></span> <span class='ocrx_word' id='word_1_335' title='bbox 2166 4343 2209 4389; x_wconf 84' lang='lat' dir='ltr'>V</span> <span class='ocrx_word' id='word_1_336' title='bbox 2245 4344 2291 4394; x_wconf 76' lang='grc'><strong>0.</strong></span> <span class='ocrx_word' id='word_1_337' title='bbox 2312 4346 2359 4392; x_wconf 76' lang='grc'><strong>5.</strong></span> 
     </span>
     <span class='ocr_line' id='line_1_38' title="bbox 721 4422 2349 4491; baseline 0.001 -19"><span class='ocrx_word' id='word_1_338' title='bbox 721 4424 780 4490; x_wconf 75' lang='lat'><strong>2)</strong></span> <span class='ocrx_word' id='word_1_339' title='bbox 813 4422 973 4487; x_wconf 78' lang='lat' dir='ltr'><strong>Igitur</strong></span> <span class='ocrx_word' id='word_1_340' title='bbox 1005 4440 1257 4491; x_wconf 79' lang='lat' dir='ltr'><strong>perperam</strong></span> <span class='ocrx_word' id='word_1_341' title='bbox 1290 4425 1346 4473; x_wconf 80' lang='lat' dir='ltr'><strong>de</strong></span> <span class='ocrx_word' id='word_1_342' title='bbox 1382 4424 1457 4477; x_wconf 77' lang='lat' dir='ltr'><strong>hi·</strong></span> <span class='ocrx_word' id='word_1_343' title='bbox 1491 4424 1686 4474; x_wconf 72' lang='lat' dir='ltr'><strong>scholiis</strong></span> <span class='ocrx_word' id='word_1_344' title='bbox 1718 4424 1929 4475; x_wconf 79' lang='lat' dir='ltr'><strong>iudicavi</strong></span> <span class='ocrx_word' id='word_1_345' title='bbox 1969 4425 2018 4475; x_wconf 83' lang='lat' dir='ltr'><strong>in</strong></span> <span class='ocrx_word' id='word_1_346' title='bbox 2055 4427 2239 4476; x_wconf 78' lang='lat' dir='ltr'><strong>Mnem.</strong></span> <span class='ocrx_word' id='word_1_347' title='bbox 2278 4424 2349 4474; x_wconf 87' lang='lat'><strong>1.1.</strong></span> 
     </span>
    </p>
   </div>
  </div>
 </body>
</html>
