<?xml version="1.0" encoding="UTF-8"?>
<!DOCTYPE html PUBLIC "-//W3C//DTD XHTML 1.0 Transitional//EN"
    "http://www.w3.org/TR/xhtml1/DTD/xhtml1-transitional.dtd">
<html xmlns="http://www.w3.org/1999/xhtml" xml:lang="en" lang="en">
 <head>
  <title>
</title>
<meta http-equiv="Content-Type" content="text/html;charset=utf-8" />
  <meta name='ocr-system' content='tesseract 3.04.00' />
  <meta name='ocr-capabilities' content='ocr_page ocr_carea ocr_par ocr_line ocrx_word'/>
</head>
<body>
  <div class='ocr_page' id='page_1' title='image "./mnemosynevolume03verdgoog_0413.png"; bbox 0 0 3246 5085; ppageno 0'>
   <div class='ocr_carea' id='block_1_1' title="bbox 1383 304 2726 417">
    <p class='ocr_par' dir='ltr' id='par_1_1' title="bbox 1383 304 2726 417">
     <span class='ocr_line' id='line_1_1' title="bbox 1383 304 2726 417; baseline -0.001 -2"><span class='ocrx_word' id='word_1_1' title='bbox 1383 368 1697 417; x_wconf 63' lang='lat' dir='ltr'>nonnus.</span> <span class='ocrx_word' id='word_1_2' title='bbox 1778 304 1790 315; x_wconf 24' lang='grc' dir='ltr'><strong><em>Ω</em></strong></span> <span class='ocrx_word' id='word_1_3' title='bbox 2595 346 2726 413; x_wconf 87' lang='grc' dir='ltr'>4Ο5</span> 
     </span>
    </p>
   </div>
   <div class='ocr_carea' id='block_1_2' title="bbox 332 533 2732 933">
    <p class='ocr_par' dir='ltr' id='par_1_2' title="bbox 332 533 2732 933">
     <span class='ocr_line' id='line_1_2' title="bbox 336 533 2732 622; baseline -0.001 -21"><span class='ocrx_word' id='word_1_4' title='bbox 336 542 528 622; x_wconf 80' lang='lat' dir='ltr'>poeta</span> <span class='ocrx_word' id='word_1_5' title='bbox 588 535 868 601; x_wconf 79' lang='lat' dir='ltr'>exhibet.</span> <span class='ocrx_word' id='word_1_6' title='bbox 934 533 1061 615; x_wconf 87' lang='lat' dir='ltr'>(W.</span> <span class='ocrx_word' id='word_1_7' title='bbox 1114 542 1215 617; x_wconf 91' lang='lat' dir='ltr'>c.).</span> <span class='ocrx_word' id='word_1_8' title='bbox 1356 536 1443 599; x_wconf 92' lang='lat'>40</span> <span class='ocrx_word' id='word_1_9' title='bbox 1468 534 1565 615; x_wconf 98' lang='grc'>(3)</span> <span class='ocrx_word' id='word_1_10' title='bbox 1613 535 1686 599; x_wconf 99' lang='grc' dir='ltr'>Ε.</span> <span class='ocrx_word' id='word_1_11' title='bbox 1736 535 1815 600; x_wconf 89' lang='lat' dir='ltr'>ad</span> <span class='ocrx_word' id='word_1_12' title='bbox 1864 534 2196 601; x_wconf 84' lang='lat' dir='ltr'>universos</span> <span class='ocrx_word' id='word_1_13' title='bbox 2242 541 2590 620; x_wconf 79' lang='lat' dir='ltr'>utrumque</span> <span class='ocrx_word' id='word_1_14' title='bbox 2637 557 2732 600; x_wconf 88' lang='lat' dir='ltr'>re-</span> 
     </span>
     <span class='ocr_line' id='line_1_3' title="bbox 335 640 2731 723; baseline 0 -16"><span class='ocrx_word' id='word_1_15' title='bbox 335 643 569 720; x_wconf 85' lang='lat' dir='ltr'>fertur,</span> <span class='ocrx_word' id='word_1_16' title='bbox 618 647 683 707; x_wconf 83' lang='lat' dir='ltr'>et</span> <span class='ocrx_word' id='word_1_17' title='bbox 735 641 959 713; x_wconf 86' lang='lat' dir='ltr'>„dico”</span> <span class='ocrx_word' id='word_1_18' title='bbox 1012 647 1077 706; x_wconf 79' lang='lat' dir='ltr'>et</span> <span class='ocrx_word' id='word_1_19' title='bbox 1129 642 1409 720; x_wconf 89' lang='lat' dir='ltr'>„edico&#39;’.</span> <span class='ocrx_word' id='word_1_20' title='bbox 1460 642 1573 719; x_wconf 89' lang='lat' dir='ltr'>(id.</span> <span class='ocrx_word' id='word_1_21' title='bbox 1615 642 1694 707; x_wconf 83' lang='lat' dir='ltr'>cf.</span> <span class='ocrx_word' id='word_1_22' title='bbox 1738 641 1896 723; x_wconf 94' lang='grc'>(2)).</span> <span class='ocrx_word' id='word_1_23' title='bbox 2037 640 2100 707; x_wconf 88' lang='grc'>8.</span> <span class='ocrx_word' id='word_1_24' title='bbox 2129 640 2167 704; x_wconf 82' lang='lat'>5</span> <span class='ocrx_word' id='word_1_25' title='bbox 2195 642 2291 723; x_wconf 90' lang='grc'>(4)</span> <span class='ocrx_word' id='word_1_26' title='bbox 2332 642 2408 708; x_wconf 91' lang='grc' dir='ltr'>Ε.</span> <span class='ocrx_word' id='word_1_27' title='bbox 2449 642 2731 707; x_wconf 76' lang='lat' dir='ltr'><strong>abundat</strong></span> 
     </span>
     <span class='ocr_line' id='line_1_4' title="bbox 336 747 2726 835; baseline -0.001 -20"><span class='ocrx_word' id='word_1_28' title='bbox 336 751 531 828; x_wconf 85' lang='lat' dir='ltr'>„me”</span> <span class='ocrx_word' id='word_1_29' title='bbox 597 749 709 829; x_wconf 93' lang='lat' dir='ltr'>(id.</span> <span class='ocrx_word' id='word_1_30' title='bbox 776 750 853 814; x_wconf 86' lang='lat' dir='ltr'>cf.</span> <span class='ocrx_word' id='word_1_31' title='bbox 919 748 1075 829; x_wconf 87' lang='lat'>(4)).</span> <span class='ocrx_word' id='word_1_32' title='bbox 1234 747 1318 814; x_wconf 86' lang='lat'>36</span> <span class='ocrx_word' id='word_1_33' title='bbox 1345 748 1441 830; x_wconf 88' lang='lat'>(5)</span> <span class='ocrx_word' id='word_1_34' title='bbox 1505 749 1579 813; x_wconf 89' lang='grc' dir='ltr'>Ε.</span> <span class='ocrx_word' id='word_1_35' title='bbox 1645 748 2068 813; x_wconf 79' lang='lat' dir='ltr'>subaudimus</span> <span class='ocrx_word' id='word_1_36' title='bbox 2131 747 2235 825; x_wconf 76' lang='lat' dir='ltr'>vel</span> <span class='ocrx_word' id='word_1_37' title='bbox 2301 747 2726 835; x_wconf 81' lang='lat' dir='ltr'>„ingenium”</span> 
     </span>
     <span class='ocr_line' id='line_1_5' title="bbox 332 853 2105 933; baseline -0.001 -13"><span class='ocrx_word' id='word_1_38' title='bbox 332 855 449 921; x_wconf 83' lang='lat' dir='ltr'>vel</span> <span class='ocrx_word' id='word_1_39' title='bbox 497 856 874 933; x_wconf 85' lang='lat' dir='ltr'>„animum”</span> <span class='ocrx_word' id='word_1_40' title='bbox 924 854 1031 920; x_wconf 82' lang='lat' dir='ltr'>vel</span> <span class='ocrx_word' id='word_1_41' title='bbox 1081 853 1414 933; x_wconf 86' lang='lat' dir='ltr'>„morem”</span> <span class='ocrx_word' id='word_1_42' title='bbox 1467 854 1568 919; x_wconf 88' lang='lat' dir='ltr'>vel</span> <span class='ocrx_word' id='word_1_43' title='bbox 1621 853 2105 932; x_wconf 81' lang='lat' dir='ltr'>,‚institutum”.</span> 
     </span>
    </p>
   </div>
   <div class='ocr_carea' id='block_1_3' title="bbox 427 1070 2724 1259">
    <p class='ocr_par' dir='ltr' id='par_1_3' title="bbox 427 1070 2724 1259">
     <span class='ocr_line' id='line_1_6' title="bbox 429 1070 831 1147; baseline -0.002 -13"><span class='ocrx_word' id='word_1_44' title='bbox 429 1071 608 1147; x_wconf 83' lang='lat' dir='ltr'>Nam,</span> <span class='ocrx_word' id='word_1_45' title='bbox 658 1070 831 1133; x_wconf 76' lang='lat' dir='ltr'>enim.</span> 
     </span>
     <span class='ocr_line' id='line_1_7' title="bbox 427 1173 2724 1259; baseline -0.001 -20"><span class='ocrx_word' id='word_1_46' title='bbox 427 1174 595 1241; x_wconf 88' lang='lat' dir='ltr'>Prol.</span> <span class='ocrx_word' id='word_1_47' title='bbox 661 1174 746 1240; x_wconf 84' lang='grc'>27</span> <span class='ocrx_word' id='word_1_48' title='bbox 774 1174 872 1255; x_wconf 90' lang='grc'>(1)</span> <span class='ocrx_word' id='word_1_49' title='bbox 936 1196 1061 1239; x_wconf 90' lang='lat' dir='ltr'>non</span> <span class='ocrx_word' id='word_1_50' title='bbox 1124 1176 1295 1239; x_wconf 88' lang='lat' dir='ltr'>enim</span> <span class='ocrx_word' id='word_1_51' title='bbox 1358 1173 1661 1239; x_wconf 88' lang='lat' dir='ltr'>stultitia.</span> <span class='ocrx_word' id='word_1_52' title='bbox 1805 1174 1892 1237; x_wconf 91' lang='lat'>40</span> <span class='ocrx_word' id='word_1_53' title='bbox 1915 1174 2011 1254; x_wconf 94' lang='grc'>(1)</span> <span class='ocrx_word' id='word_1_54' title='bbox 2061 1174 2265 1240; x_wconf 85' lang='lat' dir='ltr'>Omne</span> <span class='ocrx_word' id='word_1_55' title='bbox 2313 1196 2390 1253; x_wconf 90' lang='lat' dir='ltr'>e.,</span> <span class='ocrx_word' id='word_1_56' title='bbox 2442 1174 2610 1259; x_wconf 92' lang='lat' dir='ltr'>quod</span> <span class='ocrx_word' id='word_1_57' title='bbox 2657 1176 2724 1237; x_wconf 90' lang='lat' dir='ltr'>in</span> 
     </span>
    </p>
   </div>
   <div class='ocr_carea' id='block_1_4' title="bbox 304 1278 2808 4443">
    <p class='ocr_par' dir='ltr' id='par_1_4' title="bbox 324 1278 2322 1365">
     <span class='ocr_line' id='line_1_8' title="bbox 324 1278 2322 1365; baseline -0.001 -18"><span class='ocrx_word' id='word_1_58' title='bbox 324 1283 690 1347; x_wconf 85' lang='lat' dir='ltr'>orationem</span> <span class='ocrx_word' id='word_1_59' title='bbox 738 1283 954 1359; x_wconf 84' lang='lat' dir='ltr'>venit,</span> <span class='ocrx_word' id='word_1_60' title='bbox 1003 1278 1111 1345; x_wconf 82' lang='lat' dir='ltr'>vel</span> <span class='ocrx_word' id='word_1_61' title='bbox 1158 1300 1423 1365; x_wconf 89' lang='lat' dir='ltr'>persona</span> <span class='ocrx_word' id='word_1_62' title='bbox 1472 1278 1577 1345; x_wconf 82' lang='lat' dir='ltr'>vel</span> <span class='ocrx_word' id='word_1_63' title='bbox 1626 1280 1870 1345; x_wconf 87' lang='lat' dir='ltr'>factum</span> <span class='ocrx_word' id='word_1_64' title='bbox 1918 1286 2034 1346; x_wconf 82' lang='lat' dir='ltr'>est.</span> <span class='ocrx_word' id='word_1_65' title='bbox 2083 1282 2322 1361; x_wconf 62' lang='lat' dir='ltr'>(rhet).</span> 
     </span>
    </p>

    <p class='ocr_par' dir='ltr' id='par_1_5' title="bbox 322 1384 2725 1685">
     <span class='ocr_line' id='line_1_9' title="bbox 426 1384 2725 1472; baseline 0 -21"><span class='ocrx_word' id='word_1_66' title='bbox 426 1386 458 1451; x_wconf 95' lang='lat'>1</span> <span class='ocrx_word' id='word_1_67' title='bbox 508 1389 566 1452; x_wconf 91' lang='lat'>1.</span> <span class='ocrx_word' id='word_1_68' title='bbox 596 1385 802 1467; x_wconf 79' lang='lat'>31(1)</span> <span class='ocrx_word' id='word_1_69' title='bbox 864 1386 943 1451; x_wconf 90' lang='grc' dir='ltr'>Ν.</span> <span class='ocrx_word' id='word_1_70' title='bbox 1010 1384 1203 1451; x_wconf 89' lang='lat' dir='ltr'>aliter</span> <span class='ocrx_word' id='word_1_71' title='bbox 1258 1408 1380 1451; x_wconf 90' lang='lat' dir='ltr'>non</span> <span class='ocrx_word' id='word_1_72' title='bbox 1440 1384 1858 1472; x_wconf 80' lang='lat' dir='ltr'>intelligitur.</span> <span class='ocrx_word' id='word_1_73' title='bbox 1928 1386 2197 1467; x_wconf 90' lang='lat' dir='ltr'>(Imm0,</span> <span class='ocrx_word' id='word_1_74' title='bbox 2249 1389 2490 1472; x_wconf 85' lang='lat' dir='ltr'>optime</span> <span class='ocrx_word' id='word_1_75' title='bbox 2535 1385 2725 1451; x_wconf 82' lang='lat' dir='ltr'>intel-</span> 
     </span>
     <span class='ocr_line' id='line_1_10' title="bbox 322 1491 2724 1579; baseline 0 -21"><span class='ocrx_word' id='word_1_76' title='bbox 322 1493 609 1579; x_wconf 78' lang='lat' dir='ltr'>ligitur).</span> <span class='ocrx_word' id='word_1_77' title='bbox 764 1491 828 1557; x_wconf 90' lang='grc'>2.</span> <span class='ocrx_word' id='word_1_78' title='bbox 856 1491 940 1558; x_wconf 82' lang='grc'>57</span> <span class='ocrx_word' id='word_1_79' title='bbox 967 1491 1063 1573; x_wconf 82' lang='lat'>(2)</span> <span class='ocrx_word' id='word_1_80' title='bbox 1112 1492 1191 1557; x_wconf 87' lang='grc' dir='ltr'>Ν.</span> <span class='ocrx_word' id='word_1_81' title='bbox 1244 1492 1525 1569; x_wconf 82' lang='lat' dir='ltr'>„sensit”</span> <span class='ocrx_word' id='word_1_82' title='bbox 1576 1498 1643 1557; x_wconf 85' lang='lat' dir='ltr'>et</span> <span class='ocrx_word' id='word_1_83' title='bbox 1694 1498 1953 1570; x_wconf 84' lang='lat' dir='ltr'>„tecum</span> <span class='ocrx_word' id='word_1_84' title='bbox 2005 1492 2303 1577; x_wconf 88' lang='lat' dir='ltr'>quoque&#39;&#39;</span> <span class='ocrx_word' id='word_1_85' title='bbox 2356 1492 2476 1558; x_wconf 92' lang='lat' dir='ltr'>hoc</span> <span class='ocrx_word' id='word_1_86' title='bbox 2522 1496 2724 1579; x_wconf 81' lang='lat' dir='ltr'>signi-</span> 
     </span>
     <span class='ocr_line' id='line_1_11' title="bbox 324 1598 1179 1685; baseline -0.002 -21"><span class='ocrx_word' id='word_1_87' title='bbox 324 1599 498 1665; x_wconf 84' lang='lat' dir='ltr'>ficat.</span> <span class='ocrx_word' id='word_1_88' title='bbox 547 1598 676 1681; x_wconf 87' lang='lat' dir='ltr'>(W.</span> <span class='ocrx_word' id='word_1_89' title='bbox 726 1620 803 1676; x_wconf 87' lang='lat' dir='ltr'>e.,</span> <span class='ocrx_word' id='word_1_90' title='bbox 852 1619 1026 1685; x_wconf 82' lang='lat' dir='ltr'>mag.</span> <span class='ocrx_word' id='word_1_91' title='bbox 1076 1600 1179 1679; x_wconf 92' lang='lat' dir='ltr'>A).</span> 
     </span>
    </p>

    <p class='ocr_par' dir='ltr' id='par_1_6' title="bbox 316 1704 2722 2002">
     <span class='ocr_line' id='line_1_12' title="bbox 424 1704 2718 1790; baseline -0.001 -19"><span class='ocrx_word' id='word_1_92' title='bbox 424 1704 484 1771; x_wconf 88' lang='grc' dir='ltr'>ΙΙ</span> <span class='ocrx_word' id='word_1_93' title='bbox 537 1708 594 1769; x_wconf 97' lang='grc'>1.</span> <span class='ocrx_word' id='word_1_94' title='bbox 625 1704 785 1785; x_wconf 89' lang='grc'>4(2)</span> <span class='ocrx_word' id='word_1_95' title='bbox 848 1704 927 1770; x_wconf 90' lang='lat' dir='ltr'>N.</span> <span class='ocrx_word' id='word_1_96' title='bbox 974 1704 1118 1770; x_wconf 88' lang='lat' dir='ltr'>ideo</span> <span class='ocrx_word' id='word_1_97' title='bbox 1165 1726 1203 1770; x_wconf 92' lang='lat' dir='ltr'>a</span> <span class='ocrx_word' id='word_1_98' title='bbox 1248 1704 1652 1790; x_wconf 82' lang='lat' dir='ltr'>praecedenti</span> <span class='ocrx_word' id='word_1_99' title='bbox 1701 1707 1895 1770; x_wconf 83' lang='lat' dir='ltr'>etiam</span> <span class='ocrx_word' id='word_1_100' title='bbox 1945 1710 2351 1790; x_wconf 80' lang='lat' dir='ltr'>quaestus</span> <span class='ocrx_word' id='word_1_101' title='bbox 2400 1704 2718 1769; x_wconf 85' lang='lat' dir='ltr'>dicuntur.</span> 
     </span>
     <span class='ocr_line' id='line_1_13' title="bbox 320 1809 2722 1897; baseline -0.001 -21"><span class='ocrx_word' id='word_1_102' title='bbox 320 1809 494 1876; x_wconf 68' lang='lat' dir='ltr'>13de</span> <span class='ocrx_word' id='word_1_103' title='bbox 557 1811 841 1897; x_wconf 79' lang='lat' dir='ltr'>Respicit</span> <span class='ocrx_word' id='word_1_104' title='bbox 901 1809 1274 1896; x_wconf 85' lang='lat' dir='ltr'>exemplum</span> <span class='ocrx_word' id='word_1_105' title='bbox 1338 1809 1599 1889; x_wconf 68' lang='lat' dir='ltr'>fleant„</span> <span class='ocrx_word' id='word_1_106' title='bbox 1662 1811 1832 1896; x_wconf 90' lang='lat' dir='ltr'>quod</span> <span class='ocrx_word' id='word_1_107' title='bbox 1894 1831 1931 1875; x_wconf 98' lang='lat' dir='ltr'>a</span> <span class='ocrx_word' id='word_1_108' title='bbox 1992 1810 2238 1876; x_wconf 88' lang='lat' dir='ltr'>Donato</span> <span class='ocrx_word' id='word_1_109' title='bbox 2299 1812 2574 1875; x_wconf 84' lang='lat' dir='ltr'>citatum</span> <span class='ocrx_word' id='word_1_110' title='bbox 2623 1816 2722 1876; x_wconf 82' lang='lat' dir='ltr'>est</span> 
     </span>
     <span class='ocr_line' id='line_1_14' title="bbox 316 1915 2573 2002; baseline -0.001 -20"><span class='ocrx_word' id='word_1_111' title='bbox 316 1922 399 1982; x_wconf 89' lang='lat' dir='ltr'>in</span> <span class='ocrx_word' id='word_1_112' title='bbox 445 1917 601 1998; x_wconf 90' lang='grc'>(1)).</span> <span class='ocrx_word' id='word_1_113' title='bbox 759 1916 923 1997; x_wconf 88' lang='grc'>8(2)</span> <span class='ocrx_word' id='word_1_114' title='bbox 968 1916 1049 1983; x_wconf 93' lang='grc' dir='ltr'>Ν.</span> <span class='ocrx_word' id='word_1_115' title='bbox 1098 1916 1218 1981; x_wconf 88' lang='lat' dir='ltr'>hoc</span> <span class='ocrx_word' id='word_1_116' title='bbox 1265 1916 1589 2002; x_wconf 81' lang='lat' dir='ltr'>significat</span> <span class='ocrx_word' id='word_1_117' title='bbox 1638 1916 1925 1993; x_wconf 82' lang='lat' dir='ltr'>„istum”</span> <span class='ocrx_word' id='word_1_118' title='bbox 1977 1916 2103 1997; x_wconf 88' lang='lat' dir='ltr'>(W.</span> <span class='ocrx_word' id='word_1_119' title='bbox 2131 1936 2184 1981; x_wconf 91' lang='lat' dir='ltr'>c.</span> <span class='ocrx_word' id='word_1_120' title='bbox 2236 1915 2417 2002; x_wconf 81' lang='lat' dir='ltr'>Mag.</span> <span class='ocrx_word' id='word_1_121' title='bbox 2467 1918 2573 1995; x_wconf 92' lang='lat' dir='ltr'>A).</span> 
     </span>
    </p>

    <p class='ocr_par' dir='ltr' id='par_1_7' title="bbox 319 2020 2716 2214">
     <span class='ocr_line' id='line_1_15' title="bbox 319 2020 2714 2108; baseline -0.002 -19"><span class='ocrx_word' id='word_1_122' title='bbox 319 2022 394 2089; x_wconf 86' lang='grc'>2.</span> <span class='ocrx_word' id='word_1_123' title='bbox 422 2022 509 2087; x_wconf 84' lang='grc'>40</span> <span class='ocrx_word' id='word_1_124' title='bbox 534 2022 631 2104; x_wconf 92' lang='grc'>(6)</span> <span class='ocrx_word' id='word_1_125' title='bbox 670 2024 747 2089; x_wconf 93' lang='grc' dir='ltr'>Ν.</span> <span class='ocrx_word' id='word_1_126' title='bbox 790 2027 983 2100; x_wconf 81' lang='lat' dir='ltr'>stat,·</span> <span class='ocrx_word' id='word_1_127' title='bbox 1023 2022 1417 2108; x_wconf 77' lang='lat' dir='ltr'>cui-ingredi</span> <span class='ocrx_word' id='word_1_128' title='bbox 1461 2022 1783 2088; x_wconf 84' lang='lat' dir='ltr'>nonlicet.</span> <span class='ocrx_word' id='word_1_129' title='bbox 1927 2022 1986 2087; x_wconf 80' lang='lat'>3.</span> <span class='ocrx_word' id='word_1_130' title='bbox 2017 2020 2101 2088; x_wconf 77' lang='lat'>37</span> <span class='ocrx_word' id='word_1_131' title='bbox 2151 2022 2266 2086; x_wconf 79' lang='lat' dir='ltr'>Est</span> <span class='ocrx_word' id='word_1_132' title='bbox 2293 2043 2345 2087; x_wconf 90' lang='lat' dir='ltr'>e.</span> <span class='ocrx_word' id='word_1_133' title='bbox 2378 2021 2714 2107; x_wconf 88' lang='lat' dir='ltr'>„quidni&#39;’,</span> 
     </span>
     <span class='ocr_line' id='line_1_16' title="bbox 321 2126 2716 2214; baseline -0.001 -20"><span class='ocrx_word' id='word_1_134' title='bbox 321 2135 443 2194; x_wconf 81' lang='lat' dir='ltr'>aut</span> <span class='ocrx_word' id='word_1_135' title='bbox 492 2129 688 2214; x_wconf 89' lang='lat' dir='ltr'>„quid</span> <span class='ocrx_word' id='word_1_136' title='bbox 736 2128 903 2193; x_wconf 88' lang='lat' dir='ltr'>nisi&#39;&#39;</span> <span class='ocrx_word' id='word_1_137' title='bbox 955 2134 1069 2192; x_wconf 88' lang='lat' dir='ltr'>aut</span> <span class='ocrx_word' id='word_1_138' title='bbox 1121 2149 1275 2205; x_wconf 84' lang='lat' dir='ltr'>„cur</span> <span class='ocrx_word' id='word_1_139' title='bbox 1320 2127 1510 2192; x_wconf 88' lang='lat' dir='ltr'>non”.</span> <span class='ocrx_word' id='word_1_140' title='bbox 1560 2127 1688 2209; x_wconf 89' lang='lat' dir='ltr'>(W.</span> <span class='ocrx_word' id='word_1_141' title='bbox 1732 2150 1809 2205; x_wconf 90' lang='lat' dir='ltr'>c.,</span> <span class='ocrx_word' id='word_1_142' title='bbox 1856 2130 1924 2191; x_wconf 90' lang='lat' dir='ltr'>in</span> <span class='ocrx_word' id='word_1_143' title='bbox 1973 2128 2184 2193; x_wconf 89' lang='lat' dir='ltr'>medio</span> <span class='ocrx_word' id='word_1_144' title='bbox 2221 2128 2464 2193; x_wconf 88' lang='lat' dir='ltr'>scholio</span> <span class='ocrx_word' id='word_1_145' title='bbox 2505 2126 2716 2206; x_wconf 88' lang='lat' dir='ltr'>Don.).</span> 
     </span>
    </p>

    <p class='ocr_par' dir='ltr' id='par_1_8' title="bbox 322 2233 2787 2640">
     <span class='ocr_line' id='line_1_17' title="bbox 418 2233 2787 2323; baseline 0 -25"><span class='ocrx_word' id='word_1_146' title='bbox 418 2233 511 2299; x_wconf 89' lang='grc' dir='ltr'>ΠΙ</span> <span class='ocrx_word' id='word_1_147' title='bbox 564 2236 619 2299; x_wconf 88' lang='grc'>1.</span> <span class='ocrx_word' id='word_1_148' title='bbox 652 2233 733 2299; x_wconf 90' lang='grc'>16</span> <span class='ocrx_word' id='word_1_149' title='bbox 760 2233 856 2315; x_wconf 87' lang='grc'>(3)</span> <span class='ocrx_word' id='word_1_150' title='bbox 906 2234 984 2298; x_wconf 95' lang='grc' dir='ltr'>Ν.</span> <span class='ocrx_word' id='word_1_151' title='bbox 1027 2256 1150 2319; x_wconf 84' lang='lat' dir='ltr'>pus</span> <span class='ocrx_word' id='word_1_152' title='bbox 1191 2240 1289 2299; x_wconf 85' lang='lat' dir='ltr'>est</span> <span class='ocrx_word' id='word_1_153' title='bbox 1327 2236 1535 2299; x_wconf 89' lang='lat' dir='ltr'>omnis</span> <span class='ocrx_word' id='word_1_154' title='bbox 1577 2233 1810 2299; x_wconf 90' lang='lat' dir='ltr'>humor</span> <span class='ocrx_word' id='word_1_155' title='bbox 1835 2237 2081 2320; x_wconf 84' lang='lat' dir='ltr'>corpori</span> <span class='ocrx_word' id='word_1_156' title='bbox 2106 2256 2425 2300; x_wconf 73' lang='lat' dir='ltr'>onerosuS.</span> <span class='ocrx_word' id='word_1_157' title='bbox 2454 2234 2580 2313; x_wconf 86' lang='lat' dir='ltr'>(W.</span> <span class='ocrx_word' id='word_1_158' title='bbox 2609 2240 2712 2315; x_wconf 89' lang='lat' dir='ltr'>c.).</span> <span class='ocrx_word' id='word_1_159' title='bbox 2777 2314 2787 2323; x_wconf 33' lang='lat'>¹</span> 
     </span>
     <span class='ocr_line' id='line_1_18' title="bbox 332 2339 2574 2421; baseline 0 -16"><span class='ocrx_word' id='word_1_160' title='bbox 332 2339 421 2405; x_wconf 85' lang='lat'>1‘7</span> <span class='ocrx_word' id='word_1_161' title='bbox 447 2341 541 2421; x_wconf 92' lang='grc'>(2)</span> <span class='ocrx_word' id='word_1_162' title='bbox 588 2342 668 2405; x_wconf 92' lang='grc' dir='ltr'>Ν.</span> <span class='ocrx_word' id='word_1_163' title='bbox 720 2363 844 2406; x_wconf 89' lang='lat' dir='ltr'>non</span> <span class='ocrx_word' id='word_1_164' title='bbox 891 2342 1179 2406; x_wconf 83' lang='lat' dir='ltr'>vocabat.</span> <span class='ocrx_word' id='word_1_165' title='bbox 1320 2340 1407 2405; x_wconf 88' lang='grc'>22</span> <span class='ocrx_word' id='word_1_166' title='bbox 1435 2340 1532 2420; x_wconf 92' lang='grc'>(2)</span> <span class='ocrx_word' id='word_1_167' title='bbox 1578 2342 1660 2405; x_wconf 96' lang='grc' dir='ltr'>Ν.</span> <span class='ocrx_word' id='word_1_168' title='bbox 1709 2361 1876 2405; x_wconf 88' lang='lat' dir='ltr'>unus</span> <span class='ocrx_word' id='word_1_169' title='bbox 1921 2362 2000 2405; x_wconf 87' lang='lat' dir='ltr'>ex</span> <span class='ocrx_word' id='word_1_170' title='bbox 2050 2340 2276 2406; x_wconf 85' lang='lat' dir='ltr'>multis</span> <span class='ocrx_word' id='word_1_171' title='bbox 2321 2342 2574 2407; x_wconf 83' lang='lat' dir='ltr'>dicitur.</span> 
     </span>
     <span class='ocr_line' id='line_1_19' title="bbox 324 2436 2709 2532; baseline 0 -20"><span class='ocrx_word' id='word_1_172' title='bbox 324 2446 415 2512; x_wconf 98' lang='grc'>26</span> <span class='ocrx_word' id='word_1_173' title='bbox 461 2446 788 2512; x_wconf 82' lang='lat' dir='ltr'>Sufficeret</span> <span class='ocrx_word' id='word_1_174' title='bbox 836 2468 887 2511; x_wconf 90' lang='lat' dir='ltr'>e.</span> <span class='ocrx_word' id='word_1_175' title='bbox 943 2445 1316 2531; x_wconf 87' lang='lat' dir='ltr'>‚,pulchre’&#39;,</span> <span class='ocrx_word' id='word_1_176' title='bbox 1360 2446 1525 2532; x_wconf 90' lang='lat' dir='ltr'>quod</span> <span class='ocrx_word' id='word_1_177' title='bbox 1566 2455 1662 2511; x_wconf 84' lang='lat' dir='ltr'>est</span> <span class='ocrx_word' id='word_1_178' title='bbox 1706 2436 2129 2531; x_wconf 85' lang='lat' dir='ltr'>„sapienter’&#39;.</span> <span class='ocrx_word' id='word_1_179' title='bbox 2173 2444 2408 2529; x_wconf 83' lang='lat' dir='ltr'><strong>(Ed.?).</strong></span> <span class='ocrx_word' id='word_1_180' title='bbox 2506 2447 2593 2512; x_wconf 85' lang='lat'>30</span> <span class='ocrx_word' id='word_1_181' title='bbox 2629 2446 2709 2512; x_wconf 96' lang='grc' dir='ltr'>Ν.</span> 
     </span>
     <span class='ocr_line' id='line_1_20' title="bbox 322 2552 2556 2640; baseline 0 -22"><span class='ocrx_word' id='word_1_182' title='bbox 322 2560 677 2639; x_wconf 80' lang='lat' dir='ltr'>tangere</span> <span class='ocrx_word' id='word_1_183' title='bbox 740 2574 889 2619; x_wconf 90' lang='lat' dir='ltr'>cum</span> <span class='ocrx_word' id='word_1_184' title='bbox 950 2552 1163 2618; x_wconf 86' lang='lat' dir='ltr'>multa</span> <span class='ocrx_word' id='word_1_185' title='bbox 1228 2558 1371 2618; x_wconf 87' lang='lat' dir='ltr'>tum</span> <span class='ocrx_word' id='word_1_186' title='bbox 1435 2556 1632 2618; x_wconf 86' lang='lat' dir='ltr'>etiam</span> <span class='ocrx_word' id='word_1_187' title='bbox 1693 2553 1812 2618; x_wconf 89' lang='lat' dir='ltr'>hoc</span> <span class='ocrx_word' id='word_1_188' title='bbox 1872 2553 2212 2640; x_wconf 84' lang='lat' dir='ltr'>significat.</span> <span class='ocrx_word' id='word_1_189' title='bbox 2276 2553 2403 2632; x_wconf 91' lang='lat' dir='ltr'>(W.</span> <span class='ocrx_word' id='word_1_190' title='bbox 2453 2569 2556 2632; x_wconf 92' lang='lat' dir='ltr'>c.).</span> 
     </span>
    </p>

    <p class='ocr_par' dir='ltr' id='par_1_9' title="bbox 319 2656 2800 2851">
     <span class='ocr_line' id='line_1_21' title="bbox 320 2656 2800 2746; baseline -0.001 -21"><span class='ocrx_word' id='word_1_191' title='bbox 320 2658 388 2725; x_wconf 91' lang='grc'>2.</span> <span class='ocrx_word' id='word_1_192' title='bbox 419 2656 456 2726; x_wconf 88' lang='grc'>’7</span> <span class='ocrx_word' id='word_1_193' title='bbox 483 2661 578 2740; x_wconf 92' lang='grc'>(1)</span> <span class='ocrx_word' id='word_1_194' title='bbox 626 2660 704 2726; x_wconf 94' lang='grc' dir='ltr'>Ν.</span> <span class='ocrx_word' id='word_1_195' title='bbox 762 2659 881 2725; x_wconf 86' lang='lat' dir='ltr'>hoc</span> <span class='ocrx_word' id='word_1_196' title='bbox 921 2658 1242 2746; x_wconf 85' lang='lat' dir='ltr'>significat</span> <span class='ocrx_word' id='word_1_197' title='bbox 1282 2659 1480 2744; x_wconf 88' lang='lat' dir='ltr'>„quid</span> <span class='ocrx_word' id='word_1_198' title='bbox 1520 2658 1716 2738; x_wconf 86' lang='lat' dir='ltr'>stas’&#39;,</span> <span class='ocrx_word' id='word_1_199' title='bbox 1759 2662 1940 2744; x_wconf 82' lang='lat' dir='ltr'>quasi</span> <span class='ocrx_word' id='word_1_200' title='bbox 1981 2659 2149 2725; x_wconf 84' lang='lat' dir='ltr'>dicat</span> <span class='ocrx_word' id='word_1_201' title='bbox 2190 2658 2386 2744; x_wconf 85' lang='lat' dir='ltr'>„quid</span> <span class='ocrx_word' id='word_1_202' title='bbox 2426 2656 2706 2724; x_wconf 80' lang='lat' dir='ltr'>restas?”</span> <span class='ocrx_word' id='word_1_203' title='bbox 2797 2741 2800 2744; x_wconf 7' lang='grc' dir='ltr'><strong><em>ἦ</em></strong></span> 
     </span>
     <span class='ocr_line' id='line_1_22' title="bbox 319 2764 1649 2851; baseline 0.001 -22"><span class='ocrx_word' id='word_1_204' title='bbox 319 2768 504 2850; x_wconf 83' lang='lat' dir='ltr'>quasi</span> <span class='ocrx_word' id='word_1_205' title='bbox 549 2769 636 2830; x_wconf 79' lang='lat' dir='ltr'>sit</span> <span class='ocrx_word' id='word_1_206' title='bbox 684 2785 873 2830; x_wconf 88' lang='lat' dir='ltr'>causa</span> <span class='ocrx_word' id='word_1_207' title='bbox 919 2764 1316 2851; x_wconf 88' lang='lat' dir='ltr'>properandi.</span> <span class='ocrx_word' id='word_1_208' title='bbox 1368 2765 1497 2846; x_wconf 87' lang='lat' dir='ltr'>(W.</span> <span class='ocrx_word' id='word_1_209' title='bbox 1545 2773 1649 2844; x_wconf 90' lang='lat' dir='ltr'>c.).</span> 
     </span>
    </p>

    <p class='ocr_par' dir='ltr' id='par_1_10' title="bbox 310 2869 2706 3488">
     <span class='ocr_line' id='line_1_23' title="bbox 413 2869 2706 2958; baseline 0 -22"><span class='ocrx_word' id='word_1_210' title='bbox 413 2870 499 2936; x_wconf 86' lang='lat' dir='ltr'>IV</span> <span class='ocrx_word' id='word_1_211' title='bbox 545 2871 602 2936; x_wconf 87' lang='lat'>1.</span> <span class='ocrx_word' id='word_1_212' title='bbox 630 2871 671 2936; x_wconf 88' lang='grc'>8</span> <span class='ocrx_word' id='word_1_213' title='bbox 698 2871 795 2954; x_wconf 91' lang='grc'>(2)</span> <span class='ocrx_word' id='word_1_214' title='bbox 838 2869 964 2956; x_wconf 81' lang='grc' dir='ltr'>(Ν.</span> <span class='ocrx_word' id='word_1_215' title='bbox 1006 2869 1120 2958; x_wconf 88' lang='lat' dir='ltr'>id&gt;</span> <span class='ocrx_word' id='word_1_216' title='bbox 1162 2874 1399 2936; x_wconf 84' lang='lat' dir='ltr'>mansit</span> <span class='ocrx_word' id='word_1_217' title='bbox 1422 2869 1762 2957; x_wconf 83' lang='lat' dir='ltr'>siguificat.</span> <span class='ocrx_word' id='word_1_218' title='bbox 1790 2869 1917 2949; x_wconf 87' lang='lat' dir='ltr'>(W.</span> <span class='ocrx_word' id='word_1_219' title='bbox 1944 2879 2044 2951; x_wconf 88' lang='lat' dir='ltr'>c.).</span> <span class='ocrx_word' id='word_1_220' title='bbox 2191 2869 2250 2935; x_wconf 87' lang='lat'>4.</span> <span class='ocrx_word' id='word_1_221' title='bbox 2282 2870 2367 2936; x_wconf 85' lang='lat'>38</span> <span class='ocrx_word' id='word_1_222' title='bbox 2395 2871 2706 2936; x_wconf 83' lang='lat' dir='ltr'>Eunucho</span> 
     </span>
     <span class='ocr_line' id='line_1_24' title="bbox 314 2975 2702 3065; baseline -0 -23"><span class='ocrx_word' id='word_1_223' title='bbox 314 2998 370 3042; x_wconf 91' lang='lat' dir='ltr'>e.</span> <span class='ocrx_word' id='word_1_224' title='bbox 422 2977 586 3041; x_wconf 80' lang='lat' dir='ltr'>dixit</span> <span class='ocrx_word' id='word_1_225' title='bbox 630 2977 942 3042; x_wconf 80' lang='lat' dir='ltr'>Phaedria</span> <span class='ocrx_word' id='word_1_226' title='bbox 992 2976 1121 3057; x_wconf 91' lang='lat' dir='ltr'>(W.</span> <span class='ocrx_word' id='word_1_227' title='bbox 1148 2983 1232 3051; x_wconf 90' lang='lat' dir='ltr'>c.)</span> <span class='ocrx_word' id='word_1_228' title='bbox 1377 2976 1438 3041; x_wconf 85' lang='lat'>5.</span> <span class='ocrx_word' id='word_1_229' title='bbox 1468 2977 1507 3042; x_wconf 90' lang='grc'><strong>6</strong></span> <span class='ocrx_word' id='word_1_230' title='bbox 1534 2977 1632 3057; x_wconf 86' lang='grc'>(3)</span> <span class='ocrx_word' id='word_1_231' title='bbox 1681 2977 1758 3042; x_wconf 94' lang='lat' dir='ltr'>N.</span> <span class='ocrx_word' id='word_1_232' title='bbox 1811 2979 1901 3042; x_wconf 91' lang='lat' dir='ltr'>sic</span> <span class='ocrx_word' id='word_1_233' title='bbox 1941 2975 2096 3042; x_wconf 88' lang='lat' dir='ltr'>alibi</span> <span class='ocrx_word' id='word_1_234' title='bbox 2141 2979 2234 3042; x_wconf 85' lang='lat' dir='ltr'>ait</span> <span class='ocrx_word' id='word_1_235' title='bbox 2275 2979 2433 3054; x_wconf 87' lang='lat' dir='ltr'>„ubi</span> <span class='ocrx_word' id='word_1_236' title='bbox 2471 2978 2702 3065; x_wconf 86' lang='lat' dir='ltr'>friget,</span> 
     </span>
     <span class='ocr_line' id='line_1_25' title="bbox 312 3081 2705 3163; baseline 0.001 -17"><span class='ocrx_word' id='word_1_237' title='bbox 312 3083 444 3147; x_wconf 85' lang='lat' dir='ltr'>huc</span> <span class='ocrx_word' id='word_1_238' title='bbox 506 3083 776 3149; x_wconf 84' lang='lat' dir='ltr'>evasit’&#39;.</span> <span class='ocrx_word' id='word_1_239' title='bbox 826 3082 953 3161; x_wconf 90' lang='lat' dir='ltr'>(W.</span> <span class='ocrx_word' id='word_1_240' title='bbox 995 3089 1097 3163; x_wconf 81' lang='lat' dir='ltr'>c.).</span> <span class='ocrx_word' id='word_1_241' title='bbox 1238 3081 1403 3162; x_wconf 87' lang='grc'>8(3)</span> <span class='ocrx_word' id='word_1_242' title='bbox 1452 3083 1532 3149; x_wconf 94' lang='grc' dir='ltr'>Ν.</span> <span class='ocrx_word' id='word_1_243' title='bbox 1583 3086 1674 3149; x_wconf 80' lang='lat' dir='ltr'>sic</span> <span class='ocrx_word' id='word_1_244' title='bbox 1723 3083 1997 3148; x_wconf 83' lang='lat' dir='ltr'>dicimus</span> <span class='ocrx_word' id='word_1_245' title='bbox 2047 3083 2123 3148; x_wconf 86' lang='lat' dir='ltr'>de</span> <span class='ocrx_word' id='word_1_246' title='bbox 2172 3083 2274 3148; x_wconf 91' lang='lat' dir='ltr'>die</span> <span class='ocrx_word' id='word_1_247' title='bbox 2325 3089 2388 3148; x_wconf 87' lang='lat' dir='ltr'>et</span> <span class='ocrx_word' id='word_1_248' title='bbox 2437 3083 2705 3149; x_wconf 91' lang='lat' dir='ltr'>diecu-</span> 
     </span>
     <span class='ocr_line' id='line_1_26' title="bbox 312 3187 2702 3275; baseline 0 -22"><span class='ocrx_word' id='word_1_249' title='bbox 312 3189 511 3266; x_wconf 90' lang='lat' dir='ltr'>lam,</span> <span class='ocrx_word' id='word_1_250' title='bbox 580 3187 1051 3275; x_wconf 82' lang='lat' dir='ltr'>aliquantulam</span> <span class='ocrx_word' id='word_1_251' title='bbox 1113 3189 1708 3270; x_wconf 34' lang='lat' dir='ltr'>moram.·&lt;W.c.).</span> <span class='ocrx_word' id='word_1_252' title='bbox 1851 3189 1910 3255; x_wconf 90' lang='lat'>6.</span> <span class='ocrx_word' id='word_1_253' title='bbox 1942 3187 2028 3253; x_wconf 88' lang='grc'>23</span> <span class='ocrx_word' id='word_1_254' title='bbox 2053 3188 2150 3269; x_wconf 87' lang='grc'>(3)</span> <span class='ocrx_word' id='word_1_255' title='bbox 2212 3189 2292 3255; x_wconf 93' lang='grc' dir='ltr'>Ν.</span> <span class='ocrx_word' id='word_1_256' title='bbox 2341 3210 2509 3255; x_wconf 91' lang='lat' dir='ltr'>nunc</span> <span class='ocrx_word' id='word_1_257' title='bbox 2558 3189 2702 3268; x_wconf 88' lang='lat' dir='ltr'>„ad-</span> 
     </span>
     <span class='ocr_line' id='line_1_27' title="bbox 310 3294 2704 3383; baseline 0.002 -24"><span class='ocrx_word' id='word_1_258' title='bbox 310 3295 617 3360; x_wconf 81' lang='lat' dir='ltr'>mittere”</span> <span class='ocrx_word' id='word_1_259' title='bbox 680 3298 859 3381; x_wconf 85' lang='lat' dir='ltr'>pati</span> <span class='ocrx_word' id='word_1_260' title='bbox 908 3295 1104 3360; x_wconf 86' lang='lat' dir='ltr'>fieri</span> <span class='ocrx_word' id='word_1_261' title='bbox 1164 3295 1505 3383; x_wconf 82' lang='lat' dir='ltr'>significat.</span> <span class='ocrx_word' id='word_1_262' title='bbox 1570 3295 1698 3376; x_wconf 90' lang='lat' dir='ltr'>(W.</span> <span class='ocrx_word' id='word_1_263' title='bbox 1749 3301 1851 3376; x_wconf 88' lang='lat' dir='ltr'>c.).</span> <span class='ocrx_word' id='word_1_264' title='bbox 1991 3294 2077 3360; x_wconf 89' lang='grc'>25</span> <span class='ocrx_word' id='word_1_265' title='bbox 2106 3296 2202 3376; x_wconf 92' lang='lat' dir='ltr'>(l)</span> <span class='ocrx_word' id='word_1_266' title='bbox 2249 3295 2327 3360; x_wconf 93' lang='lat' dir='ltr'>N.</span> <span class='ocrx_word' id='word_1_267' title='bbox 2379 3316 2560 3361; x_wconf 85' lang='lat' dir='ltr'>sera</span> <span class='ocrx_word' id='word_1_268' title='bbox 2607 3304 2704 3363; x_wconf 86' lang='lat' dir='ltr'>est</span> 
     </span>
     <span class='ocr_line' id='line_1_28' title="bbox 311 3398 2516 3488; baseline 0.001 -22"><span class='ocrx_word' id='word_1_269' title='bbox 311 3399 666 3466; x_wconf 87' lang='lat' dir='ltr'>claustrum</span> <span class='ocrx_word' id='word_1_270' title='bbox 714 3404 962 3466; x_wconf 83' lang='lat' dir='ltr'>ianuae.</span> <span class='ocrx_word' id='word_1_271' title='bbox 1112 3398 1171 3466; x_wconf 88' lang='grc'>’7.</span> <span class='ocrx_word' id='word_1_272' title='bbox 1202 3401 1287 3466; x_wconf 89' lang='grc'>19</span> <span class='ocrx_word' id='word_1_273' title='bbox 1314 3401 1409 3483; x_wconf 89' lang='grc'>(4)</span> <span class='ocrx_word' id='word_1_274' title='bbox 1457 3401 1599 3467; x_wconf 83' lang='grc' dir='ltr'>Ηοο</span> <span class='ocrx_word' id='word_1_275' title='bbox 1645 3407 1742 3466; x_wconf 84' lang='lat' dir='ltr'>est</span> <span class='ocrx_word' id='word_1_276' title='bbox 1787 3423 1840 3466; x_wconf 91' lang='lat' dir='ltr'>e.</span> <span class='ocrx_word' id='word_1_277' title='bbox 1892 3404 2104 3488; x_wconf 78' lang='lat' dir='ltr'>magis</span> <span class='ocrx_word' id='word_1_278' title='bbox 2148 3402 2516 3468; x_wconf 84' lang='lat' dir='ltr'>ridiculum.</span> 
     </span>
    </p>

    <p class='ocr_par' dir='ltr' id='par_1_11' title="bbox 304 3507 2808 4443">
     <span class='ocr_line' id='line_1_29' title="bbox 408 3507 2697 3594; baseline 0.001 -22"><span class='ocrx_word' id='word_1_279' title='bbox 408 3507 460 3572; x_wconf 93' lang='lat' dir='ltr'><strong>V</strong></span> <span class='ocrx_word' id='word_1_280' title='bbox 512 3507 573 3572; x_wconf 89' lang='grc'>2.</span> <span class='ocrx_word' id='word_1_281' title='bbox 603 3507 685 3573; x_wconf 91' lang='grc'>69</span> <span class='ocrx_word' id='word_1_282' title='bbox 710 3507 808 3589; x_wconf 87' lang='grc'>(3)</span> <span class='ocrx_word' id='word_1_283' title='bbox 858 3507 936 3572; x_wconf 95' lang='grc' dir='ltr'>Ν.</span> <span class='ocrx_word' id='word_1_284' title='bbox 987 3508 1190 3572; x_wconf 88' lang='lat' dir='ltr'>ironia</span> <span class='ocrx_word' id='word_1_285' title='bbox 1236 3514 1369 3584; x_wconf 85' lang='lat' dir='ltr'>est,</span> <span class='ocrx_word' id='word_1_286' title='bbox 1420 3514 1495 3572; x_wconf 87' lang='lat' dir='ltr'>ut</span> <span class='ocrx_word' id='word_1_287' title='bbox 1545 3511 1922 3594; x_wconf 82' lang='lat' dir='ltr'>„egregiam</span> <span class='ocrx_word' id='word_1_288' title='bbox 1968 3529 2118 3575; x_wconf 86' lang='lat' dir='ltr'>vero</span> <span class='ocrx_word' id='word_1_289' title='bbox 2165 3507 2467 3574; x_wconf 87' lang='lat' dir='ltr'>laudem&#39;&#39;</span> <span class='ocrx_word' id='word_1_290' title='bbox 2515 3511 2697 3592; x_wconf 91' lang='lat' dir='ltr'>(Aen.</span> 
     </span>
     <span class='ocr_line' id='line_1_30' title="bbox 313 3611 2702 3701; baseline 0.001 -23"><span class='ocrx_word' id='word_1_291' title='bbox 313 3611 403 3678; x_wconf 91' lang='lat' dir='ltr'>IV</span> <span class='ocrx_word' id='word_1_292' title='bbox 452 3612 584 3694; x_wconf 85' lang='lat'><strong>93).</strong></span> <span class='ocrx_word' id='word_1_293' title='bbox 634 3614 737 3694; x_wconf 88' lang='lat' dir='ltr'>(cf.</span> <span class='ocrx_word' id='word_1_294' title='bbox 786 3611 884 3693; x_wconf 82' lang='lat'>(2)</span> <span class='ocrx_word' id='word_1_295' title='bbox 932 3621 996 3678; x_wconf 82' lang='lat' dir='ltr'>et</span> <span class='ocrx_word' id='word_1_296' title='bbox 1046 3613 1203 3678; x_wconf 88' lang='lat' dir='ltr'>Don.</span> <span class='ocrx_word' id='word_1_297' title='bbox 1254 3613 1333 3678; x_wconf 88' lang='lat' dir='ltr'>ad</span> <span class='ocrx_word' id='word_1_298' title='bbox 1381 3613 1514 3693; x_wconf 84' lang='lat'><strong>55).</strong></span> <span class='ocrx_word' id='word_1_299' title='bbox 1673 3613 1732 3678; x_wconf 90' lang='lat'>4.</span> <span class='ocrx_word' id='word_1_300' title='bbox 1768 3614 1849 3679; x_wconf 91' lang='grc'>12</span> <span class='ocrx_word' id='word_1_301' title='bbox 1875 3613 1972 3696; x_wconf 90' lang='grc'>(3)</span> <span class='ocrx_word' id='word_1_302' title='bbox 2021 3614 2098 3679; x_wconf 93' lang='grc' dir='ltr'>Ν.</span> <span class='ocrx_word' id='word_1_303' title='bbox 2140 3637 2255 3681; x_wconf 90' lang='lat' dir='ltr'>nec</span> <span class='ocrx_word' id='word_1_304' title='bbox 2302 3619 2518 3682; x_wconf 91' lang='lat' dir='ltr'>omnia</span> <span class='ocrx_word' id='word_1_305' title='bbox 2564 3637 2702 3701; x_wconf 87' lang='lat' dir='ltr'>pro-</span> 
     </span>
     <span class='ocr_line' id='line_1_31' title="bbox 312 3720 2808 3808; baseline 0.001 -24"><span class='ocrx_word' id='word_1_306' title='bbox 312 3720 437 3785; x_wconf 84' lang='lat' dir='ltr'>fert</span> <span class='ocrx_word' id='word_1_307' title='bbox 496 3741 610 3786; x_wconf 91' lang='lat' dir='ltr'>nec</span> <span class='ocrx_word' id='word_1_308' title='bbox 672 3723 888 3786; x_wconf 88' lang='lat' dir='ltr'>omnia</span> <span class='ocrx_word' id='word_1_309' title='bbox 947 3740 1061 3806; x_wconf 94' lang='lat' dir='ltr'>per</span> <span class='ocrx_word' id='word_1_310' title='bbox 1120 3722 1636 3806; x_wconf 82' lang='lat' dir='ltr'>comparativum</span> <span class='ocrx_word' id='word_1_311' title='bbox 1683 3721 1980 3808; x_wconf 81' lang='lat' dir='ltr'>gradum.</span> <span class='ocrx_word' id='word_1_312' title='bbox 2125 3721 2211 3786; x_wconf 88' lang='lat'>30</span> <span class='ocrx_word' id='word_1_313' title='bbox 2237 3721 2437 3803; x_wconf 88' lang='grc' dir='ltr'>(2)Ν.</span> <span class='ocrx_word' id='word_1_314' title='bbox 2485 3724 2697 3806; x_wconf 88' lang='lat' dir='ltr'>primo</span> <span class='ocrx_word' id='word_1_315' title='bbox 2793 3751 2808 3762; x_wconf 88' lang='lat'><strong>·</strong></span> 
     </span>
     <span class='ocr_line' id='line_1_32' title="bbox 314 3825 2697 3913; baseline 0 -21"><span class='ocrx_word' id='word_1_316' title='bbox 314 3827 725 3913; x_wconf 79' lang='lat' dir='ltr'>„virginem”</span> <span class='ocrx_word' id='word_1_317' title='bbox 766 3829 1001 3912; x_wconf 85' lang='lat' dir='ltr'>posuit,</span> <span class='ocrx_word' id='word_1_318' title='bbox 1041 3833 1187 3911; x_wconf 86' lang='lat' dir='ltr'>post</span> <span class='ocrx_word' id='word_1_319' title='bbox 1228 3827 1546 3904; x_wconf 87' lang='lat' dir='ltr'>„civem&#39;’,</span> <span class='ocrx_word' id='word_1_320' title='bbox 1589 3827 1668 3892; x_wconf 89' lang='lat' dir='ltr'>ad</span> <span class='ocrx_word' id='word_1_321' title='bbox 1709 3826 2016 3891; x_wconf 88' lang='lat' dir='ltr'>ultimum</span> <span class='ocrx_word' id='word_1_322' title='bbox 2046 3825 2324 3904; x_wconf 86' lang='lat' dir='ltr'>„nobilis</span> <span class='ocrx_word' id='word_1_323' title='bbox 2347 3827 2697 3893; x_wconf 87' lang='lat' dir='ltr'>sororem’&#39;.</span> 
     </span>
     <span class='ocr_line' id='line_1_33' title="bbox 309 3929 2696 4016; baseline 0.001 -20"><span class='ocrx_word' id='word_1_324' title='bbox 309 3929 551 4014; x_wconf 64' lang='lat' dir='ltr'><strong>(EM).</strong></span> <span class='ocrx_word' id='word_1_325' title='bbox 693 3933 755 3997; x_wconf 82' lang='lat'>5.</span> <span class='ocrx_word' id='word_1_326' title='bbox 790 3933 819 3996; x_wconf 92' lang='lat' dir='ltr'>l</span> <span class='ocrx_word' id='word_1_327' title='bbox 849 3930 945 4013; x_wconf 91' lang='grc'>(2)</span> <span class='ocrx_word' id='word_1_328' title='bbox 982 3931 1323 4016; x_wconf 83' lang='lat' dir='ltr'>Imparatis</span> <span class='ocrx_word' id='word_1_329' title='bbox 1364 3953 1415 3996; x_wconf 93' lang='lat' dir='ltr'>e.</span> <span class='ocrx_word' id='word_1_330' title='bbox 1458 3936 1784 3998; x_wconf 86' lang='lat' dir='ltr'>mentibus</span> <span class='ocrx_word' id='word_1_331' title='bbox 1821 3931 1993 3997; x_wconf 88' lang='lat' dir='ltr'>mala</span> <span class='ocrx_word' id='word_1_332' title='bbox 2030 3934 2272 3997; x_wconf 88' lang='lat' dir='ltr'>maiora</span> <span class='ocrx_word' id='word_1_333' title='bbox 2306 3938 2476 3997; x_wconf 81' lang='lat' dir='ltr'>sunt.</span> <span class='ocrx_word' id='word_1_334' title='bbox 2505 3933 2696 4014; x_wconf 67' lang='lat' dir='ltr'>(m).</span> 
     </span>
     <span class='ocr_line' id='line_1_34' title="bbox 310 4038 2695 4120; baseline -0.001 -15"><span class='ocrx_word' id='word_1_335' title='bbox 310 4038 400 4105; x_wconf 89' lang='grc'>28</span> <span class='ocrx_word' id='word_1_336' title='bbox 426 4041 523 4120; x_wconf 93' lang='lat' dir='ltr'>(l)</span> <span class='ocrx_word' id='word_1_337' title='bbox 561 4039 640 4104; x_wconf 92' lang='lat' dir='ltr'>N.</span> <span class='ocrx_word' id='word_1_338' title='bbox 686 4038 1065 4116; x_wconf 82' lang='lat' dir='ltr'>„necessus”</span> <span class='ocrx_word' id='word_1_339' title='bbox 1105 4044 1171 4102; x_wconf 85' lang='lat' dir='ltr'>et</span> <span class='ocrx_word' id='word_1_340' title='bbox 1213 4040 1571 4115; x_wconf 86' lang='lat' dir='ltr'>„necessis”</span> <span class='ocrx_word' id='word_1_341' title='bbox 1615 4047 1682 4103; x_wconf 82' lang='lat' dir='ltr'>et</span> <span class='ocrx_word' id='word_1_342' title='bbox 1723 4038 2148 4114; x_wconf 85' lang='lat' dir='ltr'>„necessitas”</span> <span class='ocrx_word' id='word_1_343' title='bbox 2188 4045 2251 4102; x_wconf 88' lang='lat' dir='ltr'>et</span> <span class='ocrx_word' id='word_1_344' title='bbox 2280 4039 2695 4116; x_wconf 83' lang='lat' dir='ltr'>„necessum”</span> 
     </span>
     <span class='ocr_line' id='line_1_35' title="bbox 304 4142 2693 4224; baseline 0 -15"><span class='ocrx_word' id='word_1_345' title='bbox 304 4145 549 4210; x_wconf 81' lang='lat' dir='ltr'>lectum</span> <span class='ocrx_word' id='word_1_346' title='bbox 598 4152 712 4209; x_wconf 82' lang='lat' dir='ltr'>est.</span> <span class='ocrx_word' id='word_1_347' title='bbox 761 4143 887 4224; x_wconf 91' lang='lat' dir='ltr'>(W.</span> <span class='ocrx_word' id='word_1_348' title='bbox 926 4150 1029 4224; x_wconf 89' lang='lat' dir='ltr'>c.).</span> <span class='ocrx_word' id='word_1_349' title='bbox 1174 4143 1235 4208; x_wconf 85' lang='lat'>8.</span> <span class='ocrx_word' id='word_1_350' title='bbox 1266 4143 1353 4207; x_wconf 89' lang='grc'>24</span> <span class='ocrx_word' id='word_1_351' title='bbox 1378 4143 1476 4223; x_wconf 91' lang='lat' dir='ltr'>(l)</span> <span class='ocrx_word' id='word_1_352' title='bbox 1522 4144 1602 4209; x_wconf 94' lang='lat' dir='ltr'>N.</span> <span class='ocrx_word' id='word_1_353' title='bbox 1651 4149 1718 4209; x_wconf 89' lang='lat' dir='ltr'>et</span> <span class='ocrx_word' id='word_1_354' title='bbox 1769 4143 2114 4222; x_wconf 84' lang='lat' dir='ltr'>„obsecro”</span> <span class='ocrx_word' id='word_1_355' title='bbox 2167 4151 2231 4209; x_wconf 93' lang='lat' dir='ltr'>et</span> <span class='ocrx_word' id='word_1_356' title='bbox 2279 4142 2577 4210; x_wconf 82' lang='lat' dir='ltr'>Gnatho&#39;’</span> <span class='ocrx_word' id='word_1_357' title='bbox 2627 4145 2693 4210; x_wconf 90' lang='lat' dir='ltr'>id</span> 
     </span>
     <span class='ocr_line' id='line_1_36' title="bbox 306 4237 2696 4337; baseline 0.001 -23"><span class='ocrx_word' id='word_1_358' title='bbox 306 4249 629 4337; x_wconf 84' lang='lat' dir='ltr'>siguificat</span> <span class='ocrx_word' id='word_1_359' title='bbox 670 4255 735 4315; x_wconf 82' lang='lat' dir='ltr'>et</span> <span class='ocrx_word' id='word_1_360' title='bbox 784 4253 891 4326; x_wconf 85' lang='lat' dir='ltr'>„in</span> <span class='ocrx_word' id='word_1_361' title='bbox 944 4255 1005 4314; x_wconf 83' lang='lat' dir='ltr'>te</span> <span class='ocrx_word' id='word_1_362' title='bbox 1052 4269 1194 4335; x_wconf 83' lang='lat' dir='ltr'>spes</span> <span class='ocrx_word' id='word_1_363' title='bbox 1241 4249 1402 4314; x_wconf 88' lang='lat' dir='ltr'>est&#39;&#39;.</span> <span class='ocrx_word' id='word_1_364' title='bbox 1452 4237 1577 4328; x_wconf 86' lang='lat' dir='ltr'>(W.</span> <span class='ocrx_word' id='word_1_365' title='bbox 1606 4254 1708 4329; x_wconf 91' lang='lat' dir='ltr'>c.).</span> <span class='ocrx_word' id='word_1_366' title='bbox 1872 4248 2085 4334; x_wconf 83' lang='lat'>29·(1)</span> <span class='ocrx_word' id='word_1_367' title='bbox 2137 4248 2295 4328; x_wconf 90' lang='lat' dir='ltr'>„In”</span> <span class='ocrx_word' id='word_1_368' title='bbox 2345 4253 2582 4316; x_wconf 87' lang='lat' dir='ltr'>etenim</span> <span class='ocrx_word' id='word_1_369' title='bbox 2632 4260 2696 4317; x_wconf 82' lang='lat' dir='ltr'>et</span> 
     </span>
     <span class='ocr_line' id='line_1_37' title="bbox 306 4354 1988 4443; baseline -0.001 -21"><span class='ocrx_word' id='word_1_370' title='bbox 306 4360 507 4443; x_wconf 81' lang='lat' dir='ltr'>auget</span> <span class='ocrx_word' id='word_1_371' title='bbox 552 4363 617 4423; x_wconf 87' lang='lat' dir='ltr'>et</span> <span class='ocrx_word' id='word_1_372' title='bbox 662 4358 902 4423; x_wconf 88' lang='lat' dir='ltr'>minuit</span> <span class='ocrx_word' id='word_1_373' title='bbox 948 4357 1313 4426; x_wconf 85' lang='lat' dir='ltr'>dictionem.</span> <span class='ocrx_word' id='word_1_374' title='bbox 1364 4356 1467 4436; x_wconf 85' lang='lat' dir='ltr'>(cf.</span> <span class='ocrx_word' id='word_1_375' title='bbox 1519 4354 1580 4423; x_wconf 94' lang='lat' dir='ltr'>II</span> <span class='ocrx_word' id='word_1_376' title='bbox 1630 4355 1692 4420; x_wconf 91' lang='lat'>3.</span> <span class='ocrx_word' id='word_1_377' title='bbox 1722 4355 1805 4419; x_wconf 83' lang='lat'>45</span> <span class='ocrx_word' id='word_1_378' title='bbox 1832 4355 1988 4439; x_wconf 91' lang='lat'><strong>(3)).</strong></span> 
     </span>
    </p>
   </div>
  </div>
 </body>
</html>
