3246 5085
1431 908 1926 999 ADDITAM
1941 908 2214 999 ENTA

1772 1086 1861 1133 An

992 1227 1365 1317 COBETI
1426 1227 1864 1319 OPERUM
1921 1228 2642 1319 CONSPECTUM.

1696 1436 1946 1477 sompsn·

1534 1588 1599 1654 S.
1652 1589 1727 1654 A.
1775 1588 2087 1655 NABER.

1226 1728 1367 1813 (Cf.
1422 1727 1705 1794 Mnemon.
1759 1726 1933 1792 1906
1969 1750 2041 1811 p.
2093 1725 2225 1793 430
2248 1733 2402 1813 sqq.)

1617 1952 2018 1990 -οοοοο-ωοο-

713 2145 1099 2211 Admonitus
1160 2145 1531 2229 praesertim
1582 2142 1661 2208 ab
1709 2143 2119 2208 amicissimis
2166 2143 2323 2207 viris
2343 2190 2358 2219 ,
2410 2140 2766 2208 clarissimo
2816 2141 3021 2207 Hart-

623 2274 857 2319 manno
918 2259 984 2318 et
1044 2250 1417 2316 doctissimo
1460 2248 1727 2316 Scatone
1775 2250 1852 2315 de
1901 2250 2097 2329 Vries,
2147 2252 2246 2314 uti
2292 2255 2358 2315 et
2403 2250 2482 2315 ab
2529 2249 3020 2315 consultissimo

622 2361 766 2424 viro
805 2359 880 2423 A.
925 2377 1049 2422 van
1092 2356 1376 2423 Wessem
1427 2355 1676 2436 Titano,
1717 2358 2003 2441 primum
2045 2357 2431 2421 enumerabo
2474 2376 2635 2441 quae
2681 2358 3018 2441 superiore

623 2484 785 2529 anno
830 2484 935 2528 me
982 2462 1323 2549 fugerunt:

713 2647 1154 2733 Protrepticus
1217 2645 1295 2711 ad
1356 2644 1587 2710 Studia
1636 2646 2084 2711 Humanitatis
2132 2667 2257 2732 quo
2303 2643 2606 2712 lectiones
2651 2644 2728 2710 de
2771 2644 3016 2712 litteris

622 2751 887 2820 Graecis
934 2761 999 2820 et
1045 2752 1122 2819 de
1168 2752 1686 2838 Antiquitatibus
1730 2751 2035 2817 Romanis
2081 2771 2138 2817 a.
2190 2751 2498 2817 1854—5
2549 2751 2868 2817 habendas
2907 2751 3017 2817 die

628 2858 710 2924 19
759 2881 847 2925 m.
896 2858 1073 2943 Sept.
1121 2861 1489 2943 auspicatus
1533 2863 1634 2922 est
1681 2855 1755 2923 O.
1804 2854 1886 2923 G.
1935 2854 2005 2923 G.

713 3086 787 3153 In
826 3088 1231 3152 'Memoriam
1293 3085 1431 3150 Iani
1487 3083 1568 3152 G.
1620 3084 1975 3151 Hulleman
2034 3084 2339 3153 allocutio
2400 3086 2480 3152 ad
2535 3085 3010 3154 commilitones

622 3214 814 3279 quam
863 3192 924 3258 d.
975 3193 1016 3257 4
1063 3214 1151 3258 m.
1204 3192 1375 3257 Iunii
1425 3191 1599 3258 1862
1648 3192 1878 3258 habuit.
1923 3191 1994 3260 G.
2044 3191 2125 3260 G.
2174 3193 2246 3261 G.

713 3423 930 3503 Quum
994 3423 1236 3488 Bakius
1299 3423 1376 3489 de
1440 3423 1742 3490 cathedra
1801 3422 2132 3488 decederet
2193 3417 2251 3489 d‘.
2314 3421 2401 3488 25
2449 3446 2540 3489 m.
2587 3424 2752 3490 Maii
2803 3423 3004 3504 1857,

623 3530 856 3614 quibus
904 3529 1117 3597 verbis
1163 3551 1315 3594 eum
1363 3527 1682 3595 allocutus
1727 3534 1826 3594 est
1871 3526 1942 3595 C.
1994 3525 2074 3594 G.
2125 3526 2196 3595 C.

712 3757 957 3824 Advies
1018 3777 1145 3822 van
1207 3756 1327 3823 den
1391 3757 1542 3823 heer
1605 3757 1677 3825 O.
1730 3754 1811 3824 G.
1863 3757 1935 3825 C.
2001 3778 2155 3824 over
2212 3758 2326 3823 het
2370 3756 2627 3845 verslag
2675 3759 2789 3824 der
2833 3781 3008 3826 com-

621 3868 844 3932 missie
911 3885 1165 3952 wegens
1231 3864 1343 3930 het
1406 3864 1563 3930 door
1620 3865 1772 3930 hem
1830 3863 2213 3951 ingediende
2276 3864 2552 3931 voorstel
2611 3871 2867 3952 (nempe
2929 3867 3008 3931 de

621 3972 1010 4059 profectibus
1073 3992 1290 4037 eorum
1358 3974 1469 4056 qui
1531 3971 1939 4037 Academicas
1999 3971 2306 4036 lectiones
2353 3971 2528 4037 obire
2571 3974 2842 4058 cupiunt
2887 3994 3008 4058 pu·

625 4078 789 4144 blica
835 4080 1218 4144 auctoritate
1264 4076 1713 4163 explorandis).

894 4183 1017 4264 (Cf.
1077 4184 1136 4248 V
1128 4184 1401 4266 erslayen
1447 4207 1519 4247 en
1568 4184 2059 4264 Mededeelinyen
2105 4185 2213 4247 der
2261 4183 2652 4269 Koninklh'ke
2687 4186 3012 4250 Academie

984 4311 1103 4353 van
1154 4289 1658 4372 Wetmchappen
1709 4289 1881 4355 1855
1932 4311 1992 4375 p.
2043 4287 2419 4355 134-152,
2469 4288 2612 4354 Vid.
2661 4291 2804 4355 Vier
2842 4291 3010 4378 1⁸do-

976 4404 1265 4481 qenooten
1309 4417 1372 4482 p.
1420 4395 1597 4478 342).
