3246 5085
980 343 1205 392 comm
1252 344 1509 393 omnum
1553 342 1969 392 οοΝεΡιιοτυε.
2517 324 2647 390 441

355 508 541 576 Twee
609 509 870 575 brieven
941 528 1059 574 aan
1130 508 1243 575 Dr.
1308 509 1381 574 R.
1449 508 1520 577 O.
1587 509 1960 575 Bakhuizen
2030 529 2156 575 van
2228 508 2346 574 den
2416 508 2618 573 Brink
2637 557 2653 586 ,

267 616 443 701 Sept.
499 614 671 681 1845
722 636 800 681 en
846 614 984 681 Juli
1035 614 1231 683 1847.

536 720 669 803 (Zie
734 722 1224 808 Briqfwioselinq
1280 723 1638 788 Bakkuizen
1696 745 1812 787 van
1859 724 1976 786 den
2021 720 2224 786 Brinlc
2241 772 2258 801 ,
2311 721 2613 788 Haarlem
2633 772 2651 800 ,

633 826 829 905 1906,
880 850 942 914 p.
998 827 1127 893 189
1176 834 1242 894 et
1291 826 1471 911 250).

350 1074 423 1139 In
486 1074 875 1140 Memoriam
922 1077 1155 1160 optimi
1201 1078 1328 1141 viri
1374 1074 1638 1143 Gharles
1688 1074 1932 1143 Graux.
1957 1076 2077 1141 ·De
2122 1075 2280 1141 locis
2325 1074 2649 1141 nonnullis

258 1180 431 1265 apud
477 1179 883 1273 Herodotum
930 1185 1245 1267 corruptis
1290 1189 1357 1247 et
1400 1182 1822 1268 interpolatis.

537 1284 661 1368 (Of.
710 1284 1027 1371 Meflanqes
1080 1288 1289 1352 Graux
1337 1288 1558 1366 1882).

352 1515 665 1601 Pleraque
710 1518 927 1581 omnia
973 1537 1135 1601 quae
1180 1517 1424 1583 Mnem.
1474 1516 1568 1584 l.l.
1618 1540 1682 1603 p.
1724 1516 1857 1583 443
1899 1518 2268 1582 doctissimo
2307 1518 2446 1582 viro
2490 1539 2550 1582 v.
2585 1515 2647 1581 d.

261 1622 423 1709 Mey
469 1622 706 1704 tribui,
755 1642 829 1687 ea
874 1622 1193 1688 reddenda
1247 1630 1435 1689 erunt
1479 1622 1739 1690 Scatoni
1783 1622 1860 1688 de
1906 1622 2106 1688 Vries.

354 1991 478 2057 His
546 1989 911 2067 adnectam,
985 2011 1063 2055 ne
1133 1988 1287 2075 quid
1355 1988 1554 2067 desit,
1627 2010 1847 2055 omnes
1915 1990 2348 2076 autographas
2418 1987 2650 2056 Cobeti

262 2097 527 2163 schedas
546 2146 562 2176 ,
628 2116 805 2182 quas.
845 2095 1037 2161 habet
1083 2094 1485 2161 Bibliotheca
1534 2095 1804 2161 Publica
1851 2094 2195 2162 LeidensiS.
2245 2094 2518 2159 Initium
2563 2094 2652 2159 fa-

262 2207 431 2269 ciam
474 2203 551 2269 ab
598 2201 1054 2268 collationibus
1100 2207 1168 2267 et
1214 2201 1734 2267 adnotationibus
1781 2222 1860 2267 ex
1908 2200 2117 2268 Variis
2163 2199 2504 2268 Codicibus
2551 2222 2653 2265 ex-

260 2312 513 2395 cerptis.
563 2308 729 2373 Sunt
776 2307 1037 2375 Codices
1084 2328 1243 2393 quos
1290 2306 1648 2374 consuluit:

408 2414 462 2481 l.
515 2412 787 2479 Achillis
834 2412 1005 2480 Tatii
1050 2413 1246 2480 codex
1268 2416 1664 2496 ,Marcianus
1713 2414 1867 2480 409.
1918 2413 2006 2479 20
2053 2435 2201 2501 pag.
2252 2414 2346 2479 8⁰.

402 2521 466 2587 2.
516 2520 852 2588 Aeschinis
899 2520 1033 2587 cod.
1083 2520 1287 2587 Paris.
1337 2519 1599 2590 Goislin.
1653 2520 1786 2588 249
1832 2520 2019 2603 (olim
2068 2520 2247 2603 221).
2296 2520 2654 2607 Supersunt

512 2631 802 2714 integrae
850 2625 1207 2693 collationis
1257 2628 1553 2706 frustula,
1602 2627 1690 2694 23
1736 2651 1884 2715 pag.
1936 2627 2029 2694 8⁰.

402 2733 463 2800 3.
513 2735 896 2800 Aeschinem
943 2732 1374 2814 (Scholiorum
1418 2737 1513 2816 in)
1560 2734 1700 2800 cod.
1752 2733 1954 2799 Vatic.
2007 2733 2112 2798 64.
2165 2733 2204 2797 6
2250 2755 2399 2819 pag.
2451 2732 2542 2798 8⁰.

400 2844 463 2906 4.
517 2840 820 2924 Aeschyli
865 2838 1061 2905 codex
1108 2839 1341 2905 Medic.
1394 2839 1669 2904 XXXII.
1719 2839 1780 2904 9.
1831 2839 1916 2902 44
1967 2839 2077 2904 fol.
2125 2836 2216 2905 8⁰.

402 2948 463 3014 5.
514 2946 862 3012 Alexandri
908 2945 984 3011 de
1032 2945 1261 3031 figuris
1305 2946 1443 3012 cod.
1492 2944 1694 3012 Vatic.
1747 2945 1943 3011 1405.
1999 2945 2028 3010 1
2084 2969 2147 3033 p.
2197 2943 2290 3012 8⁰.
2343 3021 2350 3029 ,

404 3053 465 3120 6.
516 3052 933 3139 Apollonium
974 3051 1296 3118 Rhodium
1337 3047 1772 3133 (Scholiorum
1809 3054 1906 3133 in)
1937 3052 2071 3118 cod.
2099 3053 2466 3118 Marcianus
2492 3052 2646 3118 480.

515 3158 556 3223 2
606 3179 753 3246 pag.
803 3157 895 3223 8⁰.

401 3265 464 3334 7.
513 3266 697 3330 Arati
746 3284 797 3328 c.
849 3261 1048 3329 schol.
1101 3263 1233 3328 cod.
1284 3263 1485 3328 Marc.
1537 3261 1690 3329 476.
1741 3265 1822 3330 21
1875 3285 2022 3351 pag.
2073 3263 2167 3331 8⁰.

401 3373 465 3438 8.
516 3370 960 3456 Aristophanis
998 3392 1051 3436 c.
1094 3369 1289 3435 schol.
1330 3369 1509 3436 codd.
1550 3372 1752 3436 Marc.
1780 3368 1914 3436 474
1939 3377 2005 3436 et
2028 3369 2180 3438 475.
2226 3370 2357 3436 354
2383 3392 2530 3458 pag.
2557 3370 2651 3437 8⁰.

403 3478 464 3543 9.
512 3476 959 3562 Aristophanis
1006 3476 1143 3542 cod.
1194 3475 1525 3542 Ravennas
1574 3476 2080 3562 (Pax-Equites).
2130 3478 2172 3543 8
2219 3499 2366 3564 pag.
2417 3477 2508 3543 8⁰.

362 3585 464 3650 10.
512 3581 882 3649 Aristotelis
942 3582 1358 3660 Praedicam„
1422 3582 1800 3660 Periherm„
1867 3583 2133 3670 Analyt.
2200 3605 2253 3649 c.
2319 3583 2527 3650 Schol.
2590 3590 2653 3649 et

512 3687 663 3753 Vita
707 3686 1075 3753 Aristotelis
1121 3687 1255 3753 cod.
1307 3689 1599 3754 Ambros.
1650 3689 1705 3754 E
1757 3688 1864 3754 93.
1915 3689 1954 3752 4
2002 3709 2196 3774 pagg.
2237 3679 2338 3754 ⁰4⁰.

359 3797 463 3862 11.
513 3795 825 3861 Athenaei
872 3793 1007 3860 cod.
1056 3794 1445 3860 Marcianus.

601 3925 659 3966 a.
711 3901 941 3966 Athen.
983 3921 1045 3985 p.
1078 3899 1500 3966 174-1566,
1543 3899 1831 3966 Varietas
1855 3899 2002 3966 lect.
2035 3900 2164 3965 130
2188 3922 2336 3988 pag.
2367 3901 2441 3967 8⁰
2464 3909 2528 3969 et
2553 3902 2646 3968 4⁰.

604 4009 657 4072 b.
714 4008 947 4072 Athen.
989 4029 1050 4092 p.
1099 4005 1475 4086 188-620,
1521 4005 1900 4073 722-882.
1942 4005 2090 4073 Var.
2131 4006 2278 4074 lect.
2322 4008 2449 4074 201
2494 4030 2643 4097 pag.

715 4112 788 4178 8⁰
838 4118 904 4178 et
950 4111 1041 4176 4⁰.
2131 4144 2141 4152 ·

599 4242 649 4286 c.
708 4219 1095 4285 summaria.
1146 4217 1279 4284 224
1328 4239 1477 4305 pag.
1529 4218 1619 4284 4⁰.

601 4327 660 4392 d.
712 4325 1171 4390 Additamenta
1240 4331 1306 4389 et
1374 4324 1809 4391 adnotationes
1881 4328 2278 4393 recentiores.
2353 4326 2438 4393 69
2493 4349 2642 4416 pag.

807 4430 882 4495 8⁰
928 4437 993 4495 et
1040 4429 1133 4496 4⁰.
