3246 5085
41 834 48 997 i

1264 325 1625 376 Psocorms.
2516 309 2644 378 327

260 491 413 576 priis
480 489 835 578 alienisque
884 494 1263 558 coniecturis
1311 496 1437 571 ita,
1488 496 1563 557 ut
1609 492 1918 578 quadrent
1965 496 2034 558 in
2083 496 2470 580 scriptorum
2523 493 2648 583 By-

256 601 657 666 zant-inorum
706 601 1063 686 principem
1112 601 1307 666 verba
1352 599 1798 686 Aristophanis
1845 601 1921 666 de
1967 600 2192 667 Pluto:

710 706 1171 784 ἐξωμμάτωται
1221 708 1323 771 nx)
1374 707 1856 786 λελάμπρυνται
1907 707 2110 788 κόροις.

252 810 728 878 Difficillimum
791 834 941 878 sane
988 835 1181 900 opuS,
1229 820 1489 900 propter
1536 817 1865 899 scriptoris
1913 813 2142 879 stilum
2190 821 2255 881 et
2302 814 2646 880 dictionem

252 916 686 1006 Thucydidis,
754 919 1104 998 Herodoti,
1168 920 1443 986 aliorum
1507 919 1868 985 multorum
1913 927 2208 987 veterum
2261 924 2646 1007 scriptorum

251 1024 567 1111 exemplis
607 1029 1062 1112 compositam,
1106 1027 1214 1092 sed
1256 1030 1726 1113 superpositam
1772 1026 1969 1093 fundo
2015 1028 2370 1116 Byzantino
2417 1027 2646 1095 limoso

253 1139 449 1216 atque
492 1133 776 1200 turbido·

338 1237 417 1302 In
478 1245 664 1306 textu
726 1245 945 1306 tamen
1006 1247 1143 1306 tam
1204 1243 1453 1306 curiose
1512 1242 1813 1306 restituto
1879 1240 2216 1306 nonnullos
2279 1243 2647 1307 etiamnunc

253 1345 563 1412 offendere
626 1347 731 1412 hic
790 1345 931 1412 illic
987 1345 1400 1412 librariorum
1451 1368 1728 1425 errores,
1775 1369 1900 1413 non
1949 1352 2046 1413 est
2095 1347 2264 1433 quod
2309 1351 2642 1414 miremur.

254 1451 460 1532 Quare
516 1459 585 1518 et
642 1457 781 1539 ipse
844 1474 1012 1518 nnnc
1072 1453 1347 1518 scribam
1410 1452 1726 1519 nonnulla
1771 1453 1847 1518 de
1896 1454 2308 1520 emendandis
2350 1459 2464 1520 aut
2511 1460 2644 1520 ten·

252 1559 461 1624 tandis
506 1562 689 1626 vitiis
730 1563 801 1624 in
846 1560 965 1625 hac
1012 1562 1221 1646 operis
1266 1559 1650 1646 Procopiani
1697 1571 1877 1646 parte
1924 1563 2062 1627 sive
2108 1560 2393 1626 nondum
2440 1563 2643 1625 anim·
2743 1599 2758 1613 =

256 1665 535 1732 adversis
600 1670 737 1733 sive
800 1669 1017 1731 minus
1076 1671 1247 1731 recte
1308 1666 1662 1732 emendatis
1723 1687 1760 1732 a
1821 1668 1979 1734 viris
2026 1667 2249 1733 doctis.
2325 1667 2443 1733 Est
2493 1689 2644 1735 vero

258 1775 455 1838 etiam
516 1775 628 1838 ubi
688 1772 1006 1840 librorum
1051 1771 1242 1838 lectio
1288 1775 1527 1838 iniuria
1572 1771 1920 1839 sollicitata
1965 1774 2134 1840 mihi
2181 1795 2316 1840 esse
2362 1774 2640 1846 videtur.

348 1987 641 2053 Primum
688 1987 1157 2054 consideremus
1205 2007 1367 2073 quae
1414 2007 1549 2072 cap.
1598 1985 1650 2066 I,
1703 1985 1788 2052 38
1836 1986 1914 2053 de
1964 1987 2289 2053 Antonine
2334 1986 2636 2054 Belisarii

259 2114 449 2160 uxore
494 2101 857 2172 narrantur,
896 2097 994 2159 ira
1027 2095 1519 2160 excandescente
1561 2092 1731 2179 quod
1768 2101 2014 2160 amator
2055 2115 2212 2160 suns
2251 2093 2644 2161 Theodosius

258 2204 637 2267 conscientia
696 2208 762 2265 et
822 2203 1054 2266 timore
1115 2206 1333 2267 motus
1398 2203 1467 2264 in
1515 2203 1979 2266 monasterium
2027 2201 2441 2289 confugisset,
2490 2203 2632 2267 τότε

260 2305 327 2379 δὴ
375 2309 509 2371 κατ’
557 2306 748 2385 ἄκροις
798 2309 1176 2393 (Antonina)
1226 2303 1423 2383 ἐμάνη
1472 2307 1577 2371 xa)
1628 2309 1737 2382 τὴν
1787 2307 2013 2381 ἐσθῆτα
2061 2308 2168 2386 ξὺν
2212 2317 2290 2389 τῇ
2331 2308 2534 2389 διαίτη
2577 2309 2637 2382 ἐς

260 2413 464 2492 τρόπον
526 2413 995 2492 μεταβαλοῦσα
1054 2413 1155 2487 τὸν
1203 2413 1485 2490 πένθιμον
1533 2415 1761 2496 περιῄει
1813 2415 2018 2494 συχνὰ
2071 2415 2240 2480 κατὰ
2287 2415 2396 2488 τὴν
2444 2416 2640 2480 οἰκίαν

262 2521 586 2602 κωκύουσα,
647 2522 921 2605 ὀλολυγῇ
986 2546 1055 2586 τε
1120 2522 1468 2601 κεχρημένη
1532 2520 1880 2603 ὠλοφύρετο
1942 2522 2078 2588 οὐκ
2142 2524 2641 2601 ἀπολελειμ-

262 2631 495 2703 μένου
559 2628 935 2709 σάνδρός,
999 2628 1197 2693 ὁποῖον
1259 2629 1423 2709 αὐτῇ
1491 2628 1730 2706 ἀγαθὸν
1793 2630 2059 2707 ὠλώλει,
2125 2632 2201 2701 ὦς
2269 2628 2507 2706 πιστόν,
2557 2631 2635 2700 ὥς

262 2734 521 2815 εὔχαριν,
577 2738 655 2809 ὦς
705 2734 981 2815 εὖνοικόν,
1028 2738 1104 2807 ὥς
1156 2734 1525 2816 δραστήριον,
1576 2740 1934 2800 τελευτῶσα
1983 2734 2046 2799 δὲ
2094 2740 2225 2801 τὸν
2272 2732 2521 2816 ἄνδρα
2566 2736 2628 2809 ,ἐς

260 2842 491 2916 ταύτας
542 2843 611 2916 331
662 2842 1117 2921 ἕποιγοιγομένη
1161 2843 1277 2914 τὰς
1328 2841 1686 2924 ὀλοφύρσεις
1735 2842 2031 2907 ἐκάθισεν.

342 2949 541 3015 Verba
587 2949 819 3015 leviter
863 2955 1155 3035 corrupta
1205 2948 1312 3012 οὐκ
1361 2950 1898 3026 ἀπολελειμμένου
1946 2946 2197 3028 τάνδρός
2247 2947 2414 3012 nihil
2459 2947 2637 3014 aliud

258 3078 353 3122 me
408 3056 620 3122 iudice
686 3056 1043 3143 significare
1107 3063 1371 3142 possunt
1437 3077 1630 3140 quam
1681 3055 1975 3134 παρόντος
2028 3054 2280 3132 τάνδρός
2315 3062 2637 3137 praesente

256 3163 572 3228 Belisario.
610 3163 968 3241 Antonina,
1012 3184 1173 3248 qnae
1213 3168 1349 3228 erat
1389 3162 1684 3228 mulieris
1727 3164 1934 3247 stupri
1976 3165 2302 3228 convictae
2341 3183 2377 3228 a
2402 3164 2636 3229 marito

256 3269 685 3355 impudentia,
750 3292 941 3333 coram
1002 3269 1133 3351 ipso
1196 3268 1273 3334 de
1336 3269 1601 3333 moecho
1667 3289 1782 3334 sno
1823 3270 2058 3335 amisso
2107 3270 2399 3355 queritur
2443 3268 2636 3355 idque

258 3384 379 3441 tam
444 3376 765 3456 flebiliter,
832 3384 905 3441 ut
965 3379 1101 3461 ipse
1161 3375 1509 3440 Belisarius
1574 3375 1987 3454 ε’ρωτόληπτος
2055 3382 2119 3441 et
2179 3397 2320 3442 cera
2375 3375 2637 3442 mollior

257 3484 503 3549 tandem
566 3490 631 3549 et
692 3486 829 3568 ipse
890 3484 1170 3567 coeperit
1235 3480 1506 3546 eiulare:
1566 3481 1756 3546 ἔκλαιε
1819 3486 1968 3560 γοῦν
2017 3482 2044 3547 ὃ
2094 3485 2483 3563 ταλαίπωρος
2533 3484 2635 3547 τὸν

258 3590 509 3655 ποθεινὸν
550 3590 879 3653 ἀνακαλῶν
931 3588 1261 3653 Θεοδόσιον.
1313 3586 1733 3653 Admirabilis
1780 3588 1993 3655 hercle
2039 3586 2259 3657 scena!
2307 3587 2446 3654 Iam
2485 3611 2636 3655 vero

254 3718 392 3762 cum
440 3696 897 3761 ἀπολείπεσθαί
941 3719 1097 3766 τινος
1146 3701 1296 3759 noto
1346 3715 1469 3761 usu
1516 3694 1838 3781 significet
1874 3718 1937 3759 se
1974 3718 2260 3778 separare
2299 3696 2370 3758 ab
2409 3695 2632 3780 alique,

253 3801 663 3889 probabiliter
724 3802 957 3867 Reiske
1026 3804 1295 3867 coniecit
1364 3801 2090 3880 οἷπολελειμμένη,
2163 3806 2238 3865 ut
2309 3800 2480 3865 dicta
2551 3804 2634 3865 sit

251 3910 479 3976 mulier
542 3932 665 3975 uon
731 3912 820 3973 in·
861 3908 1038 3974 aliud
1098 3907 1399 3973 conclave
1446 3929 1513 3973 se
1561 3907 1929 3985 contulisse,
1979 3908 2088 3971 sed
2134 3927 2350 3972 coram
2398 3910 2633 3972 marito

250 4017 446 4083 dolori
510 4037 629 4097 suo
691 4014 1054 4080 indulsisse.
1111 4011 1349 4081 Contra
1396 4017 1613 4079 minus
1663 4013 1824 4079 lenis
1871 4013 2226 4100 Hauryana
2273 4018 2634 4078 coniectura

250 4122 753 4197 οἱπολομένον
817 4127 965 4207 apto
1014 4142 1204 4186 sensu
1253 4126 1441 4198 caret,
1493 4121 1798 4206 quoniam
1844 4119 2184 4185 manifesto
2230 4120 2310 4184 ad
2359 4119 2632 4185 eundem

251 4228 630 4295 Belisarium
676 4226 1001 4293 referenda
1048 4234 1197 4291 sunt
1244 4225 1489 4307 τάνδρός
1542 4234 1606 4292 et
1657 4227 1758 4291 τὸν
1807 4224 2016 4307 ἄνδρα,
2065 4218 2180 4291 nec
2223 4229 2404 4313 prins
2437 4225 2632 4292 'Pheo-

252 4335 494 4403 dosium
534 4340 817 4425 spectare
854 4339 1081 4424 potest.
1125 4334 1372 4403 Reiskii
1412 4334 1926 4403 emendationem
1969 4339 2287 4423 receptam
2325 4336 2630 4422 oportuit.
