3246 5085
1315 353 1692 402 mucram.
2600 341 2686 404 61

309 515 689 602 plerumque
751 514 1155 580 aedituorum
1217 521 1278 580 et
1339 516 1739 582 sacerdotum
1787 515 2210 582 tabernaculis
2230 564 2246 594 ,
2295 518 2413 583 sub
2458 518 2688 583 iisdem

311 624 498 686 vittis
544 628 609 686 et
647 621 934 706 apicibus
971 627 1036 685 et
1075 623 1380 705 purpuris
1418 623 1605 687 thure
1646 621 1957 707 flagrante
1993 620 2331 687 libidinem
2371 623 2687 709 expungi:

307 729 518 792 nescio
555 725 701 811 plus
740 747 820 790 ne
857 725 934 790 de
971 726 1154 790 vobis
1190 725 1282 790 dii
1321 729 1519 790 vestri
1560 747 1756 812 quam
1797 726 1873 792 de
1912 725 2296 793 Christianis
2319 735 2687 813 querantur.

309 829 496 898 Certe
541 830 840 916 sacrilegi
885 830 962 895 de
1009 833 1239 896 vestris
1285 852 1534 916 semper
1579 831 2145 917 apprehenduntur
2187 855 2239 900 e.
2267 855 2325 919 q.
2355 854 2404 899 s.

396 1044 467 1112 Ο.
510 1044 618 1111 26.
647 1044 709 1110 8.
754 1044 874 1109 Isti
911 1045 1101 1125 iyitur
1137 1045 1412 1126 spiritus,
1438 1051 1826 1130 posteaquam
1850 1047 2293 1128 simpbicitatem
2316 1049 2687 1112 substantiae

299 1174 446 1216 cuae
505 1151 706 1216 onusti
765 1158 824 1214 et
880 1151 1123 1214 inmersi
1182 1151 1354 1214 vitiis
1391 1153 1814 1232 perdiderunt,
1863 1155 1947 1216 ad
1990 1153 2281 1217 solacium
2326 1155 2689 1218 calamitatis

297 1279 444 1320 suae
500 1278 620 1320 non
679 1255 962 1320 desinunt
1011 1255 1250 1337 perditi
1297 1256 1418 1318 iam
1453 1257 1716 1337 perdere
1762 1263 1821 1320 et
1864 1259 2183 1339 depravati
2227 1277 2507 1324 errorem
2555 1279 2690 1343 pra-

299 1363 522 1427 vitatis
582 1360 914 1426 infundere
973 1367 1031 1424 et
1077 1360 1334 1424 alienati
1382 1383 1421 1424 a
1471 1362 1578 1425 deo
1626 1361 1890 1425 inductis
1922 1362 2143 1444 pravis
2183 1362 2569 1442 rebiyionibus
2614 1365 2687 1426 ab

305 1490 368 1530 eo
413 1488 744 1549 seqreqare.

395 1571 772 1658 Legend-um
813 1588 1066 1635 censeo:
1109 1569 1489 1636 ardorem
1514 1571 1877 1653 pravitatis,
1916 1570 1994 1636 cl.
2035 1573 2230 1637 huius
2270 1575 2497 1658 capitis
2526 1573 2683 1638 fine:

308 1676 504 1755 „dicit
547 1677 881 1741 informari
930 1681 995 1740 et
1039 1674 1240 1740 inlabi
1285 1676 1649 1760 pectoribus
1688 1678 1990 1742 humanis
2028 1683 2093 1742 et
2130 1699 2388 1744 sensum
2408 1700 2685 1745 movere

304 1787 370 1847 et
430 1781 716 1848 adfectus
777 1781 1016 1867 fingere
1064 1787 1130 1846 et
1175 1780 1554 1847 ardorem
1601 1782 2122 1867 cupiditatis
2166 1783 2684 1849 infundere'’.

394 1993 467 2061 C.
516 1995 623 2060 30.
652 1994 713 2061 4.
778 1994 994 2058 Tauris
1041 1994 1218 2058 etiam
1264 1995 1532 2058 Ponticis
1577 2002 1636 2059 et
1680 1997 1970 2079 Aegyptio
2018 1995 2303 2060 Busiridi
2347 1997 2505 2060 ritus
2548 1997 2686 2078 fuit

301 2101 562 2184 hospites
619 2101 924 2164 immolare
940 2149 956 2178 ,
1022 2106 1087 2165 et
1146 2100 1474 2165 Mercurio
1534 2098 1759 2165 Gallos
1818 2103 2106 2165 humanae
2164 2101 2265 2164 vel
2329 2102 2685 2165 inhumanae

301 2206 570 2270 victimas
614 2208 873 2283 caedere,
923 2206 1210 2268 Romanis
1261 2207 1549 2268 Graecum
1595 2213 1655 2269 et
1704 2207 2003 2282 Graecam,
2058 2207 2301 2271 Gallum
2338 2214 2396 2270 et
2440 2206 2683 2272 Gallam

303 2311 596 2377 sacrificii
641 2314 934 2377 viventes
984 2311 1245 2374 obruere.

390 2416 464 2481 In
523 2415 793 2481 lectione
854 2414 1190 2480 manifeste
1252 2419 1551 2499 corrupta
1613 2421 1673 2480 et
1730 2415 1825 2480 M.
1880 2415 2091 2480 Gallos
2151 2415 2502 2482 editoribus
2551 2416 2679 2482 fere

295 2520 541 2608 placuit
583 2519 958 2607 Wopkensii
995 2519 1354 2586 emendatio
1398 2519 1633 2599 Galum
1675 2518 2022 2587 Heumann
2061 2542 2227 2588 unus
2266 2525 2441 2589 viam
2485 2522 2679 2589 aliam

289 2630 620 2713 ingressus
679 2634 824 2713 post
894 2626 1104 2690 Gallos
1159 2625 1571 2690 inserendum
1633 2629 1890 2711 putavit
1953 2635 2202 2693 constat.
2269 2630 2356 2693 At
2407 2650 2561 2695 vero
2614 2631 2679 2693 et

297 2734 644 2800 verborum
703 2732 856 2797 ordo
920 2734 984 2805 et
1043 2730 1358 2817 particula
1418 2737 1493 2808 et,
1560 2752 1721 2815 quae
1768 2738 1987 2797 contra
2036 2732 2313 2797 Minucii
2360 2732 2677 2798 scribendi

296 2860 493 2904 usum
550 2844 696 2903 ante
755 2838 1064 2901 Mercurio
1122 2835 1387 2922 legitur,
1452 2837 1516 2899 et
1562 2837 1967 2901 accusativus
2023 2836 2263 2913 Gallos,
2313 2858 2504 2921 quem
2552 2859 2676 2903 non
2768 2843 2780 2858 “

297 2952 534 3010 temere
596 2964 631 3009 e
693 2943 912 3008 dativo
974 2946 1348 3026 corruptum
1413 2960 1545 3005 esse
1605 2941 1901 3018 arbitror,
1952 2978 2036 2990 —
2084 2942 2241 3007 haec
2296 2946 2512 3007 omnia
2570 2962 2677 3006 me

293 3049 619 3115 adducunt
664 3056 740 3113 ut
780 3048 996 3113 locum
1043 3046 1330 3112 nondum
1375 3047 1754 3110 restitutum
1799 3066 1935 3111 esse
1980 3047 2269 3125 credam,
2307 3047 2675 3112 Minucium

293 3176 446 3222 vero
484 3156 842 3239 scripsisse:
891 3153 1108 3217 Tauris
1150 3198 1164 3215 .
1194 3198 1209 3216 .
1240 3198 1255 3218 .
1297 3151 1616 3229 immolare,
1661 3152 1872 3237 apud
1912 3151 2209 3219 Gallos
2248 3153 2673 3219 Mercurio

295 3262 582 3325 humanae
641 3282 694 3325 e.
724 3279 784 3344 q.
810 3282 858 3325 s.
929 3258 1026 3326 cf.
1089 3257 1261 3323 Tert.
1324 3256 1509 3342 Apol.
1575 3256 1651 3321 9:
1720 3260 1973 3334 „Maior
2018 3267 2191 3324 aetas
2238 3260 2407 3344 apud
2454 3258 2673 3325 Gallos

293 3367 618 3433 Mercurio
663 3363 1096 3453 prosecatur.’'
1143 3363 1334 3448 Apud
1381 3369 1674 3427 nostrum
1718 3368 2103 3430 constructio
2149 3368 2289 3450 pari
2331 3365 2521 3431 modo
2567 3387 2676 3430 va-

291 3475 499 3539 riatur
558 3471 628 3539 G.
695 3470 803 3536 31.
833 3470 907 3536 3:
975 3472 1119 3548 „ius
1185 3477 1282 3534 est
1328 3469 1499 3555 apud
1544 3469 1772 3536 Persas
1818 3474 2071 3537 misceri
2120 3457 2269 3537 cum
2318 3471 2670 3549 matribus,

291 3578 636 3663 Aegyptiis
681 3583 747 3642 et
793 3574 1294 3641 Atheniensibus
1339 3594 1491 3639 cum
1538 3575 1862 3641 sororibus
1909 3575 2206 3662 legitima
2255 3576 2587 3641 conubia.'’

380 3680 564 3747 Alter
619 3681 797 3746 locus
858 3680 1064 3767 vulgo
1127 3682 1222 3744 ita
1283 3679 1500 3744 editur
1556 3686 1634 3744 ut
1680 3702 1793 3764 pro
1840 3682 2134 3765 sacrificii
2179 3702 2329 3747 cum
2382 3682 2669 3747 Wowero

285 3786 588 3873 sacr-fficio
634 3785 740 3852 vel
785 3807 935 3851 cum
981 3784 1267 3849 Vonckio
1314 3790 1379 3848 et
1430 3782 1811 3869 Wopkensio
1852 3786 1919 3849 in
1957 3786 2279 3870 sacrificiis
2319 3792 2672 3852 correctum

287 3894 391 3956 sit.
441 3890 611 3956 Mihi
651 3896 900 3957 constat
938 3897 1080 3976 post
1115 3890 1406 3973 sacnflcii
1444 3889 1837 3954 vocabulum
1882 3892 2009 3955 vice
2046 3892 2475 3957 reducendum
2515 3911 2671 3966 esse,

286 3997 457 4082 quod
515 4002 773 4083 propter
829 3994 1323 4060 similitudinem
1383 3992 1751 4059 litterarum
1810 3998 2133 4080 sequentis
2184 3996 2365 4062 verbi
2411 3996 2674 4059 viventes

285 4102 594 4166 excidisse
632 4099 834 4166 credo.
874 4100 997 4165 Iac.
1026 4096 1426 4166 Gronovium
1463 4099 1626 4163 hanc
1652 4119 1875 4165 vocem
1899 4103 2031 4165 iam
2056 4121 2355 4186 reponere
2382 4100 2664 4166 voluisse

284 4212 506 4291 postea
566 4206 735 4284 vidi,
797 4209 892 4271 ita
953 4211 1170 4271 tamen
1213 4209 1291 4269 ut
1335 4224 1476 4269 eam
1522 4225 1599 4269 ex
1649 4203 1905 4270 ultimis
1949 4205 2187 4271 litteris
2232 4206 2453 4272 traditi
2492 4226 2675 4273 voca-

286 4311 424 4377 buli
485 4318 770 4389 erueret,
821 4311 1150 4378 scribendo
1198 4312 1432 4395 igitur:
1481 4309 1644 4373 sacri
1687 4311 1847 4389 vice,
1895 4312 2066 4397 quod
2112 4312 2298 4379 valde
2343 4312 2657 4398 displicet.

287 4416 590 4484 Ceterum
635 4419 716 4483 cf.
779 4415 850 4484 O.
900 4417 1007 4482 40.
1035 4416 1110 4481 3:
1157 4415 1474 4501 prolixius
1519 4418 1814 4481 omnium
1860 4424 2154 4482 nostrum
2204 4421 2345 4483 vice
2388 4416 2670 4502 gaudeo.
