<?xml version="1.0" encoding="UTF-8"?>
<!DOCTYPE html PUBLIC "-//W3C//DTD XHTML 1.0 Transitional//EN"
    "http://www.w3.org/TR/xhtml1/DTD/xhtml1-transitional.dtd">
<html xmlns="http://www.w3.org/1999/xhtml" xml:lang="en" lang="en">
 <head>
  <title>
</title>
<meta http-equiv="Content-Type" content="text/html;charset=utf-8" />
  <meta name='ocr-system' content='tesseract 3.04.00' />
  <meta name='ocr-capabilities' content='ocr_page ocr_carea ocr_par ocr_line ocrx_word'/>
</head>
<body>
  <div class='ocr_page' id='page_1' title='image "./mnemosynevolume03verdgoog_0397.png"; bbox 0 0 3246 5085; ppageno 0'>
   <div class='ocr_carea' id='block_1_1' title="bbox 1178 316 2674 385">
    <p class='ocr_par' dir='ltr' id='par_1_1' title="bbox 1178 316 2674 385">
     <span class='ocr_line' id='line_1_1' title="bbox 1178 316 2674 385; baseline -0.002 0"><span class='ocrx_word' id='word_1_1' title='bbox 1178 339 1266 385; x_wconf 76' lang='lat' dir='ltr'>nn</span> <span class='ocrx_word' id='word_1_2' title='bbox 1310 338 1464 385; x_wconf 76' lang='lat' dir='ltr'>man</span> <span class='ocrx_word' id='word_1_3' title='bbox 1508 336 1790 385; x_wconf 65' lang='lat' dir='ltr'>nomano.</span> <span class='ocrx_word' id='word_1_4' title='bbox 1964 362 1973 370; x_wconf 86' lang='lat'>-</span> <span class='ocrx_word' id='word_1_5' title='bbox 2542 316 2674 384; x_wconf 83' lang='lat'>389</span> 
     </span>
    </p>
   </div>
   <div class='ocr_carea' id='block_1_2' title="bbox 271 501 2678 3140">
    <p class='ocr_par' dir='ltr' id='par_1_2' title="bbox 271 501 2678 3140">
     <span class='ocr_line' id='line_1_2' title="bbox 285 501 2678 590; baseline -0.002 -21"><span class='ocrx_word' id='word_1_6' title='bbox 285 509 669 590; x_wconf 81' lang='lat' dir='ltr'>argumento</span> <span class='ocrx_word' id='word_1_7' title='bbox 729 502 1071 589; x_wconf 79' lang='lat' dir='ltr'>Philippus</span> <span class='ocrx_word' id='word_1_8' title='bbox 1105 503 1153 587; x_wconf 86' lang='lat'>¹)</span> <span class='ocrx_word' id='word_1_9' title='bbox 1216 525 1369 569; x_wconf 86' lang='lat' dir='ltr'>usus</span> <span class='ocrx_word' id='word_1_10' title='bbox 1430 510 1561 568; x_wconf 89' lang='lat' dir='ltr'>est:</span> <span class='ocrx_word' id='word_1_11' title='bbox 1631 524 1754 568; x_wconf 90' lang='lat' dir='ltr'>non</span> <span class='ocrx_word' id='word_1_12' title='bbox 1821 501 2155 589; x_wconf 81' lang='lat' dir='ltr'>intellegi,</span> <span class='ocrx_word' id='word_1_13' title='bbox 2219 503 2440 589; x_wconf 90' lang='lat' dir='ltr'>quidni</span> <span class='ocrx_word' id='word_1_14' title='bbox 2503 507 2678 567; x_wconf 87' lang='lat' dir='ltr'>actor</span> 
     </span>
     <span class='ocr_line' id='line_1_3' title="bbox 284 608 2674 697; baseline -0.001 -23"><span class='ocrx_word' id='word_1_15' title='bbox 284 612 507 674; x_wconf 90' lang='lat' dir='ltr'>statim</span> <span class='ocrx_word' id='word_1_16' title='bbox 568 616 874 694; x_wconf 89' lang='lat' dir='ltr'>provocet</span> <span class='ocrx_word' id='word_1_17' title='bbox 937 617 1367 689; x_wconf 87' lang='lat' dir='ltr'>sacramento,</span> <span class='ocrx_word' id='word_1_18' title='bbox 1433 630 1507 675; x_wconf 92' lang='lat' dir='ltr'>eo</span> <span class='ocrx_word' id='word_1_19' title='bbox 1568 614 1954 695; x_wconf 83' lang='lat' dir='ltr'>argumento</span> <span class='ocrx_word' id='word_1_20' title='bbox 2016 614 2234 674; x_wconf 90' lang='lat' dir='ltr'>contra</span> <span class='ocrx_word' id='word_1_21' title='bbox 2293 608 2674 697; x_wconf 86' lang='lat' dir='ltr'>Philippum</span> 
     </span>
     <span class='ocr_line' id='line_1_4' title="bbox 283 715 2674 803; baseline 0 -23"><span class='ocrx_word' id='word_1_22' title='bbox 283 718 423 801; x_wconf 84' lang='lat' dir='ltr'>pari</span> <span class='ocrx_word' id='word_1_23' title='bbox 488 719 731 781; x_wconf 89' lang='lat' dir='ltr'>ratione</span> <span class='ocrx_word' id='word_1_24' title='bbox 791 719 891 781; x_wconf 91' lang='lat' dir='ltr'>uti</span> <span class='ocrx_word' id='word_1_25' title='bbox 951 715 1169 782; x_wconf 79' lang='lat' dir='ltr'>licebit</span> <span class='ocrx_word' id='word_1_26' title='bbox 1194 717 1268 798; x_wconf 81' lang='lat'>²).</span> <span class='ocrx_word' id='word_1_27' title='bbox 1333 715 1463 781; x_wconf 94' lang='lat' dir='ltr'>Nec</span> <span class='ocrx_word' id='word_1_28' title='bbox 1526 722 1772 793; x_wconf 87' lang='lat' dir='ltr'>mutat,</span> <span class='ocrx_word' id='word_1_29' title='bbox 1824 736 1947 801; x_wconf 90' lang='lat' dir='ltr'>quo</span> <span class='ocrx_word' id='word_1_30' title='bbox 1995 721 2244 802; x_wconf 81' lang='lat' dir='ltr'>pugnat</span> <span class='ocrx_word' id='word_1_31' title='bbox 2289 723 2674 803; x_wconf 80' lang='lat' dir='ltr'>argumento</span> 
     </span>
     <span class='ocr_line' id='line_1_5' title="bbox 282 820 2674 910; baseline -0 -23"><span class='ocrx_word' id='word_1_32' title='bbox 282 822 453 887; x_wconf 88' lang='lat' dir='ltr'>Roth</span> <span class='ocrx_word' id='word_1_33' title='bbox 481 820 555 901; x_wconf 81' lang='lat'>³),</span> <span class='ocrx_word' id='word_1_34' title='bbox 617 825 1187 910; x_wconf 80' lang='lat' dir='ltr'>interrogationem</span> <span class='ocrx_word' id='word_1_35' title='bbox 1240 822 1573 905; x_wconf 73' lang='lat' dir='ltr'>postulo</span> <span class='ocrx_word' id='word_1_36' title='bbox 1635 843 1834 886; x_wconf 77' lang='lat' dir='ltr'>anne</span> <span class='ocrx_word' id='word_1_37' title='bbox 1880 822 2108 885; x_wconf 75' lang='lat' dir='ltr'>dicae</span> <span class='ocrx_word' id='word_1_38' title='bbox 2153 821 2296 889; x_wconf 89' lang='lat' dir='ltr'>ideo</span> <span class='ocrx_word' id='word_1_39' title='bbox 2341 825 2674 889; x_wconf 87' lang='lat' dir='ltr'>inventam</span> 
     </span>
     <span class='ocr_line' id='line_1_6' title="bbox 283 928 2673 1015; baseline -0.002 -20"><span class='ocrx_word' id='word_1_40' title='bbox 283 950 455 1005; x_wconf 87' lang='lat' dir='ltr'>esse,</span> <span class='ocrx_word' id='word_1_41' title='bbox 504 934 578 994; x_wconf 94' lang='lat' dir='ltr'>ut</span> <span class='ocrx_word' id='word_1_42' title='bbox 624 936 839 1015; x_wconf 88' lang='lat' dir='ltr'>posset</span> <span class='ocrx_word' id='word_1_43' title='bbox 888 929 967 995; x_wconf 92' lang='lat' dir='ltr'>ad</span> <span class='ocrx_word' id='word_1_44' title='bbox 1014 949 1152 993; x_wconf 90' lang='lat' dir='ltr'>eam</span> <span class='ocrx_word' id='word_1_45' title='bbox 1204 931 1409 1014; x_wconf 88' lang='lat' dir='ltr'>aptari</span> <span class='ocrx_word' id='word_1_46' title='bbox 1456 929 1824 1014; x_wconf 88' lang='lat' dir='ltr'>provocatio</span> <span class='ocrx_word' id='word_1_47' title='bbox 1873 929 2180 1012; x_wconf 73' lang='lat' dir='ltr'>quando</span> <span class='ocrx_word' id='word_1_48' title='bbox 2229 936 2306 991; x_wconf 75' lang='lat' dir='ltr'>tu</span> <span class='ocrx_word' id='word_1_49' title='bbox 2355 928 2673 992; x_wconf 76' lang='lat' dir='ltr'>iniuria</span> 
     </span>
     <span class='ocr_line' id='line_1_7' title="bbox 281 1034 2672 1120; baseline 0 -23"><span class='ocrx_word' id='word_1_50' title='bbox 281 1034 515 1099; x_wconf 76' lang='lat' dir='ltr'>vindi</span> <span class='ocrx_word' id='word_1_51' title='bbox 530 1036 704 1098; x_wconf 81' lang='lat' dir='ltr'>cavi</span> <span class='ocrx_word' id='word_1_52' title='bbox 720 1036 865 1113; x_wconf 72' lang='lat' dir='ltr'>sti,</span> <span class='ocrx_word' id='word_1_53' title='bbox 929 1056 1057 1099; x_wconf 91' lang='lat' dir='ltr'>non</span> <span class='ocrx_word' id='word_1_54' title='bbox 1118 1038 1291 1099; x_wconf 90' lang='lat' dir='ltr'>enim</span> <span class='ocrx_word' id='word_1_55' title='bbox 1348 1040 1609 1120; x_wconf 89' lang='lat' dir='ltr'>aptatur</span> <span class='ocrx_word' id='word_1_56' title='bbox 1656 1036 2022 1119; x_wconf 87' lang='lat' dir='ltr'>provocatio</span> <span class='ocrx_word' id='word_1_57' title='bbox 2069 1034 2149 1099; x_wconf 90' lang='lat' dir='ltr'>ad</span> <span class='ocrx_word' id='word_1_58' title='bbox 2197 1039 2672 1119; x_wconf 80' lang='lat' dir='ltr'>responsionem</span> 
     </span>
     <span class='ocr_line' id='line_1_8' title="bbox 281 1141 2673 1227; baseline 0 -21"><span class='ocrx_word' id='word_1_59' title='bbox 281 1141 631 1206; x_wconf 76' lang='lat' dir='ltr'>adversarii</span> <span class='ocrx_word' id='word_1_60' title='bbox 694 1142 822 1205; x_wconf 73' lang='lat' dir='ltr'>ius</span> <span class='ocrx_word' id='word_1_61' title='bbox 864 1142 1061 1227; x_wconf 78' lang='lat' dir='ltr'>feci</span> <span class='ocrx_word' id='word_1_62' title='bbox 1107 1141 1331 1205; x_wconf 74' lang='lat' dir='ltr'>sieut</span> <span class='ocrx_word' id='word_1_63' title='bbox 1374 1141 1822 1205; x_wconf 70' lang='lat' dir='ltr'>vindictam</span> <span class='ocrx_word' id='word_1_64' title='bbox 1868 1142 2246 1223; x_wconf 74' lang='lat' dir='ltr'>imposui,</span> <span class='ocrx_word' id='word_1_65' title='bbox 2297 1141 2407 1208; x_wconf 84' lang='lat' dir='ltr'>sed</span> <span class='ocrx_word' id='word_1_66' title='bbox 2455 1142 2534 1207; x_wconf 80' lang='lat' dir='ltr'>ad</span> <span class='ocrx_word' id='word_1_67' title='bbox 2577 1144 2673 1227; x_wconf 89' lang='lat' dir='ltr'>ip-</span> 
     </span>
     <span class='ocr_line' id='line_1_9' title="bbox 278 1246 2674 1334; baseline -0.001 -21"><span class='ocrx_word' id='word_1_68' title='bbox 278 1268 419 1313; x_wconf 87' lang='lat' dir='ltr'>sam</span> <span class='ocrx_word' id='word_1_69' title='bbox 466 1250 605 1313; x_wconf 89' lang='lat' dir='ltr'>eius</span> <span class='ocrx_word' id='word_1_70' title='bbox 650 1248 1169 1315; x_wconf 76' lang='lat' dir='ltr'>vindicationem.</span> <span class='ocrx_word' id='word_1_71' title='bbox 1217 1246 1506 1334; x_wconf 85' lang='lat' dir='ltr'>Apparet</span> <span class='ocrx_word' id='word_1_72' title='bbox 1550 1254 1804 1325; x_wconf 88' lang='lat' dir='ltr'>autem,</span> <span class='ocrx_word' id='word_1_73' title='bbox 1853 1267 1933 1312; x_wconf 84' lang='lat' dir='ltr'>ex</span> <span class='ocrx_word' id='word_1_74' title='bbox 1980 1246 2292 1313; x_wconf 86' lang='lat' dir='ltr'>formulae</span> <span class='ocrx_word' id='word_1_75' title='bbox 2339 1253 2520 1333; x_wconf 89' lang='lat' dir='ltr'>parte</span> <span class='ocrx_word' id='word_1_76' title='bbox 2559 1254 2674 1313; x_wconf 87' lang='lat' dir='ltr'>aut</span> 
     </span>
     <span class='ocr_line' id='line_1_10' title="bbox 278 1352 2672 1440; baseline -0 -21"><span class='ocrx_word' id='word_1_77' title='bbox 278 1373 747 1439; x_wconf 86' lang='lat' dir='ltr'>supervacanea</span> <span class='ocrx_word' id='word_1_78' title='bbox 808 1360 921 1419; x_wconf 88' lang='lat' dir='ltr'>aut</span> <span class='ocrx_word' id='word_1_79' title='bbox 978 1376 1105 1419; x_wconf 89' lang='lat' dir='ltr'>non</span> <span class='ocrx_word' id='word_1_80' title='bbox 1161 1353 1493 1421; x_wconf 87' lang='lat' dir='ltr'>intellecta</span> <span class='ocrx_word' id='word_1_81' title='bbox 1516 1358 1590 1433; x_wconf 76' lang='lat'>⁴),</span> <span class='ocrx_word' id='word_1_82' title='bbox 1653 1353 1819 1419; x_wconf 89' lang='lat' dir='ltr'>nihil</span> <span class='ocrx_word' id='word_1_83' title='bbox 1867 1374 2048 1439; x_wconf 86' lang='lat' dir='ltr'>posse</span> <span class='ocrx_word' id='word_1_84' title='bbox 2095 1353 2172 1419; x_wconf 92' lang='lat' dir='ltr'>de</span> <span class='ocrx_word' id='word_1_85' title='bbox 2219 1352 2486 1440; x_wconf 87' lang='lat' dir='ltr'>reliquis</span> <span class='ocrx_word' id='word_1_86' title='bbox 2534 1356 2672 1419; x_wconf 90' lang='lat' dir='ltr'>eius</span> 
     </span>
     <span class='ocr_line' id='line_1_11' title="bbox 278 1459 2671 1545; baseline -0.001 -20"><span class='ocrx_word' id='word_1_87' title='bbox 278 1460 573 1545; x_wconf 84' lang='lat' dir='ltr'>partibus</span> <span class='ocrx_word' id='word_1_88' title='bbox 610 1459 901 1527; x_wconf 89' lang='lat' dir='ltr'>iudicari.</span> <span class='ocrx_word' id='word_1_89' title='bbox 944 1460 1250 1527; x_wconf 88' lang='lat' dir='ltr'>Ceterum</span> <span class='ocrx_word' id='word_1_90' title='bbox 1286 1463 1419 1525; x_wconf 92' lang='lat' dir='ltr'>iam</span> <span class='ocrx_word' id='word_1_91' title='bbox 1452 1459 1619 1526; x_wconf 90' lang='lat' dir='ltr'>vidit</span> <span class='ocrx_word' id='word_1_92' title='bbox 1657 1466 1724 1525; x_wconf 89' lang='lat' dir='ltr'>et</span> <span class='ocrx_word' id='word_1_93' title='bbox 1746 1461 1969 1525; x_wconf 90' lang='lat' dir='ltr'>statim</span> <span class='ocrx_word' id='word_1_94' title='bbox 1996 1461 2361 1526; x_wconf 78' lang='lat' dir='ltr'>observavit</span> <span class='ocrx_word' id='word_1_95' title='bbox 2383 1460 2569 1524; x_wconf 88' lang='lat' dir='ltr'>Brinz</span> <span class='ocrx_word' id='word_1_96' title='bbox 2595 1460 2671 1540; x_wconf 80' lang='lat'>⁵),</span> 
     </span>
     <span class='ocr_line' id='line_1_12' title="bbox 278 1564 2670 1653; baseline 0 -24"><span class='ocrx_word' id='word_1_97' title='bbox 278 1587 405 1630; x_wconf 90' lang='lat' dir='ltr'>non</span> <span class='ocrx_word' id='word_1_98' title='bbox 452 1566 598 1632; x_wconf 90' lang='lat' dir='ltr'>ideo</span> <span class='ocrx_word' id='word_1_99' title='bbox 644 1569 981 1653; x_wconf 79' lang='lat' dir='ltr'>praecipue</span> <span class='ocrx_word' id='word_1_100' title='bbox 1028 1565 1406 1651; x_wconf 88' lang='lat' dir='ltr'>Philippum</span> <span class='ocrx_word' id='word_1_101' title='bbox 1453 1564 1721 1632; x_wconf 86' lang='lat' dir='ltr'>Lotmar</span> <span class='ocrx_word' id='word_1_102' title='bbox 1756 1568 2140 1631; x_wconf 85' lang='lat' dir='ltr'>contrariam</span> <span class='ocrx_word' id='word_1_103' title='bbox 2176 1566 2670 1631; x_wconf 79' lang='lat' dir='ltr'>vindicationem</span> 
     </span>
     <span class='ocr_line' id='line_1_13' title="bbox 278 1670 2671 1759; baseline -0.001 -21"><span class='ocrx_word' id='word_1_104' title='bbox 278 1671 646 1739; x_wconf 87' lang='lat' dir='ltr'>adversario</span> <span class='ocrx_word' id='word_1_105' title='bbox 725 1675 1090 1752; x_wconf 86' lang='lat' dir='ltr'>remittere,</span> <span class='ocrx_word' id='word_1_106' title='bbox 1174 1673 1341 1759; x_wconf 91' lang='lat' dir='ltr'>quod</span> <span class='ocrx_word' id='word_1_107' title='bbox 1422 1674 1791 1759; x_wconf 88' lang='lat' dir='ltr'>provocatio</span> <span class='ocrx_word' id='word_1_108' title='bbox 1860 1670 2140 1758; x_wconf 84' lang='lat' dir='ltr'>simplex</span> <span class='ocrx_word' id='word_1_109' title='bbox 2210 1674 2330 1750; x_wconf 87' lang='lat' dir='ltr'>sit,</span> <span class='ocrx_word' id='word_1_110' title='bbox 2416 1670 2671 1757; x_wconf 87' lang='lat' dir='ltr'>quodve</span> 
     </span>
     <span class='ocr_line' id='line_1_14' title="bbox 278 1777 2670 1864; baseline -0.001 -19"><span class='ocrx_word' id='word_1_111' title='bbox 278 1777 712 1864; x_wconf 80' lang='lat' dir='ltr'>postulatione</span> <span class='ocrx_word' id='word_1_112' title='bbox 773 1801 973 1843; x_wconf 79' lang='lat' dir='ltr'>anne</span> <span class='ocrx_word' id='word_1_113' title='bbox 1030 1781 1075 1843; x_wconf 89' lang='lat' dir='ltr'>d</span> <span class='ocrx_word' id='word_1_114' title='bbox 1087 1779 1255 1843; x_wconf 73' lang='lat' dir='ltr'>icae</span> <span class='ocrx_word' id='word_1_115' title='bbox 1300 1778 1720 1845; x_wconf 86' lang='lat' dir='ltr'>demonstrari</span> <span class='ocrx_word' id='word_1_116' title='bbox 1765 1778 2083 1855; x_wconf 87' lang='lat' dir='ltr'>videatur,</span> <span class='ocrx_word' id='word_1_117' title='bbox 2133 1777 2418 1843; x_wconf 90' lang='lat' dir='ltr'>nondum</span> <span class='ocrx_word' id='word_1_118' title='bbox 2463 1781 2670 1843; x_wconf 88' lang='lat' dir='ltr'>inten-</span> 
     </span>
     <span class='ocr_line' id='line_1_15' title="bbox 278 1882 2670 1965; baseline 0 -17"><span class='ocrx_word' id='word_1_119' title='bbox 278 1883 449 1949; x_wconf 86' lang='lat' dir='ltr'>disse</span> <span class='ocrx_word' id='word_1_120' title='bbox 514 1884 954 1950; x_wconf 87' lang='lat' dir='ltr'>adversarium</span> <span class='ocrx_word' id='word_1_121' title='bbox 1016 1907 1103 1948; x_wconf 72' lang='lat' dir='ltr'>ea·</span> <span class='ocrx_word' id='word_1_122' title='bbox 1162 1885 1341 1948; x_wconf 74' lang='lat' dir='ltr'>iure</span> <span class='ocrx_word' id='word_1_123' title='bbox 1409 1882 1862 1965; x_wconf 70' lang='lat' dir='ltr'>Quiritium</span> <span class='ocrx_word' id='word_1_124' title='bbox 1925 1904 2063 1949; x_wconf 88' lang='lat' dir='ltr'>rem</span> <span class='ocrx_word' id='word_1_125' title='bbox 2109 1904 2293 1949; x_wconf 90' lang='lat' dir='ltr'>snam</span> <span class='ocrx_word' id='word_1_126' title='bbox 2341 1904 2511 1961; x_wconf 88' lang='lat' dir='ltr'>esse,</span> <span class='ocrx_word' id='word_1_127' title='bbox 2560 1883 2670 1949; x_wconf 90' lang='lat' dir='ltr'>sed</span> 
     </span>
     <span class='ocr_line' id='line_1_16' title="bbox 278 1988 2671 2077; baseline 0 -22"><span class='ocrx_word' id='word_1_128' title='bbox 278 1990 453 2076; x_wconf 90' lang='lat' dir='ltr'>quod</span> <span class='ocrx_word' id='word_1_129' title='bbox 497 1992 705 2076; x_wconf 81' lang='lat' dir='ltr'>ipsam</span> <span class='ocrx_word' id='word_1_130' title='bbox 753 2012 889 2056; x_wconf 88' lang='lat' dir='ltr'>rem</span> <span class='ocrx_word' id='word_1_131' title='bbox 932 2011 1319 2075; x_wconf 88' lang='lat' dir='ltr'>concoquere</span> <span class='ocrx_word' id='word_1_132' title='bbox 1365 1996 1662 2077; x_wconf 85' lang='lat' dir='ltr'>nequeat.</span> <span class='ocrx_word' id='word_1_133' title='bbox 1713 1988 1973 2056; x_wconf 81' lang='lat' dir='ltr'>Scilicet</span> <span class='ocrx_word' id='word_1_134' title='bbox 2011 1990 2361 2055; x_wconf 88' lang='lat' dir='ltr'>absurdum</span> <span class='ocrx_word' id='word_1_135' title='bbox 2390 1990 2444 2070; x_wconf 82' lang='lat'>⁰)</span> <span class='ocrx_word' id='word_1_136' title='bbox 2480 1995 2671 2075; x_wconf 91' lang='lat' dir='ltr'>putat</span> 
     </span>
     <span class='ocr_line' id='line_1_17' title="bbox 280 2095 2668 2182; baseline 0 -21"><span class='ocrx_word' id='word_1_137' title='bbox 280 2096 567 2176; x_wconf 86' lang='lat' dir='ltr'>Lotmar,</span> <span class='ocrx_word' id='word_1_138' title='bbox 632 2096 858 2162; x_wconf 90' lang='lat' dir='ltr'>debere</span> <span class='ocrx_word' id='word_1_139' title='bbox 922 2118 1348 2182; x_wconf 81' lang='lat' dir='ltr'>possessorem</span> <span class='ocrx_word' id='word_1_140' title='bbox 1410 2102 1523 2161; x_wconf 88' lang='lat' dir='ltr'>ant</span> <span class='ocrx_word' id='word_1_141' title='bbox 1583 2118 1722 2161; x_wconf 80' lang='lat' dir='ltr'>rem</span> <span class='ocrx_word' id='word_1_142' title='bbox 1767 2117 1952 2161; x_wconf 91' lang='lat' dir='ltr'>suam</span> <span class='ocrx_word' id='word_1_143' title='bbox 2000 2116 2136 2161; x_wconf 88' lang='lat' dir='ltr'>esse</span> <span class='ocrx_word' id='word_1_144' title='bbox 2179 2095 2510 2161; x_wconf 84' lang='lat' dir='ltr'>intendere</span> <span class='ocrx_word' id='word_1_145' title='bbox 2555 2102 2668 2162; x_wconf 91' lang='lat' dir='ltr'>aut</span> 
     </span>
     <span class='ocr_line' id='line_1_18' title="bbox 278 2202 2669 2288; baseline 0 -21"><span class='ocrx_word' id='word_1_146' title='bbox 278 2224 347 2267; x_wconf 90' lang='lat' dir='ltr'>re</span> <span class='ocrx_word' id='word_1_147' title='bbox 395 2222 640 2279; x_wconf 89' lang='lat' dir='ltr'>carere,</span> <span class='ocrx_word' id='word_1_148' title='bbox 687 2202 826 2268; x_wconf 89' lang='lat' dir='ltr'>fieri</span> <span class='ocrx_word' id='word_1_149' title='bbox 871 2208 1091 2268; x_wconf 87' lang='lat' dir='ltr'>autem</span> <span class='ocrx_word' id='word_1_150' title='bbox 1136 2224 1262 2269; x_wconf 90' lang='lat' dir='ltr'>non</span> <span class='ocrx_word' id='word_1_151' title='bbox 1311 2224 1493 2288; x_wconf 88' lang='lat' dir='ltr'>posse</span> <span class='ocrx_word' id='word_1_152' title='bbox 1541 2204 1695 2288; x_wconf 89' lang='lat' dir='ltr'>quin</span> <span class='ocrx_word' id='word_1_153' title='bbox 1743 2202 1810 2266; x_wconf 92' lang='lat' dir='ltr'>id</span> <span class='ocrx_word' id='word_1_154' title='bbox 1849 2224 2101 2287; x_wconf 88' lang='lat' dir='ltr'>semper</span> <span class='ocrx_word' id='word_1_155' title='bbox 2141 2202 2414 2268; x_wconf 86' lang='lat' dir='ltr'>Romani</span> <span class='ocrx_word' id='word_1_156' title='bbox 2454 2203 2669 2268; x_wconf 86' lang='lat' dir='ltr'>absur-</span> 
     </span>
     <span class='ocr_line' id='line_1_19' title="bbox 276 2308 2666 2395; baseline 0.001 -24"><span class='ocrx_word' id='word_1_157' title='bbox 276 2308 433 2372; x_wconf 86' lang='lat' dir='ltr'>dum</span> <span class='ocrx_word' id='word_1_158' title='bbox 500 2330 636 2373; x_wconf 90' lang='lat' dir='ltr'>esse</span> <span class='ocrx_word' id='word_1_159' title='bbox 696 2308 1154 2375; x_wconf 81' lang='lat' dir='ltr'>intellexerint.</span> <span class='ocrx_word' id='word_1_160' title='bbox 1218 2308 1340 2375; x_wconf 88' lang='lat' dir='ltr'>Cui</span> <span class='ocrx_word' id='word_1_161' title='bbox 1387 2308 1804 2393; x_wconf 88' lang='lat' dir='ltr'>respondebo:</span> <span class='ocrx_word' id='word_1_162' title='bbox 1855 2329 2187 2395; x_wconf 89' lang='lat' dir='ltr'>nunquam</span> <span class='ocrx_word' id='word_1_163' title='bbox 2232 2309 2301 2374; x_wconf 91' lang='lat' dir='ltr'>id</span> <span class='ocrx_word' id='word_1_164' title='bbox 2345 2309 2666 2375; x_wconf 90' lang='lat' dir='ltr'>Romanos</span> 
     </span>
     <span class='ocr_line' id='line_1_20' title="bbox 276 2413 2662 2500; baseline 0 -21"><span class='ocrx_word' id='word_1_165' title='bbox 276 2413 719 2480; x_wconf 88' lang='lat' dir='ltr'>intellecturos</span> <span class='ocrx_word' id='word_1_166' title='bbox 782 2416 1014 2493; x_wconf 87' lang='lat' dir='ltr'>fuisse,</span> <span class='ocrx_word' id='word_1_167' title='bbox 1062 2416 1221 2492; x_wconf 90' lang='lat' dir='ltr'>nisi,</span> <span class='ocrx_word' id='word_1_168' title='bbox 1272 2435 1472 2500; x_wconf 91' lang='lat' dir='ltr'>quum</span> <span class='ocrx_word' id='word_1_169' title='bbox 1522 2414 1924 2500; x_wconf 88' lang='lat' dir='ltr'>aliquamdiu</span> <span class='ocrx_word' id='word_1_170' title='bbox 1967 2418 2038 2479; x_wconf 88' lang='lat' dir='ltr'>in</span> <span class='ocrx_word' id='word_1_171' title='bbox 2084 2436 2158 2481; x_wconf 92' lang='lat' dir='ltr'>ea</span> <span class='ocrx_word' id='word_1_172' title='bbox 2204 2435 2270 2480; x_wconf 87' lang='lat' dir='ltr'>re</span> <span class='ocrx_word' id='word_1_173' title='bbox 2317 2421 2662 2492; x_wconf 85' lang='lat' dir='ltr'>errassent,</span> 
     </span>
     <span class='ocr_line' id='line_1_21' title="bbox 275 2521 2663 2608; baseline 0 -22"><span class='ocrx_word' id='word_1_174' title='bbox 275 2524 435 2608; x_wconf 87' lang='lat' dir='ltr'>ipsis</span> <span class='ocrx_word' id='word_1_175' title='bbox 482 2542 699 2587; x_wconf 89' lang='lat' dir='ltr'>rerum</span> <span class='ocrx_word' id='word_1_176' title='bbox 743 2521 1178 2600; x_wconf 83' lang='lat' dir='ltr'>documentis,</span> <span class='ocrx_word' id='word_1_177' title='bbox 1227 2544 1420 2607; x_wconf 88' lang='lat' dir='ltr'>quam</span> <span class='ocrx_word' id='word_1_178' title='bbox 1466 2521 1533 2587; x_wconf 90' lang='lat' dir='ltr'>id</span> <span class='ocrx_word' id='word_1_179' title='bbox 1581 2544 1705 2587; x_wconf 91' lang='lat' dir='ltr'>non</span> <span class='ocrx_word' id='word_1_180' title='bbox 1754 2522 2100 2608; x_wconf 83' lang='lat' dir='ltr'>expediret,</span> <span class='ocrx_word' id='word_1_181' title='bbox 2149 2525 2394 2608; x_wconf 85' lang='lat' dir='ltr'>experti</span> <span class='ocrx_word' id='word_1_182' title='bbox 2435 2527 2663 2588; x_wconf 86' lang='lat' dir='ltr'>essent.</span> 
     </span>
     <span class='ocr_line' id='line_1_22' title="bbox 274 2628 2666 2714; baseline 0.001 -22"><span class='ocrx_word' id='word_1_183' title='bbox 274 2628 453 2714; x_wconf 80' lang='lat' dir='ltr'>Ergo</span> <span class='ocrx_word' id='word_1_184' title='bbox 488 2629 916 2713; x_wconf 75' lang='lat' dir='ltr'>pel-stabimus</span> <span class='ocrx_word' id='word_1_185' title='bbox 954 2631 1019 2691; x_wconf 88' lang='lat' dir='ltr'>in</span> <span class='ocrx_word' id='word_1_186' title='bbox 1058 2630 1349 2713; x_wconf 89' lang='lat' dir='ltr'>opinione</span> <span class='ocrx_word' id='word_1_187' title='bbox 1391 2631 1752 2694; x_wconf 89' lang='lat' dir='ltr'>communi:</span> <span class='ocrx_word' id='word_1_188' title='bbox 1796 2650 1998 2714; x_wconf 88' lang='lat' dir='ltr'>quum</span> <span class='ocrx_word' id='word_1_189' title='bbox 2022 2629 2423 2694; x_wconf 87' lang='lat' dir='ltr'>adversarius</span> <span class='ocrx_word' id='word_1_190' title='bbox 2445 2635 2666 2695; x_wconf 89' lang='lat' dir='ltr'>contra</span> 
     </span>
     <span class='ocr_line' id='line_1_23' title="bbox 273 2733 2663 2813; baseline 0 -15"><span class='ocrx_word' id='word_1_191' title='bbox 273 2755 401 2800; x_wconf 90' lang='lat' dir='ltr'>non</span> <span class='ocrx_word' id='word_1_192' title='bbox 450 2734 767 2812; x_wconf 89' lang='lat' dir='ltr'>vindicet,</span> <span class='ocrx_word' id='word_1_193' title='bbox 818 2737 1017 2800; x_wconf 90' lang='lat' dir='ltr'>actori</span> <span class='ocrx_word' id='word_1_194' title='bbox 1055 2754 1192 2799; x_wconf 91' lang='lat' dir='ltr'>rem</span> <span class='ocrx_word' id='word_1_195' title='bbox 1233 2734 1439 2799; x_wconf 87' lang='lat' dir='ltr'>addici</span> <span class='ocrx_word' id='word_1_196' title='bbox 1479 2733 1739 2799; x_wconf 86' lang='lat' dir='ltr'>solitam</span> <span class='ocrx_word' id='word_1_197' title='bbox 1781 2733 1958 2800; x_wconf 91' lang='lat' dir='ltr'>nullo</span> <span class='ocrx_word' id='word_1_198' title='bbox 1997 2735 2397 2813; x_wconf 89' lang='lat' dir='ltr'>discrimine,</span> <span class='ocrx_word' id='word_1_199' title='bbox 2437 2743 2663 2800; x_wconf 88' lang='lat' dir='ltr'>utrum</span> 
     </span>
     <span class='ocr_line' id='line_1_24' title="bbox 271 2827 2664 2926; baseline 0.001 -22"><span class='ocrx_word' id='word_1_200' title='bbox 271 2840 591 2906; x_wconf 87' lang='lat' dir='ltr'>hereditas</span> <span class='ocrx_word' id='word_1_201' title='bbox 635 2861 719 2906; x_wconf 86' lang='lat' dir='ltr'>an</span> <span class='ocrx_word' id='word_1_202' title='bbox 767 2827 1109 2926; x_wconf 82' lang='lat' dir='ltr'>corporalis</span> <span class='ocrx_word' id='word_1_203' title='bbox 1149 2861 1249 2905; x_wconf 92' lang='lat' dir='ltr'>res</span> <span class='ocrx_word' id='word_1_204' title='bbox 1284 2843 1352 2905; x_wconf 94' lang='lat' dir='ltr'>in</span> <span class='ocrx_word' id='word_1_205' title='bbox 1394 2840 1891 2907; x_wconf 88' lang='lat' dir='ltr'>vindicationem</span> <span class='ocrx_word' id='word_1_206' title='bbox 1932 2843 2233 2906; x_wconf 87' lang='lat' dir='ltr'>venisset.</span> <span class='ocrx_word' id='word_1_207' title='bbox 2284 2840 2481 2907; x_wconf 89' lang='lat' dir='ltr'>Plane</span> <span class='ocrx_word' id='word_1_208' title='bbox 2519 2847 2664 2926; x_wconf 90' lang='lat' dir='ltr'>post</span> 
     </span>
     <span class='ocr_line' id='line_1_25' title="bbox 272 2945 2662 3034; baseline -0 -21"><span class='ocrx_word' id='word_1_209' title='bbox 272 2948 696 3013; x_wconf 89' lang='lat' dir='ltr'>hereditatem</span> <span class='ocrx_word' id='word_1_210' title='bbox 745 2947 1065 3013; x_wconf 88' lang='lat' dir='ltr'>addictam</span> <span class='ocrx_word' id='word_1_211' title='bbox 1112 2952 1404 3034; x_wconf 88' lang='lat' dir='ltr'>superest</span> <span class='ocrx_word' id='word_1_212' title='bbox 1440 2945 1847 3034; x_wconf 83' lang='lat' dir='ltr'>singularum</span> <span class='ocrx_word' id='word_1_213' title='bbox 1889 2968 2106 3012; x_wconf 91' lang='lat' dir='ltr'>rerum</span> <span class='ocrx_word' id='word_1_214' title='bbox 2145 2969 2222 3012; x_wconf 83' lang='lat' dir='ltr'>ex</span> <span class='ocrx_word' id='word_1_215' title='bbox 2262 2968 2450 3013; x_wconf 90' lang='lat' dir='ltr'>causa</span> <span class='ocrx_word' id='word_1_216' title='bbox 2488 2947 2662 3012; x_wconf 90' lang='lat' dir='ltr'>here-</span> 
     </span>
     <span class='ocr_line' id='line_1_26' title="bbox 272 3052 2660 3140; baseline 0 -21"><span class='ocrx_word' id='word_1_217' title='bbox 272 3053 505 3119; x_wconf 87' lang='lat' dir='ltr'>ditaria</span> <span class='ocrx_word' id='word_1_218' title='bbox 566 3053 935 3119; x_wconf 82' lang='lat' dir='ltr'>vindicatiO.</span> <span class='ocrx_word' id='word_1_219' title='bbox 984 3053 1155 3140; x_wconf 79' lang='lat' dir='ltr'>Ergo</span> <span class='ocrx_word' id='word_1_220' title='bbox 1202 3075 1328 3118; x_wconf 90' lang='lat' dir='ltr'>non</span> <span class='ocrx_word' id='word_1_221' title='bbox 1375 3058 1545 3119; x_wconf 88' lang='lat' dir='ltr'>recte</span> <span class='ocrx_word' id='word_1_222' title='bbox 1592 3053 1776 3119; x_wconf 91' lang='lat' dir='ltr'>docet</span> <span class='ocrx_word' id='word_1_223' title='bbox 1821 3052 2192 3118; x_wconf 90' lang='lat' dir='ltr'>Ubbelohde</span> <span class='ocrx_word' id='word_1_224' title='bbox 2221 3053 2291 3135; x_wconf 80' lang='lat'>⁷),</span> <span class='ocrx_word' id='word_1_225' title='bbox 2355 3053 2660 3120; x_wconf 88' lang='lat' dir='ltr'>adversus</span> 
     </span>
    </p>
   </div>
   <div class='ocr_carea' id='block_1_3' title="bbox 276 3206 669 3220">
    <p class='ocr_par' dir='ltr' id='par_1_3' title="bbox 276 3206 669 3220">
     <span class='ocr_line' id='line_1_27' title="bbox 276 3206 669 3220; baseline 0 0"><span class='ocrx_word' id='word_1_226' title='bbox 276 3206 669 3220; x_wconf 95' lang='lat' dir='ltr'> </span> 
     </span>
    </p>
   </div>
   <div class='ocr_carea' id='block_1_4' title="bbox 340 3300 2661 3448">
    <p class='ocr_par' dir='ltr' id='par_1_4' title="bbox 340 3300 2661 3448">
     <span class='ocr_line' id='line_1_28' title="bbox 340 3300 2661 3448; baseline 0 -16"><span class='ocrx_word' id='word_1_227' title='bbox 340 3302 397 3446; x_wconf 51' lang='grc' dir='ltr'>ἐξ</span> <span class='ocrx_word' id='word_1_228' title='bbox 434 3300 1009 3448; x_wconf 47' lang='lat' dir='ltr'>{ille-tfimi‘gseplazzgmar</span> <span class='ocrx_word' id='word_1_229' title='bbox 1042 3381 1179 3445; x_wconf 69' lang='lat' dir='ltr'>(brit.</span> <span class='ocrx_word' id='word_1_230' title='bbox 1217 3377 1357 3431; x_wconf 70' lang='lat' dir='ltr'>stad.</span> <span class='ocrx_word' id='word_1_231' title='bbox 1392 3397 1440 3446; x_wconf 86' lang='lat' dir='ltr'>p.</span> <span class='ocrx_word' id='word_1_232' title='bbox 1477 3381 1561 3441; x_wconf 87' lang='grc'>83)</span> <span class='ocrx_word' id='word_1_233' title='bbox 1595 3383 1816 3430; x_wconf 76' lang='lat' dir='ltr'>neutram</span> <span class='ocrx_word' id='word_1_234' title='bbox 1849 3379 2136 3429; x_wconf 75' lang='lat' dir='ltr'>sententiam</span> <span class='ocrx_word' id='word_1_235' title='bbox 2175 3379 2327 3430; x_wconf 75' lang='lat' dir='ltr'>altera</span> <span class='ocrx_word' id='word_1_236' title='bbox 2362 3396 2460 3431; x_wconf 73' lang='lat' dir='ltr'>esec</span> <span class='ocrx_word' id='word_1_237' title='bbox 2495 3381 2661 3447; x_wconf 80' lang='lat' dir='ltr'>proba·</span> 
     </span>
    </p>
   </div>
   <div class='ocr_carea' id='block_1_5' title="bbox 268 3465 2661 3778">
    <p class='ocr_par' dir='ltr' id='par_1_5' title="bbox 268 3465 2661 3778">
     <span class='ocr_line' id='line_1_29' title="bbox 268 3465 2661 3612; baseline 0 -14"><span class='ocrx_word' id='word_1_238' title='bbox 268 3465 620 3612; x_wconf 42' lang='lat' dir='ltr'>hhg&#39;ssZLohr-</span> <span class='ocrx_word' id='word_1_239' title='bbox 655 3549 740 3597; x_wconf 78' lang='lat' dir='ltr'>der</span> <span class='ocrx_word' id='word_1_240' title='bbox 776 3544 979 3596; x_wconf 62' lang='lat' dir='ltr'>Sam-St.</span> <span class='ocrx_word' id='word_1_241' title='bbox 1014 3544 1095 3594; x_wconf 91' lang='lat'>111</span> <span class='ocrx_word' id='word_1_242' title='bbox 1131 3547 1301 3610; x_wconf 79' lang='lat'>(1882)</span> <span class='ocrx_word' id='word_1_243' title='bbox 1334 3561 1380 3610; x_wconf 86' lang='lat' dir='ltr'>p.</span> <span class='ocrx_word' id='word_1_244' title='bbox 1420 3547 1541 3596; x_wconf 74' lang='lat'>1252</span> <span class='ocrx_word' id='word_1_245' title='bbox 1582 3545 1690 3596; x_wconf 66' lang='lat' dir='ltr'>‚die</span> <span class='ocrx_word' id='word_1_246' title='bbox 1723 3548 1878 3612; x_wconf 73' lang='lat' dir='ltr'>Fraqe</span> <span class='ocrx_word' id='word_1_247' title='bbox 1911 3546 2102 3612; x_wconf 78' lang='lat' dir='ltr'>postulo</span> <span class='ocrx_word' id='word_1_248' title='bbox 2135 3561 2258 3595; x_wconf 84' lang='lat' dir='ltr'>anne</span> <span class='ocrx_word' id='word_1_249' title='bbox 2291 3545 2418 3595; x_wconf 79' lang='lat' dir='ltr'>dicas</span> <span class='ocrx_word' id='word_1_250' title='bbox 2451 3563 2550 3596; x_wconf 76' lang='lat' dir='ltr'>war</span> <span class='ocrx_word' id='word_1_251' title='bbox 2579 3585 2590 3596; x_wconf 91' lang='lat'>.</span> <span class='ocrx_word' id='word_1_252' title='bbox 2613 3586 2623 3596; x_wconf 93' lang='lat'>.</span> <span class='ocrx_word' id='word_1_253' title='bbox 2647 3584 2661 3599; x_wconf 92' lang='lat'>.</span> 
     </span>
     <span class='ocr_line' id='line_1_30' title="bbox 268 3627 2660 3695; baseline 0 -16"><span class='ocrx_word' id='word_1_254' title='bbox 268 3630 535 3695; x_wconf 73' lang='lat' dir='ltr'>notwendiq</span> <span class='ocrx_word' id='word_1_255' title='bbox 589 3647 663 3679; x_wconf 68' lang='lat' dir='ltr'>am</span> <span class='ocrx_word' id='word_1_256' title='bbox 715 3630 821 3679; x_wconf 77' lang='lat' dir='ltr'>eine</span> <span class='ocrx_word' id='word_1_257' title='bbox 877 3627 1181 3692; x_wconf 73' lang='lat' dir='ltr'>Gnmdlaqo”</span> <span class='ocrx_word' id='word_1_258' title='bbox 1234 3627 1521 3692; x_wconf 81' lang='lat' dir='ltr'>(elegantius</span> <span class='ocrx_word' id='word_1_259' title='bbox 1569 3629 1782 3688; x_wconf 71' lang='lat' dir='ltr'>Lotmnr,</span> <span class='ocrx_word' id='word_1_260' title='bbox 1831 3644 1918 3678; x_wconf 68' lang='lat' dir='ltr'>rur</span> <span class='ocrx_word' id='word_1_261' title='bbox 1961 3627 2079 3692; x_wconf 80' lang='lat' dir='ltr'>legia</span> <span class='ocrx_word' id='word_1_262' title='bbox 2123 3628 2247 3677; x_wconf 76' lang='lat' dir='ltr'>actio</span> <span class='ocrx_word' id='word_1_263' title='bbox 2297 3644 2344 3693; x_wconf 87' lang='lat' dir='ltr'>p.</span> <span class='ocrx_word' id='word_1_264' title='bbox 2381 3629 2503 3677; x_wconf 78' lang='lat'>143:</span> <span class='ocrx_word' id='word_1_265' title='bbox 2544 3629 2660 3679; x_wconf 68' lang='lat' dir='ltr'>udas</span> 
     </span>
     <span class='ocr_line' id='line_1_31' title="bbox 276 3709 2659 3778; baseline 0 -16"><span class='ocrx_word' id='word_1_266' title='bbox 276 3710 590 3774; x_wconf 55' lang='lat' dir='ltr'>Stickworff)</span> <span class='ocrx_word' id='word_1_267' title='bbox 640 3714 758 3778; x_wconf 66' lang='lat' dir='ltr'>..fir</span> <span class='ocrx_word' id='word_1_268' title='bbox 789 3712 868 3762; x_wconf 74' lang='lat' dir='ltr'>die</span> <span class='ocrx_word' id='word_1_269' title='bbox 911 3711 1070 3762; x_wconf 75' lang='lat' dir='ltr'>Wette</span> <span class='ocrx_word' id='word_1_270' title='bbox 1104 3727 1164 3760; x_wconf 71' lang='lat' dir='ltr'>zu</span> <span class='ocrx_word' id='word_1_271' title='bbox 1195 3710 1488 3774; x_wconf 70' lang='lat' dir='ltr'>qewinnen’&#39;.</span> <span class='ocrx_word' id='word_1_272' title='bbox 1524 3711 1719 3760; x_wconf 81' lang='lat' dir='ltr'>Invenit</span> <span class='ocrx_word' id='word_1_273' title='bbox 1749 3710 2036 3760; x_wconf 79' lang='lat' dir='ltr'>sententiam</span> <span class='ocrx_word' id='word_1_274' title='bbox 2071 3710 2196 3776; x_wconf 81' lang='lat' dir='ltr'>apud</span> <span class='ocrx_word' id='word_1_275' title='bbox 2234 3709 2512 3775; x_wconf 86' lang='lat' dir='ltr'>Philippum</span> <span class='ocrx_word' id='word_1_276' title='bbox 2546 3711 2659 3762; x_wconf 81' lang='lat' dir='ltr'>Lot-</span> 
     </span>
    </p>
   </div>
   <div class='ocr_carea' id='block_1_6' title="bbox 272 3794 2660 3943">
    <p class='ocr_par' dir='ltr' id='par_1_6' title="bbox 272 3794 2660 3943">
     <span class='ocr_line' id='line_1_32' title="bbox 272 3794 1013 3859; baseline -0.003 -14"><span class='ocrx_word' id='word_1_277' title='bbox 272 3811 392 3854; x_wconf 76' lang='lat' dir='ltr'>mar,</span> <span class='ocrx_word' id='word_1_278' title='bbox 426 3812 515 3846; x_wconf 72' lang='lat' dir='ltr'>zur</span> <span class='ocrx_word' id='word_1_279' title='bbox 547 3794 665 3859; x_wconf 81' lang='lat' dir='ltr'>legis</span> <span class='ocrx_word' id='word_1_280' title='bbox 694 3794 818 3844; x_wconf 79' lang='lat' dir='ltr'>actio</span> <span class='ocrx_word' id='word_1_281' title='bbox 854 3809 898 3858; x_wconf 82' lang='lat' dir='ltr'>p.</span> <span class='ocrx_word' id='word_1_282' title='bbox 934 3794 1013 3843; x_wconf 82' lang='lat'>68.</span> 
     </span>
     <span class='ocr_line' id='line_1_33' title="bbox 338 3874 2660 3943; baseline 0 -17"><span class='ocrx_word' id='word_1_283' title='bbox 338 3881 397 3943; x_wconf 76' lang='lat'>4)</span> <span class='ocrx_word' id='word_1_284' title='bbox 443 3877 495 3926; x_wconf 80' lang='lat' dir='ltr'>si</span> <span class='ocrx_word' id='word_1_285' title='bbox 541 3893 635 3927; x_wconf 88' lang='lat' dir='ltr'>non</span> <span class='ocrx_word' id='word_1_286' title='bbox 682 3881 752 3925; x_wconf 82' lang='lat' dir='ltr'>est</span> <span class='ocrx_word' id='word_1_287' title='bbox 786 3891 1093 3941; x_wconf 73' lang='lat' dir='ltr'>supervenea,</span> <span class='ocrx_word' id='word_1_288' title='bbox 1128 3877 1254 3940; x_wconf 90' lang='lat' dir='ltr'>qnod</span> <span class='ocrx_word' id='word_1_289' title='bbox 1290 3876 1393 3924; x_wconf 82' lang='lat' dir='ltr'>fleri</span> <span class='ocrx_word' id='word_1_290' title='bbox 1425 3891 1559 3940; x_wconf 81' lang='lat' dir='ltr'>posse</span> <span class='ocrx_word' id='word_1_291' title='bbox 1596 3879 1734 3939; x_wconf 80' lang='lat' dir='ltr'>negat</span> <span class='ocrx_word' id='word_1_292' title='bbox 1773 3875 1916 3934; x_wconf 84' lang='lat' dir='ltr'>Roth,</span> <span class='ocrx_word' id='word_1_293' title='bbox 1953 3874 2021 3924; x_wconf 85' lang='lat' dir='ltr'>1.l.</span> <span class='ocrx_word' id='word_1_294' title='bbox 2059 3891 2103 3939; x_wconf 87' lang='lat' dir='ltr'>p.</span> <span class='ocrx_word' id='word_1_295' title='bbox 2142 3875 2238 3922; x_wconf 80' lang='lat'>124</span> <span class='ocrx_word' id='word_1_296' title='bbox 2274 3875 2458 3936; x_wconf 64' lang='lat' dir='ltr'>(udins</span> <span class='ocrx_word' id='word_1_297' title='bbox 2499 3876 2660 3928; x_wconf 78' lang='lat' dir='ltr'>Worto</span> 
     </span>
    </p>
   </div>
   <div class='ocr_carea' id='block_1_7' title="bbox 272 3956 2660 4024">
    <p class='ocr_par' dir='ltr' id='par_1_7' title="bbox 272 3956 2660 4024">
     <span class='ocr_line' id='line_1_34' title="bbox 272 3956 2660 4024; baseline -0.001 -14"><span class='ocrx_word' id='word_1_298' title='bbox 272 3961 447 4024; x_wconf 75' lang='lat' dir='ltr'>haben)</span> <span class='ocrx_word' id='word_1_299' title='bbox 493 3961 612 4010; x_wconf 74' lang='lat' dir='ltr'>doch</span> <span class='ocrx_word' id='word_1_300' title='bbox 656 3975 685 4008; x_wconf 89' lang='lat'><em>0</em></span> <span class='ocrx_word' id='word_1_301' title='bbox 684 3959 963 4024; x_wconf 76' lang='lat' dir='ltr'>ffenbar</span> <span class='ocrx_word' id='word_1_302' title='bbox 1008 3958 1144 4008; x_wconf 75' lang='lat' dir='ltr'>einen</span> <span class='ocrx_word' id='word_1_303' title='bbox 1188 3958 1517 4008; x_wconf 68' lang='lat' dir='ltr'>montlicken</span> <span class='ocrx_word' id='word_1_304' title='bbox 1566 3956 1879 4008; x_wconf 68' lang='lat' dir='ltr'>Butandteil</span> <span class='ocrx_word' id='word_1_305' title='bbox 1920 3958 2007 4006; x_wconf 77' lang='lat' dir='ltr'>der</span> <span class='ocrx_word' id='word_1_306' title='bbox 2039 3959 2233 4006; x_wconf 69' lang='lat' dir='ltr'>Fornace</span> <span class='ocrx_word' id='word_1_307' title='bbox 2257 3957 2532 4022; x_wconf 46' lang='lat' dir='ltr'>qebildet’a,</span> <span class='ocrx_word' id='word_1_308' title='bbox 2565 3960 2660 4008; x_wconf 82' lang='lat' dir='ltr'>erit</span> 
     </span>
    </p>
   </div>
   <div class='ocr_carea' id='block_1_8' title="bbox 270 4041 659 4093">
    <p class='ocr_par' dir='ltr' id='par_1_8' title="bbox 270 4041 659 4093">
     <span class='ocr_line' id='line_1_35' title="bbox 270 4041 659 4093; baseline -0.008 0"><span class='ocrx_word' id='word_1_309' title='bbox 270 4059 365 4093; x_wconf 86' lang='lat' dir='ltr'>non</span> <span class='ocrx_word' id='word_1_310' title='bbox 386 4041 659 4092; x_wconf 65' lang='lat' dir='ltr'>intellecta.</span> 
     </span>
    </p>
   </div>
   <div class='ocr_carea' id='block_1_9' title="bbox 339 4119 2658 4275">
    <p class='ocr_par' dir='ltr' id='par_1_9' title="bbox 339 4119 2658 4275">
     <span class='ocr_line' id='line_1_36' title="bbox 340 4119 1435 4192; baseline -0.005 -16"><span class='ocrx_word' id='word_1_311' title='bbox 340 4127 395 4192; x_wconf 81' lang='lat'>5)</span> <span class='ocrx_word' id='word_1_312' title='bbox 428 4125 725 4190; x_wconf 54' lang='lat' dir='ltr'>Festschrift</span> <span class='ocrx_word' id='word_1_313' title='bbox 746 4125 849 4190; x_wconf 77' lang='lat' dir='ltr'>fiir</span> <span class='ocrx_word' id='word_1_314' title='bbox 884 4139 968 4174; x_wconf 77' lang='lat' dir='ltr'>von</span> <span class='ocrx_word' id='word_1_315' title='bbox 1006 4119 1210 4188; x_wconf 62' lang='grc' dir='ltr'>δμῳαὶ</span> <span class='ocrx_word' id='word_1_316' title='bbox 1240 4139 1287 4188; x_wconf 89' lang='lat' dir='ltr'>p.</span> <span class='ocrx_word' id='word_1_317' title='bbox 1328 4123 1435 4172; x_wconf 79' lang='lat'>123.</span> 
     </span>
     <span class='ocr_line' id='line_1_37' title="bbox 339 4201 2658 4275; baseline -0.002 -16"><span class='ocrx_word' id='word_1_318' title='bbox 339 4211 396 4275; x_wconf 78' lang='lat'>6)</span> <span class='ocrx_word' id='word_1_319' title='bbox 440 4211 537 4259; x_wconf 73' lang='lat' dir='ltr'>Zur</span> <span class='ocrx_word' id='word_1_320' title='bbox 582 4207 700 4272; x_wconf 81' lang='lat' dir='ltr'>legis</span> <span class='ocrx_word' id='word_1_321' title='bbox 745 4207 869 4255; x_wconf 84' lang='lat' dir='ltr'>actio</span> <span class='ocrx_word' id='word_1_322' title='bbox 918 4221 963 4270; x_wconf 84' lang='lat' dir='ltr'>p.</span> <span class='ocrx_word' id='word_1_323' title='bbox 1010 4206 1102 4255; x_wconf 63' lang='lat'>12³</span> <span class='ocrx_word' id='word_1_324' title='bbox 1159 4205 1331 4254; x_wconf 61' lang='lat' dir='ltr'>‚wider</span> <span class='ocrx_word' id='word_1_325' title='bbox 1376 4206 1475 4254; x_wconf 79' lang='lat' dir='ltr'>allo</span> <span class='ocrx_word' id='word_1_326' title='bbox 1517 4221 1579 4253; x_wconf 71' lang='lat' dir='ltr'>zu</span> <span class='ocrx_word' id='word_1_327' title='bbox 1622 4206 1914 4254; x_wconf 67' lang='lat' dir='ltr'>erucas-tende</span> <span class='ocrx_word' id='word_1_328' title='bbox 1953 4201 2241 4268; x_wconf 71' lang='lat' dir='ltr'>Ordnuny&#39;&#39;,·</span> <span class='ocrx_word' id='word_1_329' title='bbox 2281 4205 2412 4254; x_wconf 75' lang='lat' dir='ltr'>Krit.</span> <span class='ocrx_word' id='word_1_330' title='bbox 2449 4203 2658 4256; x_wconf 71' lang='lat' dir='ltr'>Studien</span> 
     </span>
    </p>
   </div>
   <div class='ocr_carea' id='block_1_10' title="bbox 270 4286 2656 4523">
    <p class='ocr_par' dir='ltr' id='par_1_10' title="bbox 270 4286 2656 4523">
     <span class='ocr_line' id='line_1_38' title="bbox 270 4286 2656 4359; baseline -0.002 -17"><span class='ocrx_word' id='word_1_331' title='bbox 270 4309 317 4359; x_wconf 86' lang='lat' dir='ltr'>p.</span> <span class='ocrx_word' id='word_1_332' title='bbox 368 4293 489 4342; x_wconf 72' lang='lat'>1182</span> <span class='ocrx_word' id='word_1_333' title='bbox 542 4291 674 4341; x_wconf 62' lang='lat' dir='ltr'>‚eine</span> <span class='ocrx_word' id='word_1_334' title='bbox 716 4289 1071 4340; x_wconf 67' lang='lat' dir='ltr'>unerkzarticke</span> <span class='ocrx_word' id='word_1_335' title='bbox 1118 4287 1427 4347; x_wconf 64' lang='lat' dir='ltr'>Thatsachd’,</span> <span class='ocrx_word' id='word_1_336' title='bbox 1475 4286 1585 4337; x_wconf 84' lang='lat' dir='ltr'>ibid.</span> <span class='ocrx_word' id='word_1_337' title='bbox 1606 4327 1618 4346; x_wconf 89' lang='lat'>,</span> <span class='ocrx_word' id='word_1_338' title='bbox 1669 4288 1803 4338; x_wconf 63' lang='lat' dir='ltr'>‚eine</span> <span class='ocrx_word' id='word_1_339' title='bbox 1849 4286 2273 4352; x_wconf 56' lang='lat' dir='ltr'>Unqoreintbeit’z</span> <span class='ocrx_word' id='word_1_340' title='bbox 2318 4304 2364 4352; x_wconf 86' lang='lat' dir='ltr'>p.</span> <span class='ocrx_word' id='word_1_341' title='bbox 2407 4290 2498 4340; x_wconf 77' lang='lat'>66:</span> <span class='ocrx_word' id='word_1_342' title='bbox 2551 4289 2656 4339; x_wconf 59' lang='lat' dir='ltr'>‚ein</span> 
     </span>
     <span class='ocr_line' id='line_1_39' title="bbox 286 4371 1976 4523; baseline -0.005 -13"><span class='ocrx_word' id='word_1_343' title='bbox 286 4371 567 4523; x_wconf 45' lang='grc' dir='ltr'>ιζκῗώδὲω</span> <span class='ocrx_word' id='word_1_344' title='bbox 596 4458 683 4507; x_wconf 77' lang='lat' dir='ltr'>der</span> <span class='ocrx_word' id='word_1_345' title='bbox 718 4455 907 4506; x_wconf 65' lang='grc' dir='ltr'><em>Βιῖσὴσν</em></span> <span class='ocrx_word' id='word_1_346' title='bbox 940 4457 1006 4504; x_wconf 82' lang='lat'>43</span> <span class='ocrx_word' id='word_1_347' title='bbox 1044 4456 1145 4506; x_wconf 77' lang='lat' dir='ltr'>und</span> <span class='ocrx_word' id='word_1_348' title='bbox 1173 4457 1255 4514; x_wconf 81' lang='lat'>44,</span> <span class='ocrx_word' id='word_1_349' title='bbox 1293 4453 1372 4503; x_wconf 90' lang='lat'>111</span> <span class='ocrx_word' id='word_1_350' title='bbox 1407 4470 1453 4519; x_wconf 86' lang='lat' dir='ltr'>p.</span> <span class='ocrx_word' id='word_1_351' title='bbox 1489 4456 1522 4501; x_wconf 83' lang='lat'><em>4</em></span> <span class='ocrx_word' id='word_1_352' title='bbox 1556 4458 1635 4516; x_wconf 85' lang='lat'>(--</span> <span class='ocrx_word' id='word_1_353' title='bbox 1682 4453 1722 4500; x_wconf 85' lang='lat' dir='ltr'>V</span> <span class='ocrx_word' id='word_1_354' title='bbox 1757 4469 1805 4518; x_wconf 87' lang='lat' dir='ltr'>p.</span> <span class='ocrx_word' id='word_1_355' title='bbox 1843 4453 1976 4514; x_wconf 66' lang='lat'>64⁴).</span> 
     </span>
    </p>
   </div>
  </div>
 </body>
</html>
