3246 5085
1286 394 1597 444 nous-rus.
2505 377 2637 443 419
2681 362 2684 369 ’

252 566 516 649 propter
560 560 899 639 scholium,
946 561 1114 647 quod
1160 582 1311 627 mox
1358 561 1626 627 referam
1677 560 1758 625 ad
1804 558 1866 625 11
1917 561 1976 627 1.
2003 560 2113 627 24.
2165 560 2428 628 Praeter
2474 561 2642 627 hunc

258 669 421 734 duos
465 670 662 734 etiam
710 672 997 733 auctores
1046 666 1331 734 Donatus
1377 667 1779 754 designavit,
1826 669 1961 734 sive
2009 669 2077 733 hi
2117 674 2648 734 commentatores

258 776 559 853 fuerunt,
609 776 751 839 sive
792 776 1177 860 interpretes
1220 773 1539 853 Terentii,
1586 794 1866 860 quorum
1909 774 2196 841 doctrina
2245 797 2278 841 e
2323 774 2537 841 schola
2581 777 2649 839 iu

258 880 598 968 publicum
647 882 895 946 exierit.
1582 930 1585 935 -

357 985 519 1052 Ibid.
568 985 654 1051 25
721 985 809 1051 Ut
856 988 1242 1072 pernoscatis
1288 985 1511 1070 ecquid
1561 988 1700 1073 spei
1746 988 1831 1051 sit
1873 984 2197 1072 reliquum

363 1094 459 1174 (2)
510 1092 945 1178 „Reliquum”
993 1099 1145 1158 sunt
1191 1096 1305 1178 qui
1354 1092 1836 1178 „reliquorum”
1884 1096 2235 1180 accipiunt,
2284 1099 2360 1159 ut
2396 1096 2483 1159 sit
2519 1116 2654 1159 sen-

264 1220 413 1267 sus:
472 1199 549 1265 de
592 1199 711 1265 hac
758 1198 975 1265 fabula
1021 1202 1260 1265 sumite
1307 1202 1580 1285 speciem
1604 1247 1621 1278 ,
1671 1204 1746 1264 ut
1792 1201 2009 1292 sciatis
2055 1220 2134 1264 an
2181 1206 2424 1266 ceterae
2471 1201 2656 1267 vobis

266 1306 647 1392 spectandae
709 1308 869 1384 sint;
931 1326 1081 1371 nam
1145 1305 1559 1392 postmodum
1620 1304 1780 1371 dicit
1839 1308 1906 1370 in
1967 1305 2094 1371 alio
2142 1304 2408 1393 prologo
2459 1304 2656 1385 „alias

266 1414 595 1509 cognostis
658 1414 831 1489 eius,
895 1432 1130 1498 quaeso
1194 1412 1357 1476 hanc
1419 1414 1780 1497 cognoscite
1844 1410 2027 1490 (Hec.
2094 1410 2254 1498 prol.
2306 1412 2337 1476 I
2382 1411 2472 1493 8).

268 1519 369 1601 (3)
422 1516 856 1605 „Reliquum”
906 1520 1087 1604 quasi
1134 1518 1373 1584 diceret
1422 1516 2078 1604 ‚,postremum'',‘est
2123 1537 2275 1605 ergo
2325 1522 2504 1605 quasi
2552 1519 2657 1584 ad-

268 1626 604 1702 verbium,
667 1624 735 1689 id
795 1630 891 1690 est
953 1626 1023 1689 τὸ
1088 1624 1317 1689 λοιπόν.
1458 1624 1555 1705 (4)
1604 1623 2041 1709 „Reliquum”
2092 1626 2229 1690 sive
2274 1625 2424 1690 hoc
2473 1623 2659 1690 reli-

269 1752 521 1819 quum
584 1730 741 1796 dicit
805 1733 943 1797 sive
1009 1730 1417 1816 „reliquum”
1466 1752 1585 1816 pro
1628 1729 2187 1816 reliquorum,
2236 1734 2566 1817 geminata
2612 1754 2658 1797 u

272 1838 599 1904 scribitur.
1492 1828 1501 1835 ’

369 1943 595 2009 Denuo
660 1942 819 2009 Don.
878 1944 945 2007 in
1012 1942 1109 2023 (2)
1157 1944 1349 2008 refert
1397 1942 1554 2008 duas
1601 1944 1982 2021 sententias,
2031 1964 2310 2029 quorum
2355 1946 2494 2030 ipse
2538 1947 2662 2031 pri-

276 2070 457 2115 mam
505 2050 817 2115 nimirum
864 2047 1299 2134 amplectitur,
1348 2069 1497 2114 nam
1546 2047 1623 2113 de
1672 2070 1736 2113 se
1780 2051 1919 2135 ipse
1968 2072 2092 2115 non
2137 2050 2304 2115 dixit
2348 2058 2488 2114 sunt
2534 2051 2657 2136 qui.

276 2155 351 2222 Si
402 2160 618 2221 autem
666 2156 786 2220 hac
831 2154 1109 2221 formula
1153 2155 1464 2221 indicavit
1510 2156 1700 2220 Prob.
1749 2157 1958 2241 Aspr.‚
2005 2156 2073 2220 hi
2120 2162 2431 2221 errarunt.

277 2260 498 2327 Schol.
565 2260 663 2343 (3)
724 2281 1020 2347 pugnans
1082 2282 1231 2326 cum
1293 2261 1389 2341 (2)
1436 2260 1688 2326 Editori
1734 2260 2015 2326 dandum
2061 2266 2179 2326 est.
2316 2261 2388 2326 In
2438 2262 2535 2343 (4)
2581 2260 2659 2327 D.

272 2367 554 2434 refutare
601 2367 862 2433 videtur
907 2388 1052 2446 eos,
1099 2370 1211 2453 qui
1258 2368 1615 2433 scribebant
1662 2366 2064 2453 reliqum,
2115 2388 2240 2453 qua
2286 2368 2362 2433 de
2407 2390 2475 2433 re
2515 2368 2667 2433 vide

270 2473 519 2540 librum
558 2494 780 2540 meum
822 2474 898 2540 de
938 2474 1466 2540 Pronuntiatione
1502 2473 1704 2540 litter.
1753 2474 1963 2541 Latin.
2005 2497 2066 2562 p.
2112 2474 2242 2539 150
2267 2496 2382 2562 sq„
2430 2475 2544 2540 ubi
2585 2478 2665 2542 ci·

276 2719 685 2785 vermittelung.”
731 2721 957 2770 Ceterum
992 2718 1106 2784 qnid
1143 2719 1375 2785 scriptum
1411 2719 1676 2768 Probus
1712 2718 1962 2783 reliquerit
1995 2735 2091 2768 non
2127 2718 2219 2768 nisi
2255 2733 2374 2782 vaga
2407 2725 2664 2783 supersunt

273 2802 467 2852 indicia.
508 2803 543 2852 Α
564 2817 720 2868 sper
754 2800 923 2851 vixisse
957 2801 1151 2852 ridetur
1184 2806 1294 2850 ante
1329 2801 1511 2851 Iulium
1540 2801 1828 2859 Romanum,
1860 2800 1994 2849 euius
2029 2805 2156 2849 aetas
2190 2800 2400 2850 refertur
2431 2801 2574 2865 vulgo
2603 2802 2661 2850 ad

279 2885 479 2936 tertium
528 2886 783 2936 saeculum.
837 2885 940 2934 Iam
986 2885 1026 2933 si
1073 2884 1159 2934 ille
1202 2882 1346 2933 Probi
1379 2883 1559 2948 scripta
1594 2899 1825 2948 usurpare
1859 2883 2032 2947 potnit,
2067 2882 2233 2947 quidni
2267 2883 2412 2934 etiam
2453 2886 2666 2934 Donatus

218 2977 225 2986 ·
280 2969 438 3019 medio
472 2968 658 3019 saeculo
692 2969 897 3033 quarto?
932 2967 1246 3016 Perieruntne
1278 2966 1477 3026 interes,
1512 2981 1571 3015 an
1606 2964 1773 3014 Aelius
1807 2964 2041 3024 Donatus,
2079 2965 2402 3015 nobilissimus
2434 2982 2668 3030 gramma-

280 3052 421 3110 ticus,
468 3066 563 3100 non
607 3051 650 3099 is
696 3055 818 3108 erat,
860 3049 942 3113 qni
979 3049 1105 3114 ipsas
1138 3049 1259 3097 artis
1292 3063 1403 3096 suae
1436 3047 1590 3096 fontes
1623 3047 1781 3097 adiret
1814 3063 1840 3095 e
1877 3047 2138 3111 rivulisque
2173 3048 2438 3098 doctrinam
2473 3049 2667 3100 haurire

282 3133 485 3184 mallet?
535 3133 669 3198 Ipsos
714 3135 873 3181 autem
907 3132 994 3181 hos
1029 3130 1209 3180 rivulos
1242 3131 1337 3180 iam
1372 3128 1553 3180 tirones
1587 3133 1692 3179 tum
1727 3131 1896 3179 adiisse
1931 3133 2098 3180 unctor
2131 3131 2202 3179 est
2235 3129 2665 3196 Hieronymus

282 3217 391 3265 adv.
426 3215 587 3264 Rufln.
623 3213 647 3261 Ι
688 3215 765 3272 15,
802 3214 937 3264 cuius
971 3211 1114 3262 verbs
1150 3213 1296 3277 digna
1330 3217 1443 3262 sunt
1475 3228 1596 3278 quse
1631 3212 1820 3276 integra
1852 3212 2206 3262 describantur:
2257 3214 2418 3262 .Num
2455 3214 2668 3264 diversae

286 3297 729 3363 ‚interpretationis
762 3305 811 3345 et
843 3296 1197 3346 contrariorum
1232 3295 1361 3344 inter
1393 3311 1443 3344 se
1477 3311 1700 3345 sensuum
1739 3294 1984 3344 tenebitur
2017 3310 2141 3354 reus,
2175 3297 2259 3360 qui
2295 3295 2344 3345 in
2384 3312 2478 3346 nno
2508 3305 2664 3363 opere,

288 3381 443 3445 ‚quod
478 3377 711 3438 edisserit,
764 3378 1080 3444 expositiones
1114 3377 1327 3443 posuerit
1360 3377 1715 3443 plurimorum?
1763 3378 1886 3427 Puto
1922 3378 2046 3442 quod
2081 3393 2201 3443 puer
2235 3378 2407 3443 legeris
2443 3381 2584 3446 Aspri
2621 3381 2669 3431 in

287 3462 585 3526 ‚Vergilium
630 3465 679 3509 et
722 3460 1001 3510 Sallustium
1049 3459 1451 3518 Commentarios,
1498 3459 1707 3508 Vulcatii
1755 3461 1890 3520 (saec.
1929 3459 2007 3522 3⁰)
2053 3459 2102 3508 in
2138 3461 2670 3522 orationes'Ciceronis‚

288 3543 559 3594 ‚Victorini
604 3543 656 3592 in
700 3543 913 3606 dialogos
948 3542 1065 3600 eins,
1102 3544 1151 3590 et
1184 3541 1234 3590 in
1270 3541 1484 3590 Terentii
1517 3542 1784 3590 comoedias
1818 3541 2137 3607 praeceptoris
2169 3543 2262 3591 mei
2303 3543 2490 3602 Donati,
2525 3561 2671 3609 aeque

289 3629 369 3678 -in
416 3626 699 3691 Vergilium,
748 3629 797 3674 et
840 3625 1046 3674 aliorum
1082 3624 1133 3673 in
1166 3623 1285 3672 alios
1319 3623 1546 3673 Plautum
1583 3623 1820 3682 videlicet,
1855 3624 2146 3682 Lucretium,
2179 3625 2419 3685 Flaccum,
2452 3625 2670 3676 Persium

288 3715 460 3774 astque
512 3709 773 3760 Lucanum.
825 3711 986 3772 Argue
1038 3706 1326 3772 interpretes
1372 3722 1555 3766 eorum,
1600 3722 1749 3770 quare
1797 3723 1892 3756 non
1929 3721 2070 3756 unam
2106 3707 2486 3772 explanationem
2523 3711 2672 3758 secuti

289 3792 418 3842 ‚sint
451 3794 499 3840 et
534 3791 585 3840 in
618 3791 781 3839 eadem
818 3805 869 3839 re
902 3789 1017 3854 quid
1054 3787 1128 3838 vel
1162 3787 1252 3836 sibi
1289 3788 1363 3837 vel
1396 3787 1505 3838 aliis
1540 3789 1760 3838 videatur
1793 3787 2121 3840 enumerent”.

353 3873 584 3923 Notabile
628 3875 699 3921 est
748 3871 1096 3935 Hieronymum
1133 3869 1501 3920 commentarios
1535 3871 1585 3920 in
1625 3871 1850 3920 Plautum
1886 3874 2159 3934 ceterosque
2193 3872 2296 3920 sine
2339 3873 2547 3922 auctoris
2592 3891 2674 3924 no-

286 3956 417 4008 mine
467 3969 877 4004 commemorasse.
922 3952 1138 4002 Fuerunt
1184 3966 1353 4017 nempe
1399 3951 1482 4008 nui
1531 3959 1728 4017 propter
1761 3951 2089 4002 testimonium
2123 3954 2339 4002 anecdoti
2374 3955 2581 4004 Parisini
2617 3957 2674 4004 de

286 4039 415 4090 notis
449 4054 477 4087 a
513 4036 707 4086 Valerio
742 4035 897 4085 Probo
939 4035 1170 4100 Vergilio,
1206 4035 1431 4092 Horatio,
1467 4035 1692 4084 Lucretio
1724 4034 1969 4100 appositis,
2005 4051 2113 4085 enm
2149 4040 2198 4086 et
2233 4037 2318 4086 hos
2349 4040 2398 4086 et
2431 4037 2671 4098 Plautum,

289 4121 507 4170 Persium
560 4123 702 4183 atque
754 4119 997 4167 Lucanum
1050 4117 1251 4165 edidisse
1299 4117 1545 4166 crederent
1596 4117 1676 4179 (ef.
1711 4116 1976 4166 Schanz
2013 4118 2080 4167 H.
2117 4119 2170 4168 1..
2207 4119 2266 4168 R.
2303 4118 2354 4167 ΙΙ
2391 4118 2420 4166 2
2455 4135 2504 4184 p.
2541 4120 2672 4182 339).

288 4201 581 4252 Prudentius
631 4201 689 4248 de
740 4199 886 4249 Probi
937 4215 1081 4265 opera
1124 4198 1347 4248 disseruit
1394 4199 1670 4248 Wessnerns
1715 4215 1761 4264 p.
1809 4199 1870 4247 19
1903 4216 1971 4264 sq.
2023 4216 2120 4249 non
2165 4201 2307 4250 nimis
2359 4201 2599 4251 discedens
2647 4219 2676 4252 a

284 4287 319 4335 S
340 4282 620 4334 uetonii
654 4281 931 4332 testimonio
963 4282 1122 4344 (Reiff.
1155 4298 1200 4346 p.
1240 4282 1381 4344 118)=
1426 4281 1701 4346 ‚multaque
1736 4281 2024 4347 exemplaria
2057 4285 2303 4332 contracta
2337 4285 2586 4332 emendare
2622 4301 2676 4335 ao

284 4366 578 4430 distinguere
627 4369 677 4414 et
726 4365 955 4413 adnotare
1005 4363 1193 4413 curavit
1232 4400 1277 4412 ..
1298 4401 1310 4413 .
1346 4363 1489 4413 nimis
1539 4378 1690 4429 panea
1739 4365 1790 4412 et
1839 4363 2008 4427 exigna
2055 4365 2112 4412 de
2162 4363 2442 4429 quibusdam
2477 4366 2677 4418 minutis

287 4446 661 4513 quaestiunculis
705 4444 877 4495 edidit:
934 4445 1130 4510 reliquit
1177 4449 1335 4495 antem
1376 4461 1471 4496 non
1506 4445 1792 4495 mediocrem
1825 4445 1992 4496 silvam
2027 4447 2412 4497 observationum
2445 4449 2678 4500 sermonis

290 4525 529 4593 antiqui”.
