<?xml version="1.0" encoding="UTF-8"?>
<!DOCTYPE html PUBLIC "-//W3C//DTD XHTML 1.0 Transitional//EN"
    "http://www.w3.org/TR/xhtml1/DTD/xhtml1-transitional.dtd">
<html xmlns="http://www.w3.org/1999/xhtml" xml:lang="en" lang="en">
 <head>
  <title>
</title>
<meta http-equiv="Content-Type" content="text/html;charset=utf-8" />
  <meta name='ocr-system' content='tesseract 3.04.00' />
  <meta name='ocr-capabilities' content='ocr_page ocr_carea ocr_par ocr_line ocrx_word'/>
</head>
<body>
  <div class='ocr_page' id='page_1' title='image "./mnemosynevolume03verdgoog_0169.png"; bbox 0 0 3246 5085; ppageno 0'>
   <div class='ocr_carea' id='block_1_1' title="bbox 1240 331 2612 399">
    <p class='ocr_par' dir='ltr' id='par_1_1' title="bbox 1240 331 2612 399">
     <span class='ocr_line' id='line_1_1' title="bbox 1240 331 2612 399; baseline -0.001 0"><span class='ocrx_word' id='word_1_1' title='bbox 1240 350 1615 399; x_wconf 70' lang='lat' dir='ltr'><strong>PLA&#39;tonch.</strong></span> <span class='ocrx_word' id='word_1_2' title='bbox 2486 331 2612 398; x_wconf 85' lang='lat'><strong>161</strong></span> 
     </span>
    </p>
   </div>
   <div class='ocr_carea' id='block_1_2' title="bbox 105 508 2622 1029">
    <p class='ocr_par' dir='ltr' id='par_1_2' title="bbox 105 508 2622 1029">
     <span class='ocr_line' id='line_1_2' title="bbox 105 508 2618 605; baseline 0.001 -25"><span class='ocrx_word' id='word_1_3' title='bbox 105 522 115 531; x_wconf 84' lang='lat'>&#39;</span> <span class='ocrx_word' id='word_1_4' title='bbox 214 516 409 583; x_wconf 89' lang='lat' dir='ltr'><strong>Plato</strong></span> <span class='ocrx_word' id='word_1_5' title='bbox 472 520 729 603; x_wconf 78' lang='lat' dir='ltr'><strong>scripsit</strong></span> <span class='ocrx_word' id='word_1_6' title='bbox 788 525 981 583; x_wconf 79' lang='grc' dir='ltr'><strong><em>ποιεῖν</em></strong></span> <span class='ocrx_word' id='word_1_7' title='bbox 1044 508 1089 583; x_wconf 73' lang='grc' dir='ltr'><em>ἃ</em></span> <span class='ocrx_word' id='word_1_8' title='bbox 1152 525 1406 598; x_wconf 77' lang='grc' dir='ltr'><strong><em>ποιεῖ,</em></strong></span> <span class='ocrx_word' id='word_1_9' title='bbox 1470 526 1546 583; x_wconf 91' lang='lat' dir='ltr'><strong>ut</strong></span> <span class='ocrx_word' id='word_1_10' title='bbox 1606 522 1778 583; x_wconf 86' lang='lat' dir='ltr'><strong>recte</strong></span> <span class='ocrx_word' id='word_1_11' title='bbox 1843 515 2091 605; x_wconf 80' lang='lat' dir='ltr'><strong>legitur</strong></span> <span class='ocrx_word' id='word_1_12' title='bbox 2137 515 2224 583; x_wconf 86' lang='lat'><strong>99</strong></span> <span class='ocrx_word' id='word_1_13' title='bbox 2247 518 2324 582; x_wconf 84' lang='lat' dir='ltr'><strong>A.</strong></span> <span class='ocrx_word' id='word_1_14' title='bbox 2397 517 2618 605; x_wconf 77' lang='lat' dir='ltr'><strong>Magis</strong></span> 
     </span>
     <span class='ocr_line' id='line_1_3' title="bbox 220 622 2620 711; baseline 0 -22"><span class='ocrx_word' id='word_1_15' title='bbox 220 626 422 689; x_wconf 82' lang='lat' dir='ltr'><strong>etiam</strong></span> <span class='ocrx_word' id='word_1_16' title='bbox 486 624 757 690; x_wconf 86' lang='lat' dir='ltr'><strong>idoneus</strong></span> <span class='ocrx_word' id='word_1_17' title='bbox 816 623 998 691; x_wconf 90' lang='lat' dir='ltr'><strong>locus</strong></span> <span class='ocrx_word' id='word_1_18' title='bbox 1058 628 1154 691; x_wconf 90' lang='lat' dir='ltr'><strong>est</strong></span> <span class='ocrx_word' id='word_1_19' title='bbox 1216 624 1297 691; x_wconf 89' lang='lat' dir='ltr'><strong>ad</strong></span> <span class='ocrx_word' id='word_1_20' title='bbox 1358 622 1762 711; x_wconf 87' lang='lat' dir='ltr'><strong>probandum</strong></span> <span class='ocrx_word' id='word_1_21' title='bbox 1823 622 1890 688; x_wconf 92' lang='lat' dir='ltr'><strong>id</strong></span> <span class='ocrx_word' id='word_1_22' title='bbox 1937 622 2108 709; x_wconf 90' lang='lat' dir='ltr'><strong>quod</strong></span> <span class='ocrx_word' id='word_1_23' title='bbox 2149 624 2620 703; x_wconf 86' lang='lat' dir='ltr'><strong>commendavi,</strong></span> 
     </span>
     <span class='ocr_line' id='line_1_4' title="bbox 218 722 2622 815; baseline 0 -20"><span class='ocrx_word' id='word_1_24' title='bbox 218 729 383 815; x_wconf 88' lang='lat' dir='ltr'><strong>Bep.</strong></span> <span class='ocrx_word' id='word_1_25' title='bbox 431 729 467 795; x_wconf 96' lang='lat' dir='ltr'>I</span> <span class='ocrx_word' id='word_1_26' title='bbox 517 730 759 795; x_wconf 64' lang='lat'>34213:</span> <span class='ocrx_word' id='word_1_27' title='bbox 824 730 1000 809; x_wconf 80' lang='grc' dir='ltr'><strong><em>λέγει</em></strong></span> <span class='ocrx_word' id='word_1_28' title='bbox 1064 722 1110 796; x_wconf 73' lang='grc' dir='ltr'><strong><em>ἃ</em></strong></span> <span class='ocrx_word' id='word_1_29' title='bbox 1168 730 1343 809; x_wconf 78' lang='grc' dir='ltr'><strong><em>λέγει</em></strong></span> <span class='ocrx_word' id='word_1_30' title='bbox 1411 729 1515 795; x_wconf 77' lang='grc' dir='ltr'><strong>καὶ</strong></span> <span class='ocrx_word' id='word_1_31' title='bbox 1566 738 1732 796; x_wconf 79' lang='grc' dir='ltr'><strong><em>ποιεῖ</em></strong></span> <span class='ocrx_word' id='word_1_32' title='bbox 1773 726 1816 797; x_wconf 74' lang='grc' dir='ltr'><em>ἃ</em></span> <span class='ocrx_word' id='word_1_33' title='bbox 1866 736 2032 795; x_wconf 74' lang='grc' dir='ltr'><strong><em>ποιεῖ</em></strong></span> <span class='ocrx_word' id='word_1_34' title='bbox 2071 727 2356 797; x_wconf 71' lang='grc' dir='ltr'><strong><em>ἅπαντα.</em></strong></span> <span class='ocrx_word' id='word_1_35' title='bbox 2407 728 2622 795; x_wconf 82' lang='lat' dir='ltr'><strong>Aliter</strong></span> 
     </span>
     <span class='ocr_line' id='line_1_5' title="bbox 218 834 2618 923; baseline 0.001 -23"><span class='ocrx_word' id='word_1_36' title='bbox 218 835 473 911; x_wconf 82' lang='lat' dir='ltr'><strong>iudicat</strong></span> <span class='ocrx_word' id='word_1_37' title='bbox 512 835 927 903; x_wconf 89' lang='lat' dir='ltr'><strong>Hermannns</strong></span> <span class='ocrx_word' id='word_1_38' title='bbox 966 837 1047 903; x_wconf 92' lang='lat' dir='ltr'><strong>ad</strong></span> <span class='ocrx_word' id='word_1_39' title='bbox 1086 834 1333 923; x_wconf 81' lang='lat' dir='ltr'><strong>Oratyl.</strong></span> <span class='ocrx_word' id='word_1_40' title='bbox 1380 836 1513 903; x_wconf 83' lang='lat'><strong>388</strong></span> <span class='ocrx_word' id='word_1_41' title='bbox 1530 834 1603 916; x_wconf 84' lang='lat' dir='ltr'><strong>O,</strong></span> <span class='ocrx_word' id='word_1_42' title='bbox 1653 837 1765 903; x_wconf 87' lang='lat' dir='ltr'><strong>sed</strong></span> <span class='ocrx_word' id='word_1_43' title='bbox 1809 859 1934 904; x_wconf 91' lang='lat' dir='ltr'><strong>non</strong></span> <span class='ocrx_word' id='word_1_44' title='bbox 1979 842 2166 903; x_wconf 87' lang='lat' dir='ltr'><strong>muto</strong></span> <span class='ocrx_word' id='word_1_45' title='bbox 2211 838 2618 903; x_wconf 90' lang='lat' dir='ltr'><strong>sententiam.</strong></span> 
     </span>
     <span class='ocr_line' id='line_1_6' title="bbox 220 934 1822 1029; baseline 0.002 -24"><span class='ocrx_word' id='word_1_46' title='bbox 220 941 699 1009; x_wconf 79' lang='lat' dir='ltr'><strong>Herwerdenus</strong></span> <span class='ocrx_word' id='word_1_47' title='bbox 744 941 1129 1029; x_wconf 84' lang='lat' dir='ltr'><strong>simpliciter</strong></span> <span class='ocrx_word' id='word_1_48' title='bbox 1175 941 1417 1009; x_wconf 84' lang='lat' dir='ltr'><strong>delevit</strong></span> <span class='ocrx_word' id='word_1_49' title='bbox 1461 934 1507 1009; x_wconf 68' lang='grc' dir='ltr'><em>ἃ</em></span> <span class='ocrx_word' id='word_1_50' title='bbox 1556 942 1822 1027; x_wconf 73' lang='grc' dir='ltr'><strong><em>πάσχει.</em></strong></span> 
     </span>
    </p>
   </div>
   <div class='ocr_carea' id='block_1_3' title="bbox 223 1159 2624 1675">
    <p class='ocr_par' dir='ltr' id='par_1_3' title="bbox 223 1159 2624 1675">
     <span class='ocr_line' id='line_1_7' title="bbox 321 1159 2621 1241; baseline 0.002 -16"><span class='ocrx_word' id='word_1_51' title='bbox 321 1159 489 1227; x_wconf 85' lang='lat' dir='ltr'><strong>Ibid.</strong></span> <span class='ocrx_word' id='word_1_52' title='bbox 543 1160 785 1227; x_wconf 85' lang='lat' dir='ltr'>101D:</span> <span class='ocrx_word' id='word_1_53' title='bbox 852 1161 1057 1235; x_wconf 68' lang='grc' dir='ltr'><strong><em>δεδιὼς</em></strong></span> <span class='ocrx_word' id='word_1_54' title='bbox 1116 1164 1186 1229; x_wconf 74' lang='grc' dir='ltr'><strong><em>τὸ</em></strong></span> <span class='ocrx_word' id='word_1_55' title='bbox 1234 1163 1571 1241; x_wconf 71' lang='grc' dir='ltr'><strong><em>λεγόμενον</em></strong></span> <span class='ocrx_word' id='word_1_56' title='bbox 1618 1164 1728 1239; x_wconf 71' lang='grc' dir='ltr'><strong>την</strong></span> <span class='ocrx_word' id='word_1_57' title='bbox 1781 1168 2014 1230; x_wconf 80' lang='grc' dir='ltr'><strong><em>σαυτοῦ</em></strong></span> <span class='ocrx_word' id='word_1_58' title='bbox 2065 1164 2246 1229; x_wconf 74' lang='grc' dir='ltr'><strong><em>σκιὰν</em></strong></span> <span class='ocrx_word' id='word_1_59' title='bbox 2295 1163 2429 1229; x_wconf 74' lang='grc' dir='ltr'><strong>καὶ</strong></span> <span class='ocrx_word' id='word_1_60' title='bbox 2479 1164 2621 1238; x_wconf 76' lang='grc' dir='ltr'><strong>την</strong></span> 
     </span>
     <span class='ocr_line' id='line_1_8' title="bbox 226 1267 2621 1348; baseline 0.002 -18"><span class='ocrx_word' id='word_1_61' title='bbox 226 1268 272 1330; x_wconf 74' lang='grc' dir='ltr'><em>ἆ</em></span> <span class='ocrx_word' id='word_1_62' title='bbox 292 1270 571 1345; x_wconf 78' lang='grc' dir='ltr'><strong><em>πειρία</em></strong></span> <span class='ocrx_word' id='word_1_63' title='bbox 590 1293 643 1335; x_wconf 93' lang='grc' dir='ltr'><strong><em>ν.</em></strong></span> <span class='ocrx_word' id='word_1_64' title='bbox 712 1268 863 1334; x_wconf 80' lang='lat' dir='ltr'><strong>Tria</strong></span> <span class='ocrx_word' id='word_1_65' title='bbox 924 1267 1161 1335; x_wconf 86' lang='lat' dir='ltr'><strong>ultima</strong></span> <span class='ocrx_word' id='word_1_66' title='bbox 1217 1268 1534 1337; x_wconf 88' lang='lat' dir='ltr'><strong>vocabula</strong></span> <span class='ocrx_word' id='word_1_67' title='bbox 1586 1291 1738 1337; x_wconf 89' lang='lat' dir='ltr'><strong>cum</strong></span> <span class='ocrx_word' id='word_1_68' title='bbox 1784 1269 2191 1337; x_wconf 86' lang='lat' dir='ltr'><strong>Hartmanno</strong></span> <span class='ocrx_word' id='word_1_69' title='bbox 2238 1268 2621 1348; x_wconf 76' lang='lat' dir='ltr'><strong>deleverim,</strong></span> 
     </span>
     <span class='ocr_line' id='line_1_9' title="bbox 224 1374 2624 1463; baseline 0.002 -25"><span class='ocrx_word' id='word_1_70' title='bbox 224 1376 471 1460; x_wconf 87' lang='lat' dir='ltr'><strong>quippe</strong></span> <span class='ocrx_word' id='word_1_71' title='bbox 529 1394 693 1460; x_wconf 81' lang='lat' dir='ltr'><strong>quae</strong></span> <span class='ocrx_word' id='word_1_72' title='bbox 753 1377 1081 1462; x_wconf 81' lang='lat' dir='ltr'><strong>proverbii</strong></span> <span class='ocrx_word' id='word_1_73' title='bbox 1126 1374 1619 1463; x_wconf 76' lang='lat' dir='ltr'><strong>explicationem</strong></span> <span class='ocrx_word' id='word_1_74' title='bbox 1668 1377 1997 1445; x_wconf 76' lang='lat' dir='ltr'><strong>continent</strong></span> <span class='ocrx_word' id='word_1_75' title='bbox 2041 1396 2156 1443; x_wconf 92' lang='lat' dir='ltr'><strong>nec</strong></span> <span class='ocrx_word' id='word_1_76' title='bbox 2203 1379 2624 1443; x_wconf 86' lang='lat' dir='ltr'><strong>necessariam</strong></span> 
     </span>
     <span class='ocr_line' id='line_1_10' title="bbox 224 1482 2624 1573; baseline 0.001 -28"><span class='ocrx_word' id='word_1_77' title='bbox 224 1500 345 1545; x_wconf 80' lang='lat' dir='ltr'><strong>nec</strong></span> <span class='ocrx_word' id='word_1_78' title='bbox 390 1485 655 1559; x_wconf 88' lang='lat' dir='ltr'><strong>rectam,</strong></span> <span class='ocrx_word' id='word_1_79' title='bbox 700 1502 851 1547; x_wconf 90' lang='lat' dir='ltr'><strong>nam</strong></span> <span class='ocrx_word' id='word_1_80' title='bbox 898 1484 1011 1558; x_wconf 75' lang='grc' dir='ltr'><strong>την</strong></span> <span class='ocrx_word' id='word_1_81' title='bbox 1058 1484 1247 1549; x_wconf 82' lang='grc' dir='ltr'><strong><em>αὑτοῦ</em></strong></span> <span class='ocrx_word' id='word_1_82' title='bbox 1296 1483 1477 1549; x_wconf 72' lang='grc' dir='ltr'><strong><em>σκιὰν</em></strong></span> <span class='ocrx_word' id='word_1_83' title='bbox 1525 1482 1778 1573; x_wconf 72' lang='grc' dir='ltr'><strong><em>δεδιέναι</em></strong></span> <span class='ocrx_word' id='word_1_84' title='bbox 1828 1482 1906 1549; x_wconf 87' lang='lat' dir='ltr'><strong>de</strong></span> <span class='ocrx_word' id='word_1_85' title='bbox 1949 1485 2208 1571; x_wconf 76' lang='lat' dir='ltr'><strong>ignavis</strong></span> <span class='ocrx_word' id='word_1_86' title='bbox 2256 1489 2624 1570; x_wconf 84' lang='lat' dir='ltr'><strong>usurpatur,</strong></span> 
     </span>
     <span class='ocr_line' id='line_1_11' title="bbox 223 1587 875 1675; baseline 0.005 -23"><span class='ocrx_word' id='word_1_87' title='bbox 223 1608 359 1652; x_wconf 90' lang='lat' dir='ltr'><strong>non</strong></span> <span class='ocrx_word' id='word_1_88' title='bbox 406 1587 489 1655; x_wconf 91' lang='lat' dir='ltr'><strong>de</strong></span> <span class='ocrx_word' id='word_1_89' title='bbox 531 1590 875 1675; x_wconf 83' lang='lat' dir='ltr'><strong>imperitis.</strong></span> 
     </span>
    </p>
   </div>
   <div class='ocr_carea' id='block_1_4' title="bbox 224 1790 2626 1989">
    <p class='ocr_par' dir='ltr' id='par_1_4' title="bbox 224 1790 2626 1989">
     <span class='ocr_line' id='line_1_12' title="bbox 320 1790 2626 1877; baseline 0.001 -20"><span class='ocrx_word' id='word_1_90' title='bbox 320 1791 489 1859; x_wconf 89' lang='lat' dir='ltr'><strong>Ibid.</strong></span> <span class='ocrx_word' id='word_1_91' title='bbox 530 1791 769 1859; x_wconf 84' lang='grc' dir='ltr'>106Α.</span> <span class='ocrx_word' id='word_1_92' title='bbox 816 1791 1062 1877; x_wconf 69' lang='grc' dir='ltr'><strong><em>ὖπεξήει</em></strong></span> <span class='ocrx_word' id='word_1_93' title='bbox 1104 1790 1181 1859; x_wconf 67' lang='grc' dir='ltr'><strong><em>ἂν</em></strong></span> <span class='ocrx_word' id='word_1_94' title='bbox 1224 1796 1257 1869; x_wconf 80' lang='grc' dir='ltr'><strong><em>ἦ</em></strong></span> <span class='ocrx_word' id='word_1_95' title='bbox 1290 1794 1443 1877; x_wconf 75' lang='grc' dir='ltr'><strong><em>χιὼν</em></strong></span> <span class='ocrx_word' id='word_1_96' title='bbox 1478 1792 1631 1861; x_wconf 78' lang='grc' dir='ltr'><strong><em>οὖσα</em></strong></span> <span class='ocrx_word' id='word_1_97' title='bbox 1666 1800 1780 1865; x_wconf 80' lang='grc' dir='ltr'><strong>σῶς</strong></span> <span class='ocrx_word' id='word_1_98' title='bbox 1810 1792 1972 1877; x_wconf 78' lang='grc' dir='ltr'><strong>[καὶ</strong></span> <span class='ocrx_word' id='word_1_99' title='bbox 2015 1792 2426 1876; x_wconf 57' lang='lat' dir='ltr'><strong>&amp;rna-roc}</strong></span> <span class='ocrx_word' id='word_1_100' title='bbox 2467 1792 2626 1860; x_wconf 83' lang='lat' dir='ltr'><strong>Lan-</strong></span> 
     </span>
     <span class='ocr_line' id='line_1_13' title="bbox 224 1898 2564 1989; baseline 0 -24"><span class='ocrx_word' id='word_1_101' title='bbox 224 1906 391 1987; x_wconf 78' lang='lat' dir='ltr'><strong>guet</strong></span> <span class='ocrx_word' id='word_1_102' title='bbox 434 1902 882 1986; x_wconf 85' lang='lat' dir='ltr'><strong>interpretatio</strong></span> <span class='ocrx_word' id='word_1_103' title='bbox 898 1919 917 1979; x_wconf 89' lang='lat'>;</span> <span class='ocrx_word' id='word_1_104' title='bbox 964 1907 1135 1969; x_wconf 87' lang='lat' dir='ltr'><strong>recte</strong></span> <span class='ocrx_word' id='word_1_105' title='bbox 1180 1922 1332 1967; x_wconf 87' lang='lat' dir='ltr'><strong>mox</strong></span> <span class='ocrx_word' id='word_1_106' title='bbox 1384 1900 1461 1967; x_wconf 86' lang='lat' dir='ltr'><strong>de</strong></span> <span class='ocrx_word' id='word_1_107' title='bbox 1506 1904 1690 1989; x_wconf 79' lang='lat' dir='ltr'><strong>igne:</strong></span> <span class='ocrx_word' id='word_1_108' title='bbox 1738 1907 1854 1967; x_wconf 76' lang='grc' dir='ltr'><strong><em>τῶν</em></strong></span> <span class='ocrx_word' id='word_1_109' title='bbox 1901 1900 1976 1967; x_wconf 72' lang='grc' dir='ltr'><strong><em>ἂν</em></strong></span> <span class='ocrx_word' id='word_1_110' title='bbox 2025 1900 2292 1965; x_wconf 68' lang='grc' dir='ltr'><strong><em>ἀπελθὸν</em></strong></span> <span class='ocrx_word' id='word_1_111' title='bbox 2341 1898 2564 1983; x_wconf 79' lang='grc' dir='ltr'><strong><em>ᾤχετο.</em></strong></span> 
     </span>
    </p>
   </div>
   <div class='ocr_carea' id='block_1_5' title="bbox 234 2118 2716 3272">
    <p class='ocr_par' dir='ltr' id='par_1_5' title="bbox 234 2118 2716 3272">
     <span class='ocr_line' id='line_1_14' title="bbox 330 2118 2716 2208; baseline 0.001 -24"><span class='ocrx_word' id='word_1_112' title='bbox 330 2118 493 2185; x_wconf 87' lang='lat' dir='ltr'><strong>Ibid.</strong></span> <span class='ocrx_word' id='word_1_113' title='bbox 546 2118 675 2185; x_wconf 88' lang='grc'><strong>109</strong></span> <span class='ocrx_word' id='word_1_114' title='bbox 693 2120 773 2186; x_wconf 92' lang='lat' dir='ltr'><strong>D.</strong></span> <span class='ocrx_word' id='word_1_115' title='bbox 833 2120 906 2186; x_wconf 82' lang='lat' dir='ltr'><strong>Si</strong></span> <span class='ocrx_word' id='word_1_116' title='bbox 963 2122 1107 2207; x_wconf 88' lang='lat' dir='ltr'><strong>quis</strong></span> <span class='ocrx_word' id='word_1_117' title='bbox 1166 2122 1235 2186; x_wconf 90' lang='lat' dir='ltr'><strong>in</strong></span> <span class='ocrx_word' id='word_1_118' title='bbox 1300 2121 1617 2208; x_wconf 87' lang='lat' dir='ltr'><strong>profundo</strong></span> <span class='ocrx_word' id='word_1_119' title='bbox 1679 2122 1844 2187; x_wconf 88' lang='lat' dir='ltr'><strong>mari</strong></span> <span class='ocrx_word' id='word_1_120' title='bbox 1888 2120 2186 2187; x_wconf 86' lang='lat' dir='ltr'><strong>habitans</strong></span> <span class='ocrx_word' id='word_1_121' title='bbox 2233 2122 2322 2197; x_wconf 66' lang='grc' dir='ltr'><strong>μὴ</strong></span> <span class='ocrx_word' id='word_1_122' title='bbox 2371 2121 2628 2201; x_wconf 76' lang='grc' dir='ltr'><strong><em>ἑορακὼς</em></strong></span> <span class='ocrx_word' id='word_1_123' title='bbox 2711 2160 2716 2163; x_wconf 97' lang='grc'>-</span> 
     </span>
     <span class='ocr_line' id='line_1_15' title="bbox 234 2225 2625 2317; baseline 0.001 -28"><span class='ocrx_word' id='word_1_124' title='bbox 234 2226 327 2298; x_wconf 71' lang='grc' dir='ltr'><strong><em>εἴη</em></strong></span> <span class='ocrx_word' id='word_1_125' title='bbox 392 2225 569 2298; x_wconf 74' lang='grc' dir='ltr'><strong><em>ἐκδὺς</em></strong></span> <span class='ocrx_word' id='word_1_126' title='bbox 632 2228 737 2292; x_wconf 72' lang='grc' dir='ltr'><strong>καὶ</strong></span> <span class='ocrx_word' id='word_1_127' title='bbox 801 2227 1141 2309; x_wconf 69' lang='grc' dir='ltr'><strong><em>ἀνακύψας</em></strong></span> <span class='ocrx_word' id='word_1_128' title='bbox 1205 2228 1268 2293; x_wconf 76' lang='grc' dir='ltr'><strong>ἐκ</strong></span> <span class='ocrx_word' id='word_1_129' title='bbox 1330 2236 1446 2317; x_wconf 78' lang='grc' dir='ltr'><strong><em>τῆς</em></strong></span> <span class='ocrx_word' id='word_1_130' title='bbox 1509 2228 1834 2301; x_wconf 69' lang='grc' dir='ltr'><strong><em>θαλάττης</em></strong></span> <span class='ocrx_word' id='word_1_131' title='bbox 1881 2228 1967 2299; x_wconf 76' lang='grc' dir='ltr'><strong><em>εἰς</em></strong></span> <span class='ocrx_word' id='word_1_132' title='bbox 2015 2227 2116 2291; x_wconf 84' lang='grc' dir='ltr'><strong>τὸν</strong></span> <span class='ocrx_word' id='word_1_133' title='bbox 2165 2228 2374 2293; x_wconf 68' lang='grc' dir='ltr'><strong><em>ἐνθάδε</em></strong></span> <span class='ocrx_word' id='word_1_134' title='bbox 2419 2229 2625 2306; x_wconf 81' lang='grc' dir='ltr'><strong><em>τόπον,</em></strong></span> 
     </span>
     <span class='ocr_line' id='line_1_16' title="bbox 236 2330 2625 2415; baseline 0 -18"><span class='ocrx_word' id='word_1_135' title='bbox 236 2330 355 2410; x_wconf 75' lang='grc' dir='ltr'><strong>ὅσῳ</strong></span> <span class='ocrx_word' id='word_1_136' title='bbox 417 2336 693 2397; x_wconf 70' lang='grc' dir='ltr'><strong><em>καλλίων</em></strong></span> <span class='ocrx_word' id='word_1_137' title='bbox 752 2333 1065 2415; x_wconf 71' lang='grc' dir='ltr'><strong><em>τυγχάνει</em></strong></span> <span class='ocrx_word' id='word_1_138' title='bbox 1131 2334 1207 2399; x_wconf 79' lang='grc' dir='ltr'><strong><em>ὢν</em></strong></span> <span class='ocrx_word' id='word_1_139' title='bbox 1271 2338 1377 2399; x_wconf 82' lang='grc' dir='ltr'><strong><em>τοῦ</em></strong></span> <span class='ocrx_word' id='word_1_140' title='bbox 1440 2334 1613 2412; x_wconf 70' lang='grc' dir='ltr'><strong><em>παρὰ</em></strong></span> <span class='ocrx_word' id='word_1_141' title='bbox 1677 2334 1862 2413; x_wconf 80' lang='grc' dir='ltr'><strong><em>σφίσι</em></strong></span> <span class='ocrx_word' id='word_1_142' title='bbox 1908 2334 2054 2411; x_wconf 75' lang='grc' dir='ltr'><strong>μηδ’</strong></span> <span class='ocrx_word' id='word_1_143' title='bbox 2104 2332 2305 2399; x_wconf 75' lang='grc' dir='ltr'><strong><em>ἄλλον</em></strong></span> <span class='ocrx_word' id='word_1_144' title='bbox 2353 2333 2625 2407; x_wconf 67' lang='grc' dir='ltr'><strong><em>ἀκηκοὼς</em></strong></span> 
     </span>
     <span class='ocr_line' id='line_1_17' title="bbox 234 2437 2626 2527; baseline 0.002 -24"><span class='ocrx_word' id='word_1_145' title='bbox 234 2437 323 2513; x_wconf 76' lang='grc' dir='ltr'><strong><em>εἴη</em></strong></span> <span class='ocrx_word' id='word_1_146' title='bbox 370 2444 501 2504; x_wconf 85' lang='grc' dir='ltr'><strong><em>τοῦ</em></strong></span> <span class='ocrx_word' id='word_1_147' title='bbox 542 2440 879 2519; x_wconf 74' lang='grc' dir='ltr'><strong>ἑορακότας,</strong></span> <span class='ocrx_word' id='word_1_148' title='bbox 919 2440 1049 2506; x_wconf 53' lang='lat' dir='ltr'><strong>xri.</strong></span> <span class='ocrx_word' id='word_1_149' title='bbox 1098 2440 1367 2507; x_wconf 83' lang='lat' dir='ltr'><strong>Hiccine</strong></span> <span class='ocrx_word' id='word_1_150' title='bbox 1408 2440 1593 2507; x_wconf 82' lang='lat' dir='ltr'><strong>Plato</strong></span> <span class='ocrx_word' id='word_1_151' title='bbox 1635 2442 1974 2527; x_wconf 83' lang='lat' dir='ltr'><strong>participio</strong></span> <span class='ocrx_word' id='word_1_152' title='bbox 2007 2440 2357 2507; x_wconf 78' lang='lat' dir='ltr'><strong>articulum</strong></span> <span class='ocrx_word' id='word_1_153' title='bbox 2398 2440 2626 2507; x_wconf 76' lang='lat' dir='ltr'><strong>addere</strong></span> 
     </span>
     <span class='ocr_line' id='line_1_18' title="bbox 236 2542 2625 2636; baseline 0 -24"><span class='ocrx_word' id='word_1_154' title='bbox 236 2542 493 2631; x_wconf 81' lang='lat' dir='ltr'><strong>potuit?</strong></span> <span class='ocrx_word' id='word_1_155' title='bbox 558 2547 701 2614; x_wconf 89' lang='lat' dir='ltr'><strong>Non</strong></span> <span class='ocrx_word' id='word_1_156' title='bbox 748 2548 934 2614; x_wconf 89' lang='lat' dir='ltr'><strong>credo</strong></span> <span class='ocrx_word' id='word_1_157' title='bbox 980 2554 1046 2615; x_wconf 97' lang='lat' dir='ltr'><strong>et</strong></span> <span class='ocrx_word' id='word_1_158' title='bbox 1093 2550 1449 2636; x_wconf 76' lang='lat' dir='ltr'><strong>corrigam:</strong></span> <span class='ocrx_word' id='word_1_159' title='bbox 1494 2547 1639 2626; x_wconf 68' lang='grc' dir='ltr'><strong>μηδ’</strong></span> <span class='ocrx_word' id='word_1_160' title='bbox 1679 2547 1880 2614; x_wconf 73' lang='grc' dir='ltr'><strong><em>ἄλλον</em></strong></span> <span class='ocrx_word' id='word_1_161' title='bbox 1928 2549 2201 2621; x_wconf 67' lang='grc' dir='ltr'><strong><em>ἀκηκοὼς</em></strong></span> <span class='ocrx_word' id='word_1_162' title='bbox 2241 2547 2332 2622; x_wconf 72' lang='grc' dir='ltr'><strong><em>εἴη</em></strong></span> <span class='ocrx_word' id='word_1_163' title='bbox 2372 2573 2414 2612; x_wconf 80' lang='grc' dir='ltr'><strong><em>α</em></strong></span> <span class='ocrx_word' id='word_1_164' title='bbox 2439 2549 2625 2613; x_wconf 80' lang='grc' dir='ltr'><strong><em>ὖτοῦ</em></strong></span> 
     </span>
     <span class='ocr_line' id='line_1_19' title="bbox 242 2653 2627 2742; baseline 0.002 -26"><span class='ocrx_word' id='word_1_165' title='bbox 242 2653 575 2731; x_wconf 72' lang='grc' dir='ltr'><strong><em>ἑορακότος.</em></strong></span> <span class='ocrx_word' id='word_1_166' title='bbox 654 2653 897 2721; x_wconf 84' lang='lat' dir='ltr'><strong>Eodem</strong></span> <span class='ocrx_word' id='word_1_167' title='bbox 956 2654 1148 2721; x_wconf 85' lang='lat' dir='ltr'><strong>modo</strong></span> <span class='ocrx_word' id='word_1_168' title='bbox 1212 2653 1406 2734; x_wconf 90' lang='lat' dir='ltr'><strong>olim,</strong></span> <span class='ocrx_word' id='word_1_169' title='bbox 1474 2657 1696 2721; x_wconf 74' lang='lat' dir='ltr'><strong>Mnem.</strong></span> <span class='ocrx_word' id='word_1_170' title='bbox 1764 2653 1938 2720; x_wconf 83' lang='lat'>1857</span> <span class='ocrx_word' id='word_1_171' title='bbox 2002 2677 2066 2741; x_wconf 90' lang='lat' dir='ltr'><strong>p.</strong></span> <span class='ocrx_word' id='word_1_172' title='bbox 2136 2653 2286 2732; x_wconf 81' lang='lat'><strong>127,</strong></span> <span class='ocrx_word' id='word_1_173' title='bbox 2352 2654 2627 2742; x_wconf 78' lang='lat' dir='ltr'><strong>Polybio</strong></span> 
     </span>
     <span class='ocr_line' id='line_1_20' title="bbox 240 2756 2632 2849; baseline 0.002 -28"><span class='ocrx_word' id='word_1_174' title='bbox 240 2756 416 2824; x_wconf 83' lang='lat' dir='ltr'><strong>volui</strong></span> <span class='ocrx_word' id='word_1_175' title='bbox 462 2758 711 2826; x_wconf 84' lang='lat' dir='ltr'><strong>auxilio</strong></span> <span class='ocrx_word' id='word_1_176' title='bbox 758 2763 1009 2840; x_wconf 85' lang='lat' dir='ltr'><strong>venire,</strong></span> <span class='ocrx_word' id='word_1_177' title='bbox 1056 2761 1227 2849; x_wconf 85' lang='lat' dir='ltr'><strong>apud</strong></span> <span class='ocrx_word' id='word_1_178' title='bbox 1276 2783 1471 2847; x_wconf 85' lang='lat' dir='ltr'><strong>quem</strong></span> <span class='ocrx_word' id='word_1_179' title='bbox 1516 2764 1890 2828; x_wconf 80' lang='lat' dir='ltr'><strong>inveneram</strong></span> <span class='ocrx_word' id='word_1_180' title='bbox 1932 2759 2019 2825; x_wconf 90' lang='lat' dir='ltr'><strong>IV</strong></span> <span class='ocrx_word' id='word_1_181' title='bbox 2058 2761 2122 2826; x_wconf 83' lang='lat'><strong>2.</strong></span> <span class='ocrx_word' id='word_1_182' title='bbox 2151 2761 2228 2826; x_wconf 82' lang='lat'><strong>2:</strong></span> <span class='ocrx_word' id='word_1_183' title='bbox 2270 2759 2337 2838; x_wconf 73' lang='grc' dir='ltr'><strong>ἐξ</strong></span> <span class='ocrx_word' id='word_1_184' title='bbox 2371 2757 2441 2825; x_wconf 81' lang='grc' dir='ltr'><strong>οὖ</strong></span> <span class='ocrx_word' id='word_1_185' title='bbox 2478 2784 2632 2837; x_wconf 83' lang='grc' dir='ltr'><strong><em>συμ-</em></strong></span> 
     </span>
     <span class='ocr_line' id='line_1_21' title="bbox 240 2865 2626 2947; baseline 0.001 -20"><span class='ocrx_word' id='word_1_186' title='bbox 240 2865 441 2940; x_wconf 77' lang='grc' dir='ltr'><strong><em>βαίνει</em></strong></span> <span class='ocrx_word' id='word_1_187' title='bbox 503 2875 633 2938; x_wconf 74' lang='grc' dir='ltr'><strong><em>τοῖς</em></strong></span> <span class='ocrx_word' id='word_1_188' title='bbox 696 2868 811 2944; x_wconf 68' lang='grc' dir='ltr'><strong>μὲν</strong></span> <span class='ocrx_word' id='word_1_189' title='bbox 874 2867 1101 2940; x_wconf 79' lang='grc' dir='ltr'><strong><em>αὐτοὺς</em></strong></span> <span class='ocrx_word' id='word_1_190' title='bbox 1165 2869 1333 2944; x_wconf 71' lang='grc' dir='ltr'><strong>ἡμᾶς</strong></span> <span class='ocrx_word' id='word_1_191' title='bbox 1396 2868 1936 2947; x_wconf 66' lang='grc' dir='ltr'><strong><em>παραγεγονέναι,</em></strong></span> <span class='ocrx_word' id='word_1_192' title='bbox 1997 2869 2080 2932; x_wconf 75' lang='grc' dir='ltr'><strong><em>τὰ</em></strong></span> <span class='ocrx_word' id='word_1_193' title='bbox 2148 2868 2212 2933; x_wconf 61' lang='grc' dir='ltr'><strong>δὲ</strong></span> <span class='ocrx_word' id='word_1_194' title='bbox 2261 2869 2432 2946; x_wconf 74' lang='grc' dir='ltr'><strong><em>παρὰ</em></strong></span> <span class='ocrx_word' id='word_1_195' title='bbox 2481 2874 2626 2932; x_wconf 78' lang='grc' dir='ltr'><strong>τῶν</strong></span> 
     </span>
     <span class='ocr_line' id='line_1_22' title="bbox 246 2972 2630 3062; baseline 0.002 -28"><span class='ocrx_word' id='word_1_196' title='bbox 246 2972 563 3050; x_wconf 74' lang='grc' dir='ltr'><strong><em>ἑορακότων</em></strong></span> <span class='ocrx_word' id='word_1_197' title='bbox 634 2974 984 3048; x_wconf 68' lang='grc' dir='ltr'><strong><em>ἀκηκοέναι.</em></strong></span> <span class='ocrx_word' id='word_1_198' title='bbox 1072 2975 1399 3042; x_wconf 88' lang='lat' dir='ltr'><strong>Nimirum</strong></span> <span class='ocrx_word' id='word_1_199' title='bbox 1484 2975 1818 3062; x_wconf 79' lang='lat' dir='ltr'><strong>supplevi:</strong></span> <span class='ocrx_word' id='word_1_200' title='bbox 1906 2977 2052 3056; x_wconf 75' lang='grc' dir='ltr'><strong>παρ’</strong></span> <span class='ocrx_word' id='word_1_201' title='bbox 2122 2979 2192 3052; x_wconf 92' lang='grc' dir='ltr'><strong>(α</strong></span> <span class='ocrx_word' id='word_1_202' title='bbox 2213 2975 2434 3054; x_wconf 83' lang='grc' dir='ltr'><strong><em>ὖτῶν)</em></strong></span> <span class='ocrx_word' id='word_1_203' title='bbox 2514 2975 2630 3038; x_wconf 81' lang='grc' dir='ltr'><strong>τῶν</strong></span> 
     </span>
     <span class='ocr_line' id='line_1_23' title="bbox 248 3078 2630 3169; baseline 0 -27"><span class='ocrx_word' id='word_1_204' title='bbox 248 3078 587 3160; x_wconf 68' lang='grc' dir='ltr'><strong><em>ἑορακότων,</em></strong></span> <span class='ocrx_word' id='word_1_205' title='bbox 630 3102 863 3168; x_wconf 85' lang='lat' dir='ltr'><strong>nempe</strong></span> <span class='ocrx_word' id='word_1_206' title='bbox 899 3079 1151 3150; x_wconf 83' lang='lat' dir='ltr'><strong>Ctesiae</strong></span> <span class='ocrx_word' id='word_1_207' title='bbox 1188 3103 1457 3160; x_wconf 89' lang='lat' dir='ltr'><strong>memor,</strong></span> <span class='ocrx_word' id='word_1_208' title='bbox 1500 3085 1615 3168; x_wconf 88' lang='lat' dir='ltr'><strong>qui</strong></span> <span class='ocrx_word' id='word_1_209' title='bbox 1663 3083 1990 3169; x_wconf 72' lang='lat' dir='ltr'><strong>scripsisse</strong></span> <span class='ocrx_word' id='word_1_210' title='bbox 2032 3080 2343 3146; x_wconf 83' lang='lat' dir='ltr'><strong>traditur:</strong></span> <span class='ocrx_word' id='word_1_211' title='bbox 2393 3079 2474 3144; x_wconf 73' lang='grc' dir='ltr'><strong><em>τὰ</em></strong></span> <span class='ocrx_word' id='word_1_212' title='bbox 2515 3081 2630 3154; x_wconf 71' lang='grc' dir='ltr'><strong><em>μὲν</em></strong></span> 
     </span>
     <span class='ocr_line' id='line_1_24' title="bbox 249 3186 2633 3272; baseline 0 -23"><span class='ocrx_word' id='word_1_213' title='bbox 249 3187 425 3258; x_wconf 77' lang='grc' dir='ltr'><strong><em>αὐτὸς</em></strong></span> <span class='ocrx_word' id='word_1_214' title='bbox 477 3187 613 3253; x_wconf 72' lang='grc' dir='ltr'><strong><em>ἰδὼν</em></strong></span> <span class='ocrx_word' id='word_1_215' title='bbox 661 3190 922 3268; x_wconf 72' lang='grc' dir='ltr'><strong><em>γράφω,</em></strong></span> <span class='ocrx_word' id='word_1_216' title='bbox 970 3188 1054 3253; x_wconf 76' lang='grc' dir='ltr'><strong><em>τὰ</em></strong></span> <span class='ocrx_word' id='word_1_217' title='bbox 1104 3189 1167 3254; x_wconf 69' lang='grc' dir='ltr'><strong>δὲ</strong></span> <span class='ocrx_word' id='word_1_218' title='bbox 1214 3190 1365 3266; x_wconf 86' lang='grc' dir='ltr'><strong><em>παρ’</em></strong></span> <span class='ocrx_word' id='word_1_219' title='bbox 1412 3189 1611 3254; x_wconf 76' lang='grc' dir='ltr'><strong><em>αὐτῶν</em></strong></span> <span class='ocrx_word' id='word_1_220' title='bbox 1663 3191 1870 3265; x_wconf 75' lang='grc' dir='ltr'><strong><em>μαθὼν</em></strong></span> <span class='ocrx_word' id='word_1_221' title='bbox 1917 3195 2033 3253; x_wconf 76' lang='grc' dir='ltr'><strong>τῶν</strong></span> <span class='ocrx_word' id='word_1_222' title='bbox 2077 3186 2337 3265; x_wconf 68' lang='grc' dir='ltr'><strong><em>ἰδόντων,</em></strong></span> <span class='ocrx_word' id='word_1_223' title='bbox 2377 3186 2456 3252; x_wconf 87' lang='lat' dir='ltr'><strong>de</strong></span> <span class='ocrx_word' id='word_1_224' title='bbox 2495 3188 2633 3272; x_wconf 89' lang='lat' dir='ltr'><strong>qui·</strong></span> 
     </span>
    </p>
   </div>
   <div class='ocr_carea' id='block_1_6' title="bbox 246 3291 2005 3383">
    <p class='ocr_par' dir='ltr' id='par_1_6' title="bbox 246 3291 2005 3383">
     <span class='ocr_line' id='line_1_25' title="bbox 246 3291 2005 3383; baseline 0.002 -27"><span class='ocrx_word' id='word_1_225' title='bbox 246 3293 365 3358; x_wconf 86' lang='lat' dir='ltr'><strong>bns</strong></span> <span class='ocrx_word' id='word_1_226' title='bbox 405 3295 619 3361; x_wconf 87' lang='lat' dir='ltr'><strong>verbis</strong></span> <span class='ocrx_word' id='word_1_227' title='bbox 664 3294 997 3362; x_wconf 86' lang='lat' dir='ltr'><strong>Mehlerus</strong></span> <span class='ocrx_word' id='word_1_228' title='bbox 1044 3297 1183 3383; x_wconf 80' lang='lat' dir='ltr'><strong>egit</strong></span> <span class='ocrx_word' id='word_1_229' title='bbox 1232 3297 1459 3360; x_wconf 76' lang='lat' dir='ltr'><strong>Mnem.</strong></span> <span class='ocrx_word' id='word_1_230' title='bbox 1513 3294 1690 3361; x_wconf 81' lang='lat'>1852</span> <span class='ocrx_word' id='word_1_231' title='bbox 1737 3316 1798 3381; x_wconf 91' lang='lat' dir='ltr'><strong>p.</strong></span> <span class='ocrx_word' id='word_1_232' title='bbox 1852 3291 2005 3360; x_wconf 87' lang='lat'>407.</span> 
     </span>
    </p>
   </div>
   <div class='ocr_carea' id='block_1_7' title="bbox 160 3508 2632 4638">
    <p class='ocr_par' dir='ltr' id='par_1_7' title="bbox 160 3508 2632 4555">
     <span class='ocr_line' id='line_1_26' title="bbox 337 3508 2627 3598; baseline -0 -23"><span class='ocrx_word' id='word_1_233' title='bbox 337 3509 491 3576; x_wconf 83' lang='lat' dir='ltr'><strong>Post</strong></span> <span class='ocrx_word' id='word_1_234' title='bbox 554 3531 758 3598; x_wconf 88' lang='lat' dir='ltr'><strong>pauca</strong></span> <span class='ocrx_word' id='word_1_235' title='bbox 826 3513 1153 3596; x_wconf 84' lang='lat' dir='ltr'><strong>sequitur:</strong></span> <span class='ocrx_word' id='word_1_236' title='bbox 1226 3511 1396 3588; x_wconf 71' lang='grc' dir='ltr'><strong><em>ἐπεί,</em></strong></span> <span class='ocrx_word' id='word_1_237' title='bbox 1463 3511 1517 3576; x_wconf 76' lang='grc' dir='ltr'><strong><em>εἰ</em></strong></span> <span class='ocrx_word' id='word_1_238' title='bbox 1579 3534 1674 3583; x_wconf 86' lang='grc' dir='ltr'><strong><em>τις</em></strong></span> <span class='ocrx_word' id='word_1_239' title='bbox 1740 3511 1932 3575; x_wconf 78' lang='grc' dir='ltr'><strong><em>αὐτοῦ</em></strong></span> <span class='ocrx_word' id='word_1_240' title='bbox 1999 3509 2098 3575; x_wconf 72' lang='grc' dir='ltr'><strong>ἐπ’</strong></span> <span class='ocrx_word' id='word_1_241' title='bbox 2160 3508 2319 3590; x_wconf 72' lang='grc' dir='ltr'><strong><em>ἄκρα</em></strong></span> <span class='ocrx_word' id='word_1_242' title='bbox 2387 3510 2544 3574; x_wconf 79' lang='grc' dir='ltr'><strong><em>ἔλθοι</em></strong></span> <span class='ocrx_word' id='word_1_243' title='bbox 2594 3508 2627 3584; x_wconf 74' lang='grc' dir='ltr'>ἢ</span> 
     </span>
     <span class='ocr_line' id='line_1_27' title="bbox 254 3612 2627 3696; baseline 0.001 -20"><span class='ocrx_word' id='word_1_244' title='bbox 254 3615 461 3687; x_wconf 79' lang='grc' dir='ltr'><strong><em>πτηνὸς</em></strong></span> <span class='ocrx_word' id='word_1_245' title='bbox 515 3618 839 3694; x_wconf 72' lang='grc' dir='ltr'><strong><em>γενόμενος</em></strong></span> <span class='ocrx_word' id='word_1_246' title='bbox 882 3617 1259 3695; x_wconf 63' lang='lat' dir='ltr'><strong>induratu,</strong></span> <span class='ocrx_word' id='word_1_247' title='bbox 1302 3614 1682 3680; x_wconf 72' lang='grc' dir='ltr'><strong><em>κατιδεῖν</em></strong></span> <span class='ocrx_word' id='word_1_248' title='bbox 1721 3616 2142 3696; x_wconf 74' lang='grc' dir='ltr'><strong><em>ἆνακύψαντα</em></strong></span> <span class='ocrx_word' id='word_1_249' title='bbox 2181 3612 2380 3692; x_wconf 74' lang='grc' dir='ltr'><strong><em>ὥσπερ</em></strong></span> <span class='ocrx_word' id='word_1_250' title='bbox 2420 3615 2627 3680; x_wconf 68' lang='grc' dir='ltr'><strong><em>ἐνθάδε</em></strong></span> 
     </span>
     <span class='ocr_line' id='line_1_28' title="bbox 256 3721 2629 3803; baseline 0.002 -21"><span class='ocrx_word' id='word_1_251' title='bbox 256 3721 307 3783; x_wconf 75' lang='grc' dir='ltr'><strong>οἱ</strong></span> <span class='ocrx_word' id='word_1_252' title='bbox 353 3721 415 3786; x_wconf 72' lang='grc' dir='ltr'><strong><em>εἰς</em></strong></span> <span class='ocrx_word' id='word_1_253' title='bbox 460 3732 565 3795; x_wconf 79' lang='grc' dir='ltr'><strong><em>τῆς</em></strong></span> <span class='ocrx_word' id='word_1_254' title='bbox 609 3723 929 3797; x_wconf 73' lang='grc' dir='ltr'><strong>θαλάττης</strong></span> <span class='ocrx_word' id='word_1_255' title='bbox 972 3723 1183 3803; x_wconf 74' lang='grc' dir='ltr'><strong><em>ἰχθύες</em></strong></span> <span class='ocrx_word' id='word_1_256' title='bbox 1227 3721 1854 3795; x_wconf 68' lang='grc' dir='ltr'><strong><em>ἀνακύπτοντες</em></strong></span> <span class='ocrx_word' id='word_1_257' title='bbox 1902 3722 2128 3801; x_wconf 78' lang='grc' dir='ltr'><strong><em>δρῶσι</em></strong></span> <span class='ocrx_word' id='word_1_258' title='bbox 2179 3721 2280 3786; x_wconf 72' lang='grc' dir='ltr'><strong><em>τὰ</em></strong></span> <span class='ocrx_word' id='word_1_259' title='bbox 2329 3721 2629 3799; x_wconf 74' lang='grc' dir='ltr'><strong><em>ἐνθάδε,</em></strong></span> 
     </span>
     <span class='ocr_line' id='line_1_29' title="bbox 256 3821 2629 3914; baseline 0.001 -24"><span class='ocrx_word' id='word_1_260' title='bbox 256 3821 431 3900; x_wconf 72' lang='grc' dir='ltr'><strong><em>οὕτως</em></strong></span> <span class='ocrx_word' id='word_1_261' title='bbox 476 3828 551 3893; x_wconf 73' lang='grc' dir='ltr'><strong><em>ἄν</em></strong></span> <span class='ocrx_word' id='word_1_262' title='bbox 600 3853 739 3894; x_wconf 89' lang='grc' dir='ltr'><strong><em>τινα</em></strong></span> <span class='ocrx_word' id='word_1_263' title='bbox 789 3830 893 3894; x_wconf 78' lang='grc' dir='ltr'><strong>καὶ</strong></span> <span class='ocrx_word' id='word_1_264' title='bbox 944 3831 1027 3894; x_wconf 76' lang='grc' dir='ltr'><strong><em>τὰ</em></strong></span> <span class='ocrx_word' id='word_1_265' title='bbox 1070 3833 1202 3894; x_wconf 72' lang='grc' dir='ltr'><strong><em>ἐκεῖ</em></strong></span> <span class='ocrx_word' id='word_1_266' title='bbox 1236 3830 1527 3895; x_wconf 72' lang='grc' dir='ltr'><strong><em>κατιδεῖν.</em></strong></span> <span class='ocrx_word' id='word_1_267' title='bbox 1576 3829 1918 3896; x_wconf 86' lang='lat' dir='ltr'><strong>Neminem</strong></span> <span class='ocrx_word' id='word_1_268' title='bbox 1962 3827 2198 3894; x_wconf 80' lang='lat' dir='ltr'><strong>vidisse</strong></span> <span class='ocrx_word' id='word_1_269' title='bbox 2236 3829 2457 3914; x_wconf 82' lang='lat' dir='ltr'><strong>spuria</strong></span> <span class='ocrx_word' id='word_1_270' title='bbox 2495 3849 2629 3893; x_wconf 86' lang='lat' dir='ltr'><strong>esse</strong></span> 
     </span>
     <span class='ocr_line' id='line_1_30' title="bbox 160 3932 2632 4021; baseline 0.002 -27"><span class='ocrx_word' id='word_1_271' title='bbox 160 3989 167 3994; x_wconf 87' lang='lat'>.</span> <span class='ocrx_word' id='word_1_272' title='bbox 261 3935 871 4008; x_wconf 66' lang='grc' dir='ltr'><strong><em>ἀνακύπτοντες</em></strong></span> <span class='ocrx_word' id='word_1_273' title='bbox 934 3937 1166 4012; x_wconf 81' lang='grc' dir='ltr'><strong><em>δρῶσι</em></strong></span> <span class='ocrx_word' id='word_1_274' title='bbox 1213 3937 1312 4001; x_wconf 72' lang='grc' dir='ltr'><strong><em>τὰ</em></strong></span> <span class='ocrx_word' id='word_1_275' title='bbox 1361 3933 1684 4001; x_wconf 66' lang='grc' dir='ltr'><strong><em>ἐνθάδεῐ</em></strong></span> <span class='ocrx_word' id='word_1_276' title='bbox 1749 3935 2001 4000; x_wconf 80' lang='lat' dir='ltr'><strong>Adiecit</strong></span> <span class='ocrx_word' id='word_1_277' title='bbox 2047 3937 2116 3999; x_wconf 90' lang='lat' dir='ltr'><strong>ni</strong></span> <span class='ocrx_word' id='word_1_278' title='bbox 2162 3933 2350 4001; x_wconf 83' lang='lat' dir='ltr'><strong>fallor</strong></span> <span class='ocrx_word' id='word_1_279' title='bbox 2395 3932 2632 4021; x_wconf 76' lang='lat' dir='ltr'><strong>aliquis</strong></span> 
     </span>
     <span class='ocr_line' id='line_1_31' title="bbox 260 4039 2630 4129; baseline 0.001 -26"><span class='ocrx_word' id='word_1_280' title='bbox 260 4043 361 4104; x_wconf 86' lang='lat' dir='ltr'><strong>cui</strong></span> <span class='ocrx_word' id='word_1_281' title='bbox 421 4043 623 4122; x_wconf 75' lang='grc' dir='ltr'><strong><em>ἰχθύες</em></strong></span> <span class='ocrx_word' id='word_1_282' title='bbox 697 4044 1097 4109; x_wconf 81' lang='lat' dir='ltr'><strong>nominativo</strong></span> <span class='ocrx_word' id='word_1_283' title='bbox 1158 4063 1309 4110; x_wconf 83' lang='lat' dir='ltr'><strong>casu</strong></span> <span class='ocrx_word' id='word_1_284' title='bbox 1370 4045 1461 4109; x_wconf 86' lang='lat' dir='ltr'><strong>sic</strong></span> <span class='ocrx_word' id='word_1_285' title='bbox 1519 4045 1805 4129; x_wconf 87' lang='lat' dir='ltr'><strong>positum</strong></span> <span class='ocrx_word' id='word_1_286' title='bbox 1871 4040 2280 4126; x_wconf 85' lang='lat' dir='ltr'><strong>displicebat,</strong></span> <span class='ocrx_word' id='word_1_287' title='bbox 2346 4039 2457 4106; x_wconf 87' lang='lat' dir='ltr'><strong>sed</strong></span> <span class='ocrx_word' id='word_1_288' title='bbox 2517 4062 2630 4108; x_wconf 86' lang='lat' dir='ltr'><strong>nos</strong></span> 
     </span>
     <span class='ocr_line' id='line_1_32' title="bbox 262 4147 2632 4236; baseline 0.002 -26"><span class='ocrx_word' id='word_1_289' title='bbox 262 4151 403 4212; x_wconf 87' lang='lat' dir='ltr'><strong>satis</strong></span> <span class='ocrx_word' id='word_1_290' title='bbox 437 4153 735 4216; x_wconf 83' lang='lat' dir='ltr'><strong>novimus</strong></span> <span class='ocrx_word' id='word_1_291' title='bbox 774 4153 866 4215; x_wconf 90' lang='lat' dir='ltr'><strong>sic</strong></span> <span class='ocrx_word' id='word_1_292' title='bbox 904 4148 1184 4217; x_wconf 82' lang='lat' dir='ltr'><strong>Graecos</strong></span> <span class='ocrx_word' id='word_1_293' title='bbox 1222 4148 1401 4236; x_wconf 91' lang='lat' dir='ltr'><strong>loqui</strong></span> <span class='ocrx_word' id='word_1_294' title='bbox 1438 4151 1664 4216; x_wconf 89' lang='lat' dir='ltr'><strong>solere.</strong></span> <span class='ocrx_word' id='word_1_295' title='bbox 1707 4149 1832 4215; x_wconf 86' lang='lat' dir='ltr'><strong>His</strong></span> <span class='ocrx_word' id='word_1_296' title='bbox 1870 4155 2090 4215; x_wconf 89' lang='lat' dir='ltr'><strong>autem</strong></span> <span class='ocrx_word' id='word_1_297' title='bbox 2131 4151 2397 4216; x_wconf 87' lang='lat' dir='ltr'><strong>remotis</strong></span> <span class='ocrx_word' id='word_1_298' title='bbox 2433 4147 2632 4214; x_wconf 89' lang='lat' dir='ltr'><strong>simul</strong></span> 
     </span>
     <span class='ocr_line' id='line_1_33' title="bbox 262 4255 2630 4342; baseline 0.002 -25"><span class='ocrx_word' id='word_1_299' title='bbox 262 4263 501 4338; x_wconf 86' lang='lat' dir='ltr'><strong>apparet</strong></span> <span class='ocrx_word' id='word_1_300' title='bbox 538 4260 719 4342; x_wconf 88' lang='lat' dir='ltr'><strong>prius</strong></span> <span class='ocrx_word' id='word_1_301' title='bbox 759 4257 1029 4324; x_wconf 78' lang='grc' dir='ltr'><strong><em>κατιδεῖν</em></strong></span> <span class='ocrx_word' id='word_1_302' title='bbox 1070 4256 1299 4323; x_wconf 86' lang='lat' dir='ltr'><strong>itidem</strong></span> <span class='ocrx_word' id='word_1_303' title='bbox 1336 4255 1681 4323; x_wconf 86' lang='lat' dir='ltr'><strong>delendum</strong></span> <span class='ocrx_word' id='word_1_304' title='bbox 1723 4277 1858 4322; x_wconf 85' lang='lat' dir='ltr'><strong>esse</strong></span> <span class='ocrx_word' id='word_1_305' title='bbox 1897 4276 2102 4342; x_wconf 87' lang='lat' dir='ltr'><strong>neque</strong></span> <span class='ocrx_word' id='word_1_306' title='bbox 2135 4276 2287 4320; x_wconf 90' lang='lat' dir='ltr'><strong>cum</strong></span> <span class='ocrx_word' id='word_1_307' title='bbox 2308 4255 2630 4341; x_wconf 81' lang='lat' dir='ltr'><strong>Stephano</strong></span> 
     </span>
     <span class='ocr_line' id='line_1_34' title="bbox 262 4357 2629 4448; baseline 0 -22"><span class='ocrx_word' id='word_1_308' title='bbox 262 4357 339 4421; x_wconf 71' lang='grc' dir='ltr'><strong><em>ἄν</em></strong></span> <span class='ocrx_word' id='word_1_309' title='bbox 388 4363 761 4446; x_wconf 83' lang='lat' dir='ltr'><strong>particulam</strong></span> <span class='ocrx_word' id='word_1_310' title='bbox 824 4363 1224 4429; x_wconf 85' lang='lat' dir='ltr'><strong>inserendam</strong></span> <span class='ocrx_word' id='word_1_311' title='bbox 1273 4384 1429 4429; x_wconf 87' lang='lat' dir='ltr'><strong>esse.</strong></span> <span class='ocrx_word' id='word_1_312' title='bbox 1476 4362 1816 4448; x_wconf 81' lang='lat' dir='ltr'><strong>Inelegans</strong></span> <span class='ocrx_word' id='word_1_313' title='bbox 1864 4360 2237 4427; x_wconf 86' lang='lat' dir='ltr'><strong>eorumdem</strong></span> <span class='ocrx_word' id='word_1_314' title='bbox 2289 4363 2629 4426; x_wconf 86' lang='lat' dir='ltr'><strong>verborum</strong></span> 
     </span>
     <span class='ocr_line' id='line_1_35' title="bbox 262 4467 2083 4555; baseline 0.002 -25"><span class='ocrx_word' id='word_1_315' title='bbox 262 4467 333 4528; x_wconf 90' lang='lat' dir='ltr'><strong>in</strong></span> <span class='ocrx_word' id='word_1_316' title='bbox 367 4468 839 4555; x_wconf 79' lang='lat' dir='ltr'><strong>interpolatione</strong></span> <span class='ocrx_word' id='word_1_317' title='bbox 888 4473 1185 4555; x_wconf 85' lang='lat' dir='ltr'><strong>repetitio</strong></span> <span class='ocrx_word' id='word_1_318' title='bbox 1233 4473 1557 4536; x_wconf 88' lang='lat' dir='ltr'><strong>neminem</strong></span> <span class='ocrx_word' id='word_1_319' title='bbox 1606 4474 1818 4554; x_wconf 89' lang='lat' dir='ltr'><strong>potest</strong></span> <span class='ocrx_word' id='word_1_320' title='bbox 1863 4468 2083 4534; x_wconf 86' lang='lat' dir='ltr'><strong>latere.</strong></span> 
     </span>
    </p>

    <p class='ocr_par' dir='ltr' id='par_1_8' title="bbox 2281 4587 2342 4638">
     <span class='ocr_line' id='line_1_36' title="bbox 2281 4587 2342 4638; baseline 0.066 -4"><span class='ocrx_word' id='word_1_321' title='bbox 2281 4587 2342 4638; x_wconf 86' lang='lat'><strong>11</strong></span> 
     </span>
    </p>
   </div>
  </div>
 </body>
</html>
