3246 5085
638 283 725 347 22
1682 303 1991 352 nolumus

736 466 833 532 III
881 467 942 532 2.
974 465 1056 531 18
1101 467 1196 532 Ex
1242 469 1583 553 Aethiopia
1627 473 1724 533 est
1768 489 1969 554 usque
2014 467 2168 534 haec

725 571 822 654 (2)
869 571 1172 657 „Usque”
1219 572 1514 638 additum
1568 578 1693 650 est,
1745 579 1822 638 ut
1861 572 2352 659 longuinquitas
2400 577 2885 638 monstraretur.

633 675 776 742 Hoc
837 697 1008 764 mag.
1073 675 1304 762 aliquis
1365 680 1679 762 excerpsit
1741 699 1775 742 e
1840 676 2108 743 Donato.
2156 677 2290 757 (4):
2354 676 2680 755 Ostendit,
2726 677 2881 762 quid
2934 681 3029 742 sit

637 802 758 858 „ex
795 783 1176 867 Aethiopia”
1225 781 1509 848 addendo
1556 781 1869 867 „usque’',
1918 789 1995 847 ut
2038 803 2118 847 ex
2160 781 2682 868 longuinquitate
2728 781 3029 868 dignitas

636 889 922 950 muneris
968 887 1370 970 ponderetur,
1420 891 1569 951 cett.

725 989 885 1054 Ibid.
935 990 1021 1055 42
1069 991 1212 1055 Una
1257 993 1351 1055 ire
1397 1011 1546 1055 cum
1593 992 1798 1055 amica
1842 993 2297 1076 imperatorem
2344 993 2412 1054 in
2460 993 2567 1056 via

726 1092 822 1174 (2)
867 1094 1143 1160 Mirifice
1193 1094 1552 1172 „amicam”
1603 1093 1769 1158 dixit
1804 1116 1929 1159 non
1974 1095 2483 1171 „meretricem'’.
2621 1093 3028 1181 Excerptum

634 1200 935 1284 magistri
971 1220 1048 1264 ex
1088 1198 1219 1279 (5):
1267 1199 1438 1264 Bene
1475 1202 1861 1265 immutavit
1899 1203 2160 1264 nomina
2196 1200 2346 1263 hinc
2385 1198 2463 1263 ad
2502 1200 2829 1276 honorem,
2869 1200 3031 1264 hinc

634 1303 716 1368 ad
753 1305 1101 1370 iuvidiam:
1146 1305 1308 1370 hauc
1347 1326 1474 1371 non
1516 1305 2011 1383 „meretricem”
2050 1303 2157 1370 sed
2202 1304 2564 1381 „amicam”
2616 1305 2811 1382 dixit,
2852 1306 3034 1370 hunc

635 1430 761 1473 non
810 1409 1176 1486 „militem”
1227 1409 1338 1475 sed
1389 1409 1954 1496 „imperatorem''.

726 1513 850 1592 Qui
911 1513 1146 1579 Donati
1207 1513 1435 1579 stilum
1496 1517 1779 1592 noverit,
1846 1535 2098 1579 mecum
2162 1516 2220 1578 ei
2282 1513 2460 1578 dabit
2513 1513 2700 1579 modo
2746 1515 3027 1578 initium

635 1618 731 1699 (5)
779 1618 990 1695 „Bene
1041 1667 1054 1683 .
1086 1667 1100 1684 .
1129 1668 1143 1683 .
1189 1619 1573 1684 invidiam”.
1623 1618 1892 1704 Reliqua
1938 1618 2183 1683 addidit
2232 1619 2435 1684 editor
2481 1618 2583 1683 IP
2630 1640 2743 1704 per
2789 1641 2907 1682 non
2932 1655 3028 1668 -—

634 1725 756 1800 sed,
819 1728 893 1787 ut
954 1726 1211 1788 centies.
1279 1723 1510 1789 Eidem
1571 1723 1837 1788 debetur
1895 1723 2137 1788 insulsa
2200 1723 2527 1789 adnotatio
2573 1722 2707 1803 (3):
2776 1722 3032 1808 „Impe-

635 1827 956 1893 ratorem”
1005 1849 1282 1914 congrue
1326 1831 1395 1893 in
1440 1827 1756 1908 militem,
1808 1832 1991 1912 quasi
2034 1832 2171 1912 ipse
2220 1832 2304 1892 sit
2352 1829 2470 1894 sub
2519 1850 2643 1913 quo
2690 1827 2815 1894 est!

647 1931 652 1936 ’
726 1934 937 2020 Igitur
997 1937 1066 1997 in
1125 1935 1243 1999 hac
1290 1933 1540 2021 sylloge
1590 1921 1900 1999 habemus
1947 1935 2044 2015 (1)
2091 1934 2254 1999 Don.
2280 1932 2327 2014 ¹)
2374 1933 2469 2015 (2)
2516 1955 2649 2000 exc.
2698 1955 2872 2020 mag.
2921 1933 3028 2015 (3)

636 2038 756 2103 IP.
811 2039 908 2119 (4)
947 2037 1109 2103 Don.
1159 2037 1255 2117 (5)
1302 2038 1462 2104 Don.
1513 2045 1575 2104 et
1621 2038 1744 2103 IP.
1852 2037 2026 2104 Haec
2076 2041 2294 2104 omnia
2336 2037 2435 2102 IP
2482 2038 2702 2103 ordine
2748 2037 3029 2103 edidisse

637 2142 820 2208 credo
841 2191 857 2219 ,
920 2149 1172 2227 praeter
1232 2142 1350 2221 (2),
1414 2143 1583 2227 quod
1646 2141 2044 2228 Compilator
2087 2145 2358 2208 inseruit
2404 2165 2481 2208 ex
2528 2145 2820 2228 margine
2865 2143 3026 2208 edit.

637 2246 754 2325 IP,
805 2254 919 2311 aut
965 2246 1131 2312 alius
1177 2247 1474 2312 editionis
1522 2246 1957 2313 Terentianae.

725 2351 814 2415 IV
860 2351 921 2416 3.
950 2351 1037 2416 24
1061 2352 1157 2432 (4)
1219 2351 1290 2416 Si
1357 2352 1668 2430 „verum”
1718 2374 1832 2436 pro
1879 2353 2319 2417 coniunctione
2366 2353 2749 2438 accipimuS,
2792 2351 3031 2416 subau-

636 2457 938 2521 diendum
986 2459 1106 2521 erit
1149 2457 1254 2521 hic
1297 2465 1656 2533 „amatores
1699 2456 2047 2521 mulierum
2088 2478 2223 2522 esse
2262 2456 2643 2522 maximos’'.
2784 2453 2880 2536 (7)
2903 2461 3029 2520 aut

637 2584 788 2627 non
849 2565 1354 2649 cogitaram,
1419 2570 1733 2628 autnon
1781 2583 2000 2627 eram
2048 2562 2513 2627 recordata.
2651 2561 3025 2647 Utrumque

635 2673 1006 2753 excerptum
1067 2688 1105 2733 a
1164 2672 1473 2754 magistro
1535 2668 1814 2753 quodam
1859 2688 1893 2733 e
1942 2667 2176 2733 Donati
2222 2666 2419 2733 schol.
2467 2666 2845 2753 longissimo
2892 2664 3021 2748 (3),

635 2795 759 2860 quo
805 2780 1026 2859 postea
1070 2774 1235 2838 mihi
1285 2776 1407 2838 erit
1452 2774 1928 2839 revertendum.

723 2876 812 2943 IV
859 2878 921 2943 4.
949 2879 1036 2944 24
1081 2878 1236 2943 Iube
1283 2880 1449 2943 mihi
1494 2878 1701 2943 denuo
1751 2876 2128 2963 respondeat

724 2980 802 3047 D.
852 2982 947 3062 (2)
1152 2982 1442 3060 „denuo”
1492 2988 1712 3047 autem
1762 2981 1841 3047 ad
1890 2980 2349 3066 „respoudeat”
2399 2984 2709 3066 pertinet,
2758 3002 2883 3046 non
2932 2980 3013 3045 ad

636 3086 908 3163 „mihi'’.
1089 3086 1482 3173 Excerptum
1541 3088 1693 3151 hinc
1756 3085 1851 3166 (3)
1919 3085 2115 3165 „Iube
2178 3085 2547 3163 <denuo”>,
2612 3108 2738 3151 non
2804 3086 3011 3162 „mihi

635 3190 908 3257 denuo'’.

723 3408 1042 3473 Phorm.
1092 3406 1123 3470 I
1173 3405 1233 3472 1.
1261 3406 1302 3471 2
1350 3406 1512 3473 Heri
1556 3410 1737 3473 venit
1782 3406 1862 3473 ad
1905 3426 2046 3472 me:
2096 3413 2233 3472 erat
2277 3410 2337 3472 ei
2383 3407 2459 3473 de
2502 3406 2867 3473 ratiuncula

723 3511 820 3592 (3)
880 3511 1075 3577 Deest
1139 3511 1374 3589 „nam”
1430 3512 1542 3577 sed
1586 3515 1748 3577 mire
1795 3514 2201 3578 subtractum
2247 3520 2361 3578 est.
2546 3510 3020 3598 Compendium

631 3639 666 3683 e
709 3616 957 3682 Donato
1004 3616 1136 3696 (5):
1185 3616 1521 3683 Moraliter
1565 3616 1794 3682 intulit
1843 3622 2021 3696 „erat
2065 3617 2205 3683 ei”:
2256 3618 2467 3703 mag-is
2513 3620 2685 3681 enim
2732 3617 3017 3682 facetum

630 3728 728 3786 est
764 3726 830 3786 et
872 3724 1221 3800 comicum,
1270 3742 1420 3787 cum
1465 3720 1803 3795 ἀσυνδέτους
1850 3722 2145 3799 infertur,
2196 3741 2391 3807 quam
2436 3723 2493 3786 si
2540 3721 2774 3787 diceret
2818 3742 3015 3801 „uam

631 3830 770 3891 erat
815 3825 943 3891 ei''.

719 3929 1264 4015 Frequentissima
1322 3932 1517 3995 huius
1573 3934 1829 4017 generis
1886 3924 2184 4017 excerpta
2244 3936 2311 3996 et
2355 3930 2731 4015 compendia
2783 3931 3019 3995 brevis-

629 4036 794 4099 sima
852 4055 978 4099 non
1037 4035 1340 4100 exhibent
1401 4038 1682 4121 vestigia
1744 4035 2019 4121 duplicis
2081 4038 2429 4102 commenti
2448 4082 2463 4113 ,
2528 4033 2638 4100 sed
2679 4037 2895 4120 potius
2941 4037 3015 4100 in

701 4292 754 4353 1)
798 4292 876 4341 Sic
919 4307 969 4341 ιο
1013 4292 1160 4341 habet
1189 4292 1284 4354 (1)=
1319 4291 1441 4342 Vide
1475 4290 1882 4351 προπαρασκενῆν
1916 4292 2110 4342 futurae
2144 4292 2245 4343 litis
2279 4292 2407 4343 inter
2439 4291 2666 4343 Thaidem
2701 4306 2756 4341 ac
2791 4291 3015 4344 militem.

630 4372 820 4423 Scholia
852 4374 910 4422 de
943 4372 1214 4424 oeconomia
1243 4371 1430 4423 tabulae
1463 4373 1564 4422 fere
1599 4373 1762 4423 omnia
1797 4372 2007 4438 genuina
2037 4377 2166 4425 sunt.
