3246 5085
1244 353 1570 403 srumuus.
2482 338 2611 404 105

347 520 686 601 Compar-uit
745 526 842 584 est
905 519 1258 605 perfectum
1312 519 1599 606 logicum
1652 518 1755 585 vel
1799 540 2100 605 graecum
2149 521 2316 604 quod
2364 520 2622 601 dicitur,

235 628 400 690 sicut
449 624 639 711 Verg.
688 626 844 691 Aen.
893 623 957 690 II
1007 624 1137 691 325
1203 674 1216 689 .
1248 674 1263 689 .
1294 675 1307 690 .
1339 671 1354 690 .
1413 625 1659 690 fuimus
1706 624 1931 705 Troes,
1980 625 2107 690 fuit
2154 624 2353 691 Ilium
2398 648 2453 692 e.
2479 648 2539 712 q.
2565 649 2617 693 e.

326 730 664 796 Praeterea
724 730 1033 817 Apuleius
1093 730 1421 795 interdum
1485 733 1817 817 coniungit
1875 733 1943 795 in
2004 752 2132 796 una
2177 731 2437 817 periodo
2482 754 2619 818 per·

232 837 398 901 fecta
445 843 511 901 et
554 840 910 922 praesentia
959 836 1141 902 velut
1191 836 1344 913 252,
1375 835 1458 901 13
1498 844 1853 923 aug-ustum
1891 840 2211 923 specimen
2252 838 2403 903 deae
2444 860 2617 925 prae·

233 944 432 1006 sentis
479 943 666 1005 statui
710 942 1033 1028 deprecari
1078 939 1540 1027 confestimque
1586 942 1867 1008 discussa
1912 945 2099 1028 pigra
2149 946 2363 1028 quiete
2412 943 2618 1009 alacer

232 1069 450 1129 θωνα-90
511 1070 744 1133 meque
803 1052 1096 1133 protinus
1156 1048 1535 1135 purificandi
1584 1048 1799 1114 studio
1846 1051 2095 1113 marino
2139 1048 2395 1115 lavacra
2442 1054 2618 1115 trado

230 1176 286 1219 e.
314 1175 374 1243 q.
402 1175 488 1236 s.;
539 1153 694 1233 269,
727 1155 758 1218 1
811 1176 934 1219 non
977 1155 1263 1219 obscuris
1299 1156 1590 1239 imperiis
1632 1153 1961 1219 euidenter
1994 1155 2239 1234 monuit,
2283 1155 2617 1223 aduenisse

233 1259 404 1325 diem
455 1308 696 1326 ......
750 1262 1093 1345 ipsumque
1155 1260 1465 1324 Mithram
1518 1307 1532 1323 .
1565 1309 1578 1325 .
1610 1308 1625 1325 .
1686 1282 2013 1325 sacrorum
2078 1264 2451 1326 ministrum
2511 1264 2611 1327 de-

227 1366 424 1429 cernit
455 1365 522 1445 ι).
569 1364 744 1450 Ergo
793 1388 917 1431 non
961 1366 1261 1431 audimus
1309 1366 1656 1443 editorem,
1706 1370 1818 1451 qui
1863 1374 2153 1449 comportet
2201 1370 2487 1434 novavit.

296 1515 410 1572 262,
431 1516 463 1564 2
493 1515 788 1581 ymaqinibu
820 1515 859 1563 F
892 1515 1147 1581 imaqilaib;
1181 1518 1270 1578 φ’,
1303 1519 1355 1565 at
1387 1518 1453 1577 ψ’
1494 1516 1721 1566 corre-vit.

321 1643 474 1723 262,
503 1644 542 1708 6
613 1646 828 1710 animo
899 1666 1044 1710 meo
1107 1650 1244 1710 tam
1306 1646 1715 1731 repentinum
1779 1650 2041 1731 tamque
2106 1667 2419 1733 magnum
2483 1670 2613 1713 non

233 1753 522 1836 capiente
567 1750 884 1837 gaudium
932 1772 986 1815 e.
1013 1772 1072 1835 q.
1102 1772 1150 1815 s.

323 1855 446 1936 Qui
510 1856 806 1921 dubitant
869 1878 1028 1921 num
1073 1855 1388 1940 Apuleius
1433 1855 1701 1921 Livium
1747 1856 2014 1944 legerit,
2064 1864 2281 1922 nostro
2328 1858 2467 1924 loco
2514 1880 2617 1925 co-

231 1967 542 2048 gnoscant
589 1962 954 2036 ὁμοιότητας
1006 1983 1044 2027 a
1090 1962 1350 2026 Prieneo
1397 1960 1657 2039 allatas,
1704 1963 1939 2047 quibus
1985 1962 2189 2043 adicio
2235 1964 2377 2029 Liv.
2424 1964 2612 2030 XXII

234 2068 341 2145 51,
369 2067 410 2133 3
474 2065 823 2132 Hannibali
885 2070 1080 2133 nimis
1140 2065 1310 2132 laeta
1371 2089 1470 2132 res
1534 2074 1633 2132 est
1694 2071 1835 2134 visa
1897 2071 2224 2154 maiorque
2287 2091 2480 2155 quam
2542 2075 2617 2134 ut

232 2193 376 2238 eam
422 2174 646 2237 statim
693 2193 914 2258 capere
961 2175 1173 2237 animo
1219 2179 1453 2257 posset.

325 2277 786 2363 Compar-emus
848 2281 1044 2343 etiam
1107 2277 1288 2359 (166,
1320 2278 1429 2359 13)
1492 2281 1647 2364 quin
1710 2300 1904 2365 equos
1966 2279 2400 2345 inscendimus
2464 2302 2613 2345 cum

230 2383 374 2449 Liv.
439 2383 468 2446 I
533 2381 640 2461 57,
671 2381 708 2449 7
777 2386 931 2467 quin
983 2432 996 2447 .
1027 2432 1040 2449 .
1070 2432 1085 2447 .
1135 2384 1619 2449 conscendimus
1680 2405 1911 2468 equos,
1978 2390 2053 2449 ut
2114 2407 2229 2471 pro
2292 2392 2615 2470 comperto

231 2489 580 2556 habeamus
627 2487 976 2575 Apuleium
1025 2510 1510 2575 nonnumquam
1557 2493 1835 2555 iocatum
1888 2511 2021 2556 esse
2068 2493 2134 2555 in
2169 2512 2384 2556 rerum
2425 2494 2618 2578 scrip-

223 2599 381 2661 toris
431 2596 640 2661 verba.
691 2595 809 2662 Of..
854 2617 1015 2681 quae
1062 2595 1196 2660 dixi
1243 2595 1320 2660 ad
1376 2595 1527 2674 190,
1557 2595 1680 2674 24;
1739 2595 1886 2676 197,
1922 2594 2038 2672 17;
2091 2596 2245 2673 236,
2276 2596 2383 2662 26.

319 2700 739 2769 Conferamus
797 2701 1068 2787 denique
1118 2700 1299 2782 (216,
1330 2701 1440 2782 10)
1487 2723 1720 2787 eosque
1772 2751 1785 2766 .
1818 2751 1831 2768 .
1862 2749 1877 2766 .
1926 2703 2292 2768 distrahunt
2337 2725 2407 2768 ac
2453 2701 2615 2768 lace·

223 2814 378 2872 runt
423 2828 572 2872 cum
619 2807 763 2873 Liv.
813 2807 876 2870 II
923 2804 1030 2884 57,
1060 2806 1099 2872 3
1147 2807 1519 2872 distractam
1564 2805 2033 2893 laceratamque
2078 2808 2561 2893 rempublicam.

289 2955 486 3016 267,11
541 2957 603 3014 8,·
637 2961 714 3018 (==
740 2958 837 3018 sed)
871 2963 910 3019 Φ
956 2957 1080 3007 sicut
1113 2973 1180 3008 vs.
1217 2958 1297 3007 29.
1370 2958 1430 3009 15
1465 2962 1619 3007 melun
1658 2958 1723 3006 12¹
1766 2962 1840 3020 (nt
1878 2959 1994 3021 vid.)
2026 2975 2097 3008 me
2137 2966 2223 3008 συθ
2258 2961 2342 3010 1⁴⁸².
2399 2961 2463 3010 20
2487 2962 2611 3026 fac·

223 3043 300 3090 tos
333 3038 418 3098 1³¹²,
453 3043 560 3104 poet
593 3055 618 3087 c
653 3054 788 3088 erasa
822 3042 932 3088 est„
961 3039 1030 3087 20
1060 3039 1270 3103 qeniazis
1306 3040 1371 3088 Β*
1411 3046 1518 3105 post
1551 3056 1575 3088 ε
1608 3055 1741 3088 erm
1775 3042 1862 3089 est.

318 3152 472 3236 262,
500 3152 588 3218 20
637 3152 828 3218 uultu
869 3152 1110 3240 geniali
1155 3160 1219 3218 et
1263 3152 1554 3218 hercules
1599 3156 1948 3219 inhumano
1998 3177 2053 3220 e.
2080 3176 2139 3240 q.
2168 3177 2217 3220 s.

319 3278 596 3343 quocum
635 3261 691 3322 si
727 3259 1009 3324 conferas
1051 3258 1232 3339 (261,
1266 3258 1377 3330 13)
1416 3258 1667 3344 placido
1709 3280 1782 3325 ac
1820 3281 2077 3345 prorsus
2101 3261 2383 3327 humano
2405 3263 2613 3348 gradu

227 3362 333 3430 vel
379 3362 534 3442 252,
563 3362 600 3430 7
649 3385 874 3449 resque
923 3385 1181 3448 prorsus
1230 3365 1542 3430 humanas
1587 3367 1793 3450 ipsius
1838 3368 1976 3452 regi
2024 3366 2446 3452 providentia,
2488 3390 2613 3435 non

225 3472 462 3534 iniuria
523 3469 796 3534 affirmes
858 3473 995 3535 vim
1057 3469 1234 3535 illius
1281 3471 1548 3534 herculea
1593 3471 1859 3535 eandem
1909 3492 2044 3536 esse
2090 3493 2283 3556 quam
2330 3473 2616 3540 adverbii

214 3597 485 3658 pror-eus.
550 3574 946 3640 Documento
1011 3577 1141 3639 sint
1199 3578 1396 3640 etiam
1457 3574 1638 3654 (240,
1666 3575 1734 3655 5)
1782 3582 1999 3640 totum
2044 3598 2148 3641 me
2198 3577 2307 3642 sed
2356 3599 2613 3663 prorsus

221 3689 434 3747 totum
480 3702 584 3745 me
624 3683 865 3765 recepit
903 3687 967 3745 et
1006 3680 1186 3760 (261,
1218 3681 1285 3761 7)
1327 3681 1492 3745 mihi
1531 3702 1834 3747 coronam
1873 3688 1937 3746 et
1978 3680 2267 3747 hercules
2309 3704 2607 3750 coronam

222 3792 700 3871 consequenter.

289 3929 408 3989 262,
426 3929 489 3977 25
524 3907 614 3992 {fi}
650 3927 730 3991 (=
775 3927 1150 3992 misericordiae)
1185 3927 1238 3976 1²¹.
1293 3929 1356 3977 25
1393 3928 1538 3976 tande
1573 3927 1633 3976 ΙΝ
1679 3927 1856 3977 tande*
1896 3927 1986 3976 1³¹.
2036 3929 2100 3978 28
2135 3931 2313 3992 statute
2344 3929 2396 3979 F.

287 4011 449 4074 anast,
487 4011 684 4059 Lectore
720 4023 816 4057 nou
852 4009 1036 4059 monito
1070 4027 1114 4058 v.
1150 4010 1193 4058 d.
1235 4009 1364 4059 Vliet
1398 4009 1591 4074 scripsit
1622 4009 1951 4058 habitudinem
1986 4025 2074 4074 pro
2109 4009 2451 4061 beatitudinem
2486 4013 2614 4076 quod

219 4101 292 4147 eat
325 4098 376 4146 in
411 4095 514 4160 Ρφ.
569 4098 598 4144 8
633 4078 744 4164 9-ναῖ
777 4097 848 4161 φΤ
884 4090 992 4162 q-rat
1023 4101 1090 4159 φ’
1132 4097 1212 4160 (1³⁵¹
1255 4112 1442 4160 quoque
1473 4095 1721 4145 exhibebat
1750 4100 2042 4160 quaeratur).
2100 4098 2130 4145 6
2162 4087 2330 4148 lati-nes
2358 4105 2414 4161 φ.
2450 4099 2479 4147 6
2496 4101 2616 4164 ferg

217 4179 280 4228 Β·
311 4180 428 4243 ,ἶς’-ρ
461 4180 524 4228 F·
564 4183 640 4242 (ut
676 4182 804 4240 vida.
863 4182 924 4230 12
950 4186 1107 4244 popa*
1141 4179 1202 4228 F·
1240 4183 1392 4266 ρδραῖ
1427 4179 1494 4228 F·
1527 4179 1707 4242 polpal
1741 4185 1794 4240 φ.
1850 4179 1913 4226 16
1948 4179 2018 4228 eis
2047 4179 2087 4228 F
2122 4182 2202 4230 sed
2231 4181 2455 4246 posthoc
2483 4198 2615 4232 voea-

219 4271 389 4321 bulum
424 4271 606 4337 aliquid
640 4289 827 4325 erasum
861 4281 946 4324 eet.
997 4275 1060 4327 18
1094 4274 1198 4340 deq'
1232 4277 1296 4337 φ·
1340 4273 1448 4341 deq’
1484 4279 1570 4339 φ’.
1626 4278 1691 4327 20
1728 4277 1909 4340 ceperis
1942 4277 1997 4327 1³.
2050 4279 2114 4328 23
2148 4280 2357 4328 anelitus
2389 4287 2444 4342 φ.

284 4447 416 4506 1)οί
443 4448 588 4497 etiam
607 4447 731 4496 infra
747 4448 806 4496 ad
825 4446 890 4498 27
894 4449 940 4506 8,
957 4451 990 4498 4
1007 4448 1240 4498 contendo
1261 4487 1328 4499 ...
1347 4488 1357 4499 .
1377 4450 1427 4498 di
1454 4449 1532 4513 ige
1555 4486 1593 4499 ..
1610 4486 1623 4500 .
1640 4487 1652 4501 .
1679 4451 1881 4515 <cepi>
1909 4488 1921 4501 .
1942 4487 1955 4501 .
1972 4488 1983 4501 .
2000 4487 2013 4501 .
2031 4451 2283 4516 pei-uolani
2305 4491 2316 4502 .
2334 4490 2344 4502 .
2364 4488 2377 4502 .
2394 4488 2405 4501 .
2426 4455 2614 4504 accedo.
