3246 5085
621 303 708 371 90
1647 322 1975 371 nunnus.

692 487 807 545 232,
829 487 858 535 5
914 486 1087 535 tenitas
1130 484 1202 534 bis
1247 500 1338 536 scr.
1385 484 1436 535 in
1484 485 1523 534 F
1556 490 1607 534 nt
1640 500 1705 535 m.
1741 500 1782 535 r.
1818 485 2191 550 dittographim
2224 486 2425 537 induxit.
2493 490 2525 538 9
2558 487 2648 537 ille
2680 488 2739 537 ΙΝ
2784 490 2889 539 lue
2928 490 3033 539 1¹³².

616 571 679 623 17
717 567 1006 634 μαθων-ἕω
1037 569 1124 628 φ’,
1159 569 1211 615 at
1245 581 1309 618 m.
1348 582 1390 617 r.
1421 568 1612 631 scripsit
1645 568 1679 614 Ιι
1713 582 1855 632 supra
1888 583 1927 617 ο.
1979 567 2043 616 21
2077 568 2425 635 abliqoerq-ha’r
2455 569 2552 629 Βῆ
2586 585 2707 634 quae
2733 571 2884 621 fuerit
2920 572 3034 637 pri—

614 651 782 702 maria:
803 650 1040 714 scriptura
1075 648 1255 697 dinosci
1289 648 1469 712 nequit.
2088 678 2097 687 -

686 734 800 791 233,
824 734 849 780 1
906 730 974 779 ad
1017 730 1121 791 ΕΦ.
1195 731 1224 778 3
1280 729 1493 779 demtis
1538 733 1601 791 Φ*
1656 732 1771 794 post.
1807 730 1861 778 di
1906 730 2120 781 additum
2166 734 2238 781 est
2281 748 2427 798 supra
2460 748 2493 781 n
2523 734 2747 798 (fortusse
2780 750 2813 784 ι
2847 736 3031 800 prim

619 822 802 886 manu).
879 822 941 870 13
985 819 1362 883 &trimma-s
1405 825 1496 882 φ’,
1543 820 1753 869 correxit
1784 836 1847 870 m.
1883 836 1925 870 r.
1990 820 2053 870 81
2092 821 2221 885 qffi'oe'
2252 827 2305 883 φ.
2375 821 2440 871 22
2468 822 2619 887 ἰπὶ-ω
2650 824 2715 873 Β*
2754 830 2841 887 (ut
2864 825 3027 889 viam.

617 905 683 955 24
720 903 855 968 apic
887 909 940 967 φ.
995 904 1060 952 24
1093 900 1286 952 &aciae
1324 901 1362 951 F
1382 903 1565 967 findas
1597 907 1638 964 Φ
1673 903 1747 967 (et
1780 902 1833 951 in
1865 917 2014 966 marg.
2036 900 2263 970 findas).

719 1048 872 1126 234,
902 1048 943 1113 2
990 1047 1100 1113 sed
1136 1050 1260 1112 iste
1299 1050 1574 1131 corporis
1613 1047 1745 1111 mei
1782 1048 1955 1110 decor
1979 1048 2211 1129 pudori
2221 1048 2469 1132 peperit
2484 1048 2716 1129 ⁸qrande
2736 1051 3029 1114 dedecus.

622 1152 884 1219 insolita
945 1173 1220 1237 namque
1283 1154 1559 1239 tergoris
1617 1154 1922 1217 uastitate
1984 1155 2289 1217 commoti
2346 1152 2605 1219 faenum
2670 1154 3029 1238 <fram-ee>

624 1280 890 1346 prorsus
934 1261 1250 1324 intactum
1305 1257 1536 1323 cotidie
1579 1278 1837 1323 manere
1883 1263 2207 1323 cernentes
2252 1260 2387 1324 iam
2434 1264 2603 1324 totos
2644 1260 2725 1325 ad
2772 1280 2881 1325 me
2930 1260 3037 1323 di-

619 1368 846 1450 rigunt
893 1367 1157 1429 animos.

710 1470 1002 1535 Priorem
1066 1470 1459 1535 sententiam
1523 1470 1827 1553 exscripsi
1889 1472 1963 1531 ut
2004 1467 2227 1533 lectori
2272 1490 2629 1555 oxymoron
2674 1476 2740 1534 et
2783 1468 3036 1535 allitte-

618 1578 933 1641 rationem
983 1582 1131 1641 ante
1180 1573 1400 1640 oculos
1447 1594 1769 1658 ponerem.

710 1679 784 1744 In
847 1679 1048 1745 altera
1114 1681 1441 1744 sententia
1503 1678 1740 1742 Rhodii
1787 1677 2306 1763 supplementum
2355 1679 2471 1742 mei
2512 1681 2827 1745 insertum
2876 1686 3033 1765 post

622 1786 885 1849 commoti
957 1806 1087 1849 non
1165 1785 1431 1861 admisi,
1501 1804 1653 1848 nam
1713 1782 2132 1848 verisimilius
2196 1783 2358 1849 duco
2418 1788 2585 1849 inter
2630 1787 2894 1869 sae-num
2958 1792 3035 1850 et

606 1912 864 1973 prorsus
905 1893 1241 1971 (=4prsus
1265 1888 1372 1954 vel
1399 1888 1578 1969 prl')
1616 1888 1923 1954 excidisse
1948 1893 2097 1973 j’r'f
2120 1894 2224 1967 (=
2248 1889 2523 1969 fratres),
2561 1910 2757 1975 quam
2791 1910 3025 1955 vocem

621 1998 688 2060 in
737 1992 953 2060 fabula
995 1996 1100 2059 hic
1151 1999 1406 2059 narrata
1449 1996 1581 2058 iam
1631 1999 1729 2058 ter
1774 1997 2141 2059 invenimus
2188 1993 2368 2075 (232,
2398 1995 2435 2058 5
2484 2002 2550 2059 et
2587 1994 2696 2073 22,
2738 1993 2895 2072 233,
2924 1995 3023 2075 5).

714 2098 808 2165 Eo
857 2102 1071 2164 minus
1118 2099 1232 2162 mei
1279 2104 1386 2180 (=
1411 2098 1684 2179 domini)
1733 2100 1858 2163 huc
1907 2099 2216 2184 quadrare
2261 2099 2520 2164 videtur
2565 2099 2735 2184 quod
2783 2100 3023 2165 fratres

625 2204 726 2270 illi
771 2226 920 2270 mox
970 2204 1376 2289 appellantur
1423 2206 1592 2269 servi
1638 2204 1743 2284 (cf.
1794 2226 1891 2269 vs.
1946 2204 2024 2268 11
2077 2207 2402 2270 conseruis
2449 2203 2887 2270 demonstrant
2924 2208 3024 2269 in-

623 2309 878 2375 fandam
923 2312 1201 2375 iumenti
1246 2307 1474 2395 gulam
1521 2316 1585 2375 et
1633 2308 1787 2386 235,
1818 2309 1902 2374 15
1952 2310 2250 2376 dominus
2297 2312 2541 2375 uocatis
2588 2309 2791 2375 seruis
2837 2314 3011 2388 suis,

626 2416 1022 2499 emptoribus
1070 2416 1231 2479 meis
1277 2435 1331 2479 e.
1359 2436 1419 2500 q.
1445 2420 1545 2496 s.).

695 2565 860 2625 284‚6
911 2565 1059 2614 uelud
1100 2565 1139 2614 13·
1181 2565 1314 2614 uelut
1355 2570 1411 2626 φ.
1476 2567 1507 2614 8
1551 2565 1811 2616 inermem
1844 2569 1932 2629 φ’,
1976 2569 2027 2616 at
2070 2581 2136 2617 m.
2172 2583 2213 2616 r.
2248 2567 2443 2633 scripsit
2476 2568 2510 2616 b
2536 2582 2681 2632 supra
2718 2567 2935 2632 priorem
2976 2583 3021 2616 e.

631 2663 693 2712 10
728 2662 1063 2725 dirumpuntur
1095 2663 1202 2712 Po.
1255 2662 1319 2711 14
1349 2665 1581 2727 procantis
1612 2667 1701 2726 φ’,
1733 2668 1789 2714 st
1822 2680 1887 2714 m.
1924 2680 1965 2715 r.
2000 2665 2209 2715 correxit
2241 2681 2268 2714 ο
2298 2665 2351 2714 in
2382 2681 2422 2714 e.

723 2807 877 2886 234,
906 2805 989 2872 19
1036 2809 1326 2893 proxime
1372 2809 1719 2873 consistens
1768 2829 1979 2873 coram
2026 2808 2472 2874 arbitrabatur.

719 2914 846 2979 Hic
907 2915 1201 2978 arbitrari
1231 2912 1277 2993 ¹)
1336 2913 1510 2979 valet
1569 2914 1742 2978 idem
1808 2913 1976 2999 quod
2025 2914 2385 2980 auscultare
2431 2915 2806 2992 observare,
2855 2917 3027 2979 sieut

635 3019 740 3098 14,
773 3019 891 3098 163
943 3019 1155 3098 44,5;
1207 3019 1416 3098 62,2;
1468 3017 1573 3099 68,
1601 3019 1727 3097 283
1774 3016 1878 3096 77,
1933 3019 2051 3099 11;
2107 3020 2258 3099 142,
2286 3019 2413 3097 25;
2470 3018 2755 3098 197,15.
2812 3019 3023 3086 Solito

629 3131 846 3190 autem
894 3145 1081 3189 sensu
1128 3118 1480 3209 usurpetur
1529 3123 1633 3203 73,
1662 3124 1785 3232 2ος
1839 3123 1992 3204 148,
2020 3124 2139 3204 26;
2196 3125 2346 3203 149,
2375 3124 2414 3190 6
2462 3132 2582 3190 cet.

721 3275 877 3355 234,
903 3276 991 3342 26
1057 3297 1245 3341 omne
1299 3296 1507 3361 genus
1573 3275 1863 3340 edulium
1927 3274 2279 3342 solidorum
2341 3281 2406 3341 et
2464 3275 2735 3340 inlibata
2779 3275 3027 3341 fercula

629 3383 824 3446 iussit
889 3381 1142 3466 adponi.
1205 3379 1629 3466 Comparetur
1682 3379 1899 3446 Sidon.
1947 3381 2067 3466 Ep.
2115 3380 2233 3446 VH
2281 3381 2343 3458 5,
2371 3381 2412 3444 4
2458 3383 2676 3446 omnia
2721 3401 3025 3446 censurae

629 3492 784 3551 tuae
830 3486 1006 3551 salva
1048 3486 1319 3552 inlibata
1365 3486 1571 3552 solida
1617 3495 1972 3552 servantur.

701 3635 816 3692 234,
833 3635 897 3686 27
931 3634 1124 3684 illibata
1150 3640 1205 3697 φ.
1256 3637 1320 3686 28
1353 3636 1537 3685 κσῖῑαῖε
1568 3636 1673 3698 Ἐφ’
1714 3636 1885 3685 bellule
1919 3639 1984 3697 φ*
2026 3636 2192 3698 (etiam
2227 3635 2277 3685 in
2312 3636 2506 3699 marg).
2557 3634 2622 3683 20
2655 3634 2857 3684 exibitus
2890 3637 2981 3701 φ’..

703 3716 866 3775 235,1
920 3715 1081 3765 σὸκίυἾ
1125 3719 1214 3778 φ’,
1256 3720 1307 3766 at
1351 3733 1418 3767 m.
1479 3733 1517 3767 r.
1562 3719 1750 3768 eddidit
1794 3718 1849 3766 ui
1893 3733 2038 3782 supra
2082 3718 2117 3767 i.
2188 3717 2468 3782 Gpooulnm
2506 3716 2640 3767 nobis
2673 3719 2762 3778 φ’,
2796 3719 2846 3765 tt
2878 3731 2943 3764 m.
2984 3730 3028 3765 r.

632 3798 821 3864 scripsit
855 3786 909 3865 ἃς
950 3798 1031 3862 (=
1073 3801 1284 3864 quoque)
1318 3815 1461 3865 supra
1493 3817 1552 3850 m.

726 3924 879 4003 235,
911 3924 948 3991 7
997 3946 1175 4011 puer,
1223 3926 1478 3992 lautum
1528 3926 1873 4013 diligenter
1919 3947 2059 3992 ecce
2105 3923 2296 3991 illum
2335 3946 2601 3991 aureum
2644 3925 3027 3990 cantharum

635 4031 849 4096 mulso
896 4038 1302 4117 contempera
1348 4037 1413 4098 et
1457 4033 1636 4117 offers
1681 4035 1958 4117 parasito
2004 4052 2148 4096 meo
2195 4053 2249 4096 e.
2276 4053 2336 4116 q.
2368 4053 2417 4095 s.

723 4137 1029 4202 Vetustae
1075 4137 1227 4203 illae
1273 4140 1643 4224 imperativi
1688 4139 1927 4203 formae
1974 4137 2213 4218 (aufers
2260 4136 2467 4201 defers
2514 4134 2693 4201 offers
2737 4134 3027 4220 profers),

700 4425 757 4491 1)
793 4426 867 4476 Of.
907 4425 1120 4476 Roensch
1158 4425 1283 4475 Itale
1318 4425 1415 4474 und
1451 4423 1676 4487 Vulgata,
1713 4438 1790 4487 pg.
1827 4421 1941 4472 884.
