3246 5085
633 281 763 349 390
1489 304 1772 353 osssnva
1781 304 2142 353 'rmuounan

633 489 816 545 eum,
866 470 978 553 qui
1026 468 1358 534 dominum
1407 491 1474 535 se
1521 469 1725 549 dicat,
1778 492 1901 537 non
1949 470 2287 549 heredem,
2338 471 2772 558 denegandam
2824 470 3068 534 fuisse

627 577 693 639 in
744 574 1164 640 hereditatem
1209 575 1377 663 legis
1425 578 1741 643 actionem
1772 575 1841 659 ¹),
1905 585 2246 663 postquam
2310 581 2509 643 etiam
2572 580 2785 643 minus
2860 584 3065 641 recte

629 681 928 746 docuerat
975 681 1152 747 Leist
1176 682 1249 762 2),
1300 683 1604 749 adversus
1654 704 1839 763 eum,
1902 687 2014 770 qui
2075 684 2375 751 heredem
2440 706 2505 749 se
2568 689 2793 771 neget,
2860 682 3065 768 legis

628 791 944 854 actionem
993 788 1069 853 de
1117 788 1468 854 hereditate
1514 789 1799 856 deficere.
1872 790 2051 871 Quod
2098 791 2240 857 ideo
2286 791 2637 857 absurdum
2685 796 2813 868 est,
2876 790 3065 873 quia

627 894 806 960 nulla
845 896 1070 960 fuisset
1106 916 1330 973 causa,
1368 895 1592 980 quidni
1631 896 1932 962 similiter
1970 896 2275 963 adversus
2314 918 2498 975 eum,
2541 899 2652 983 qui
2677 897 3058 962 dominum

626 1022 694 1066 se
753 1006 1052 1087 negaret,
1114 1000 1282 1087 legis
1343 1004 1509 1067 aetio
1573 1001 1651 1066 de
1718 1005 2103 1088 proprietate
2149 1002 2443 1069 deficeret
2479 1002 2549 1084 ³),
2598 1001 2871 1089 proinde
2930 1002 3059 1065 ad-

625 1129 850 1173 versus
895 1127 1078 1185 eum,
1127 1109 1350 1193 quiet
1397 1107 1697 1174 heredem
1762 1130 1830 1175 se
1889 1115 2154 1196 negaret
2216 1112 2280 1175 et
2342 1110 2715 1186 dominum,
2778 1112 3051 1175 omnis·
3158 1189 3165 1195 q

625 1214 832 1279 Debet
892 1222 1109 1280 autem
1171 1215 1570 1280 adversarius
1623 1218 1821 1280 eadem
1869 1216 2109 1295 dicere,
2158 1238 2362 1302 quum
2410 1220 2763 1302 proprietas
2811 1217 2903 1281 ab
2964 1237 3051 1280 eo

625 1321 1024 1387 hereditasve
1073 1320 1457 1400 vindicetur,
1505 1344 1666 1400 non,
1719 1344 1919 1408 quum
1969 1324 2047 1388 ab
2088 1344 2162 1388 eo
2204 1322 2569 1388 vindicetur
2608 1322 3051 1387 ususfructus

631 1427 730 1494 vel
792 1431 1088 1493 servitus.
1152 1428 1320 1493 Nam
1381 1428 1733 1494 vindicanti
1780 1429 2264 1495 usumfructum
2312 1428 2415 1496 vel
2459 1432 2842 1525 servitutem
2896 1450 3051 1493 non

625 1540 835 1621 potest
880 1556 1194 1621 opponere
1233 1538 1358 1600 nisi
1397 1539 1807 1622 negationem
1834 1544 1909 1616 ⁴),
1952 1539 2101 1621 quia
2140 1537 2245 1602 hic
2284 1558 2405 1601 non
2446 1538 2776 1621 quaeritur
2800 1538 3045 1601 utrius

623 1644 710 1707 sit
770 1642 1175 1706 ususfructus
1238 1641 1343 1707 vel
1406 1644 1719 1720 servitus,
1783 1642 1929 1720 sed,
1994 1646 2080 1708 sit
2128 1663 2323 1709 necne
2371 1645 2475 1709 sit.
2528 1642 2735 1729 Ergo,
2786 1644 2841 1706 si
2890 1642 3047 1706 fuit

623 1747 759 1813 illis
826 1749 1227 1833 temporibus
1295 1751 1460 1813 actio
1523 1749 1936 1828 confessoris,
2000 1770 2124 1815 non
2187 1749 2379 1815 modo
2440 1749 2701 1835 paribus
2761 1748 3037 1827 verbis,

624 1854 733 1919 sed
780 1876 856 1918 ne
905 1857 1118 1939 potuit
1163 1854 1423 1939 quidem
1474 1857 1735 1920 omnino
1782 1855 2073 1921 ordinata
2118 1878 2255 1921 esse
2301 1877 2414 1941 per
2448 1856 2832 1921 contrariam
2874 1856 3037 1920 vin-

625 1961 1041 2037 dicationem,
1105 1962 1486 2026 contrariam
1548 1959 2051 2026 vindicationem
2107 1964 2163 2026 si
2224 1960 2653 2047 intelligimus
2718 1960 3033 2026 adfirma-

624 2070 817 2133 tionis
855 2066 1298 2153 depulsionem
1338 2088 1450 2153 per
1489 2067 2019 2133 adfirmationem.
2066 2069 2162 2133 Ne
2201 2068 2486 2134 adsertor
2521 2067 2780 2153 quidem
2806 2069 3029 2132 eadem

623 2174 829 2239 dicere
871 2181 1115 2259 potest,
1157 2179 1375 2239 contra
1415 2180 1632 2240 tamen
1671 2174 1954 2239 vindicat
1996 2174 2299 2252 adsertor,
2326 2177 2475 2259 quia
2498 2173 3027 2239 adfirmationem

622 2301 734 2365 per
779 2279 1286 2345 adfirmationem
1326 2280 1599 2365 repellit.
1654 2279 1923 2345 Videtur
1960 2283 2135 2346 enim
2160 2281 2213 2362 ³)
2252 2284 2343 2347 sic
2380 2281 2737 2347 intendere:
2782 2282 3026 2362 (huno

623 2409 752 2467 eqo
813 2386 1188 2449 hominem
1249 2386 1586 2450 liberum
1650 2408 1816 2451 esec
1883 2387 2060 2467 aio).
2125 2386 2319 2452 Haud
2366 2389 2576 2473 magis
2622 2406 2818 2473 quam
2864 2409 3020 2453 con-

620 2494 912 2573 fessoria‚
976 2495 1313 2580 negativa,
1379 2498 1521 2559 tum
1566 2496 1621 2559 si
1669 2514 1794 2580 qua
1836 2492 1998 2573 fuit,
2048 2513 2161 2580 per
2205 2496 2590 2561 contrariam
2637 2493 3023 2561 vindicatio-

620 2623 769 2667 nem
818 2600 1108 2666 ordinata
1152 2621 1288 2666 esse
1324 2603 1568 2685 potuit,
1612 2604 1765 2685 quia
1800 2603 1905 2666 ius
1946 2623 2168 2666 meum
2206 2605 2473 2688 neganti
2512 2601 2708 2667 debeo
2746 2601 3018 2686 quidem

619 2729 930 2795 opponere
975 2706 1517 2786 affirmationem,
1567 2708 1676 2772 sed
1722 2710 1844 2773 erit
1889 2729 1961 2774 ea
2007 2711 2399 2795 negationis,
2448 2729 2575 2774 non
2621 2707 3019 2774 adfirmatio-

618 2817 752 2891 nis,
791 2835 906 2900 per
941 2813 1448 2879 adfirmationem
1482 2812 1791 2900 depulsio.
1842 2813 1957 2878 Est
1981 2817 2187 2901 igitur
2212 2818 2560 2880 contrariae
2584 2814 3015 2880 vindicationi

617 2920 830 2998 locus,
881 2941 1083 3005 quum
1132 2926 1309 2985 actor
1352 2920 1420 2984 id
1469 2920 1784 2997 vindicet,
1836 2921 2004 3005 quod
2052 2929 2341 3000 maneat,
2390 2922 2513 2986 etsi
2552 2923 2689 2986 eius
2728 2941 2853 2986 non
2894 2923 3007 3000 sit,

614 3027 682 3092 id
744 3033 842 3092 est
887 3029 1347 3112 proprietatem
1395 3026 1500 3093 vel
1545 3026 2001 3104 hereditatem,
2048 3025 2243 3112 fitque
2291 3029 2608 3092 contraria
2655 3026 3007 3093 vindicatio

613 3132 841 3198 iisdem
899 3133 1145 3211 verbis,
1210 3135 1334 3197 nisi
1378 3140 1596 3198 contra
1642 3132 1925 3198 vindicet
1969 3133 2273 3199 adsertor.
2323 3133 2460 3213 Quo
2504 3138 2689 3218 putat
2734 3132 3007 3199 Lotmar

613 3241 928 3304 rationem
975 3239 1219 3303 turbari
1244 3239 1331 3318 ⁰);
1386 3260 1500 3305 cur
1545 3241 1720 3304 enim
1766 3241 1993 3304 ceteris
2035 3241 2286 3324 imponi
2327 3240 2687 3304 iterationis
2737 3242 3007 3306 necessi-

617 3350 814 3410 tatem
838 3391 854 3421 ,
933 3347 988 3409 si
1058 3344 1364 3410 adsertori
1431 3343 1845 3411 remittatur?
1918 3345 1982 3411 N
1984 3367 2065 3410 on
2136 3346 2620 3423 animadvertit,
2692 3345 3003 3412 adsertor-i

613 3451 779 3518 nihil
823 3471 954 3516 esse
1001 3453 1365 3531 remissum,
1413 3452 1524 3518 sed
1569 3473 1929 3519 sermonem
1976 3455 2113 3518 eius
2160 3452 2240 3518 ad
2284 3453 2751 3518 controversiae
2789 3473 2999 3538 genus

682 3695 737 3756 1)
777 3711 856 3744 ,σο
888 3694 1182 3758 oemiqerte
1209 3695 1294 3743 der
1320 3693 1588 3756 Παφίαν-αι
1613 3695 1741 3744 aeine
1768 3693 2080 3760 Mitwirkuuq
2108 3711 2195 3744 nur
2224 3695 2343 3760 legis
2380 3697 2507 3747 actio
2539 3697 2590 3746 in
2626 3697 2997 3749 hereditatem”.

682 3779 736 3843 2)
771 3779 902 3827 Ser-ie
936 3779 1021 3827 der
1057 3777 1249 3826 Bic'ckcr
1281 3776 1345 3829 87
1382 3779 1480 3825 :md
1513 3779 1594 3837 88,
1630 3777 1653 3825 I
1690 3793 1737 3842 1).
1778 3777 1876 3826 240
1910 3781 1951 3839 (ς
1973 3779 2053 3838 58)
2089 3777 2148 3826 iu.
2181 3795 2226 3843 p.
2258 3778 2415 3840 238s9
2444 3783 2485 3842 (ς
2508 3781 2604 3842 ὔ2).
2634 3781 2707 3832 cf.
2738 3781 2998 3846 Stintzing,

614 3861 843 3921 Beitrck‘qe
875 3861 1046 3922 (1901)
1077 3875 1122 3925 p.
1162 3859 1296 3925 7011.

677 3946 732 4008 3)
771 3944 877 3992 Hoc
907 3959 1052 4007 quam
1087 3958 1173 4006 per
1205 3957 1254 3990 se
1288 3941 1352 3990 ait
1387 3939 1661 4001 absurdum,
1696 3943 1831 3990 docet
1865 3941 2088 3993 advertus
2119 3942 2417 3993 Fridolinum
2450 3944 2602 3992 Eizele
2633 3944 2845 4004 Lotmar,
2874 3946 2996 3997 kris.

747 4025 754 4032 ’
783 4043 812 4072 ιι
881 4061 892 4074 .
962 4026 1064 4072 658
1133 4063 1143 4073 .

607 4027 1129 4172 δέῖῖιθορῖοιῖοηόιῗξ
1169 4107 1311 4156 fuisse
1344 4111 1536 4156 censent
1571 4106 1735 4156 Keller
1772 4107 2100 4171 (Civilproms
2132 4109 2303 4172 (1888)
2338 4124 2386 4174 p.
2421 4108 2511 4172 74)
2546 4111 2595 4158 et
2630 4108 2854 4158 Kar-low·
2888 4111 2999 4175 (oi-

607 4188 852 4252 m‘lproaeeu
884 4188 1056 4251 (1872)
1092 4205 1138 4253 p.
1175 4189 1262 4253 91)
1297 4189 1447 4253 ipsam
1486 4189 1753 4254 negativam
1790 4189 2041 4240 actionem.

678 4271 732 4335 5)
769 4270 940 4319 Ottoni
979 4269 1219 4329 Karlowa,
1264 4271 1572 4335 Civilprouu
1606 4271 1777 4333 (1872)
1814 4288 1860 4337 p.
1896 4273 1977 4322 90.

676 4353 730 4417 6)
774 4354 872 4401 Zur
915 4351 1034 4416 legis
1081 4352 1205 4401 actio
1251 4368 1298 4418 p.
1346 4353 1427 4407 70.
1473 4353 1803 4405 confessorias
1848 4358 1896 4404 et
1937 4355 2184 4422 negativae
2230 4355 2431 4408 actionis
2465 4356 2697 4410 rationem
2723 4355 2991 4411 habendam

605 4451 700 4485 non
733 4434 923 4500 putavit
955 4434 1030 4500 (p.
1065 4435 1188 4495 8s4).
