3246 5085
1263 363 1574 413 nonnus.
2580 345 2665 411 43

395 531 554 599 Ibid.
621 530 660 595 5
732 530 928 597 Video
997 535 1252 597 sentum
1322 530 1690 616 squalidum
1750 551 2019 618 aegrum
2082 533 2308 616 pannis
2366 533 2673 616 annisque

288 639 570 703 obsitum

329 741 473 829 ,(2)
537 741 896 819 „flentum”
966 741 1322 807 horridum.
1477 741 1572 823 (3)
1638 741 1777 820 „s.”
1842 742 1921 807 ad
1985 743 2313 807 horrorem
2374 742 2666 821 rettulit,

290 845 738 931 „squalidum”
801 847 881 912 ad
942 847 1190 925 sordes,
1255 848 1607 934 „aegrum”
1672 848 1750 912 ad
1810 849 2118 925 maciem,
2186 868 2291 932 „p.
2334 868 2390 913 a.
2433 847 2535 913 0.''
2586 847 2669 912 ad

285 955 596 1018 vestitum
660 958 726 1017 et
787 955 1140 1018 tristitiam.
1281 952 1374 1036 (4)
1436 953 1560 1019 Sed
1609 955 1877 1037 „pannis
1924 962 1989 1017 et
2034 953 2258 1017 annis”
2308 951 2669 1038 morologia

281 1061 713 1144 parasitorum
773 1065 944 1124 sunt.
980 1078 984 1081 ·
1100 1058 1198 1141 (5)
1263 1081 1369 1144 „p.
1397 1058 1498 1124 a.'’
1550 1057 1658 1124 vel
1704 1061 2041 1144 parasitica
2087 1057 2453 1124 vernilitate
2502 1055 2672 1122 κὰτ-ὰ

193 1221 208 1230 .
280 1165 350 1227 τὸ
415 1163 870 1240 ductor-§muron
933 1165 1178 1229 dictum
1241 1164 1348 1230 vel
1409 1167 1560 1250 quia
1622 1165 1949 1229 Homerus
2009 1163 2173 1228 dixit
2218 1159 2386 1240 αἶψα
2435 1163 2563 1242 γὰρ
2612 1165 2672 1227 ἐν

283 1269 578 1344 κακότητι
649 1267 854 1346 βροτοὶ
927 1269 1472 1346 καταγηράσκουσι
1545 1268 1689 1348 (Od.
1761 1267 1865 1333 19.
1895 1267 2075 1349 360).
2257 1267 2355 1349 (6)
2416 1268 2508 1356 Ἐἰς
2573 1275 2673 1333 est

181 1455 188 1462 .
283 1378 580 1441 miseriae
626 1379 878 1441 senium
927 1374 1219 1440 debitum
1237 1424 1254 1454 ,
1305 1375 1473 1440 unde
1512 1375 1665 1440 huic
1705 1377 1915 1460 magis
1952 1376 2221 1439 tristitia
2258 1375 2670 1459 gravitasque

284 1471 646 1566 displicuit,
695 1480 901 1547 aliena
946 1501 1194 1566 semper
1242 1481 1320 1546 ab
1366 1481 1737 1547 hominibus
1772 1483 2087 1566 parasitis.
2226 1476 2323 1560 (7)
2363 1478 2531 1544 Bene
2570 1478 2675 1545 ad-

282 1587 482 1664 didit,
530 1586 778 1663 annis'',
827 1589 979 1671 quia
1027 1592 1100 1650 ut
1147 1589 1414 1671 quisque
1461 1589 1658 1651 miser
1704 1592 1800 1650 est
1845 1589 1940 1650 ita
1985 1587 2195 1650 senior
2243 1584 2516 1649 videtur.

283 1691 381 1772 (8)
428 1690 520 1755 Ut
565 1691 908 1768 „sentum”
963 1691 1328 1769 „obsitum”
1379 1691 1578 1755 dixit:
1628 1690 1961 1770 μεταφορὲ
2012 1690 2088 1754 ab
2136 1709 2311 1774 agrO.

375 1795 543 1864 Cum
589 1796 824 1862 Sabb.
873 1799 941 1861 in
983 1796 1079 1876 (3)
1116 1796 1645 1882 Interpolatorem
1669 1816 1941 1883 agnosco
1973 1794 2236 1873 (rettulit
2272 1795 2357 1858 ad
2391 1799 2665 1878 quater),

281 1905 388 1967 cui
455 1902 622 1968 alius
683 1905 990 1989 mag-ister
1051 1905 1353 1988 opposuit
1415 1904 1512 1982 (4)
1573 1923 1687 1988 per
1741 1903 1865 1979 sed,
1929 1901 2236 1965 haustum
2294 1919 2328 1963 e
2374 1901 2665 1982 sequenti

283 2005 525 2073 scholio
565 2006 802 2072 Donati
843 2006 958 2087 (5).
1006 2005 1198 2072 Errat
1236 2013 1457 2072 autem
1495 2006 1731 2072 Sabb.
1780 2025 1928 2070 cum
1968 2004 2065 2084 (6)
2106 2006 2302 2069 etiam
2342 2025 2378 2068 a
2418 2003 2665 2068 Donato

281 2112 636 2189 abiudicat,
676 2115 785 2197 qui
825 2112 1102 2197 explicat
1141 2112 1512 2196 exemplum
1553 2112 1870 2197 Odysseae
1908 2117 2013 2191 (ex
2053 2111 2256 2193 Aspro
2297 2107 2576 2173 relatum
2593 2105 2667 2188 2).

284 2217 519 2285 Contra
579 2220 810 2284 merito
870 2220 1244 2304 proscripsit
1287 2216 1403 2298 (7),
1466 2217 1582 2281 ubi
1644 2216 1744 2280 IP
1808 2214 1932 2280 alia
1991 2218 2237 2279 ratione
2299 2219 2547 2298 praeter
2597 2215 2666 2278 τὸ

287 2324 738 2400 &caterbam-rou
785 2322 1099 2407 explicare
1145 2329 1412 2388 conatur
1457 2344 1571 2387 cur
1623 2319 1887 2400 „annis”
1936 2323 2022 2384 sit
2068 2318 2378 2384 additum.
2566 2310 2572 2315 ’

376 2429 662 2494 Donatea
707 2431 914 2514 igitur
959 2435 1110 2494 suut
1156 2428 1254 2508 (1)
1279 2428 1376 2506 (2)
1403 2425 1498 2507 (5)
1521 2427 1618 2508 (6)
1646 2427 1761 2508 (8).
1812 2425 1935 2490 His
1980 2423 2205 2490 Editor
2250 2425 2523 2488 inseruit
2570 2422 2667 2504 (3)

284 2537 471 2601 iuxta
517 2535 635 2616 (2)·
660 2540 725 2599 et
767 2531 862 2613 (7)
909 2539 1054 2619 post
1098 2532 1216 2615 (6),
1259 2533 1378 2599 hoc
1417 2537 1516 2599 est
1551 2535 1687 2598 suis
1725 2531 1881 2597 locis
1919 2533 1985 2595 in
2028 2528 2423 2595 scholiorum
2449 2529 2668 2595 ordine

285 2640 591 2707 DonateO.
639 2638 1040 2724 Compilator
1085 2638 1342 2705 aliunde
1387 2640 1642 2703 infersit
1687 2637 1784 2718 (4)
1830 2640 2005 2701 iusto
2050 2635 2211 2701 1000.

376 2744 538 2811 Ibid.
588 2744 628 2809 6
693 2744 860 2825 Quid
904 2748 1073 2810 istuc
1119 2747 1383 2830 inquam
1432 2746 1640 2810 ornati
1684 2740 1823 2809 est?

378 2850 554 2917 Don..
585 2850 680 2932 (2)
728 2851 1006 2916 Ornatus
1046 2856 1162 2914 τῶν
1202 2849 1404 2924 μέσων
1442 2854 1573 2914 est:
1615 2847 1697 2914 ad
1735 2847 1925 2913 decus
1961 2851 2026 2911 et
2063 2846 2142 2910 ad
2173 2844 2662 2929 turpitudinem.

287 2956 388 3021 IP
435 2955 678 3021 addidit
724 2954 823 3034 (3)
870 2954 988 3020 Vel
1033 2954 1414 3039 simpliciter
1457 2954 1577 3019 hoc
1617 2956 1829 3037 accipe
1871 2950 1973 3017 vel
2014 2952 2338 3028 εἰρωνικῶς.
2474 2949 2539 3015 S.
2566 2972 2619 3015 c.

376 3060 536 3126 Ibid.
588 3060 628 3125 9
695 3060 838 3125 Itan
885 3062 1124 3144 parasti
1168 3066 1265 3136 te,
1317 3064 1392 3124 ut
1437 3079 1580 3143 spes
1627 3056 1807 3123 nulla
1853 3056 2100 3141 reliqua
2147 3060 2214 3120 in
2264 3061 2328 3121 te
2373 3058 2461 3121 sit
2506 3053 2669 3120 tibi?

376 3166 538 3231 Don.
588 3165 686 3250 (1)
735 3166 939 3245 Quam
988 3161 1433 3251 obiurganterl
1485 3174 1817 3248 tamquam
1866 3165 1933 3226 in
1980 3161 2094 3227 illo
2138 3165 2224 3226 sit
2269 3160 2437 3247 quod
2477 3164 2672 3226 miser

289 3278 387 3337 est
445 3278 508 3337 et
570 3270 725 3337 alibi
778 3278 901 3350 (ex.
951 3270 1159 3351 Hec.).
1309 3269 1408 3333 IP
1459 3270 1535 3334 de
1580 3290 1689 3334 vv.
1744 3270 2025 3354 „parasti
2069 3266 2177 3332 te''
2226 3268 2387 3332 hanc
2431 3269 2666 3331 miram

288 3378 641 3442 doctrinam
702 3376 1070 3461 profitetur:
1134 3374 1231 3454 (2)
1282 3372 1367 3439 Et
1411 3375 1529 3439 hoc
1575 3375 1829 3458 proprie
1876 3372 2145 3437 verbum
2194 3372 2274 3435 ad
2320 3374 2671 3457 exprimen-

288 3482 433 3549 dam
481 3484 967 3546 immunitatem
1015 3487 1078 3545 et
1124 3482 1454 3566 ignaviam
1501 3480 1746 3543 factum
1792 3484 1910 3542 est.
2410 3476 2476 3541 S.
2524 3497 2576 3540 c.

374 3587 537 3651 Ibid.
590 3586 671 3650 11
747 3584 871 3665 Qui
919 3584 1088 3650 color
1131 3588 1304 3649 nitor
1351 3586 1657 3660 vestitus,
1706 3603 1867 3667 quae
1912 3582 2283 3647 habitudost
2328 3584 2605 3665 corporis

375 3692 537 3757 Don.
585 3691 682 3771 (1)
743 3689 883 3755 Hoc
945 3694 1163 3754 contra
1205 3687 1373 3753 illud
1421 3688 1588 3774 quod
1635 3690 1727 3753 ait
1772 3691 1893 3769 (vs.
1945 3686 2013 3767 5)
2064 3686 2293 3765 „video
2340 3685 2663 3764 sentum''‚

283 3802 432 3863 cett.
567 3794 669 3861 IP
729 3794 827 3877 (2)
891 3794 1147 3872 „color”
1211 3794 1290 3859 ad
1338 3793 1703 3871 „sentum'',
1755 3791 2011 3871 „nitor”
2055 3792 2136 3857 ad
2186 3790 2662 3878 „squalidum'',

287 3902 646 3980 „vestitus”
694 3901 772 3967 ad
821 3922 926 3985 „p.
955 3922 1011 3965 a.
1037 3900 1160 3977 0.'',
1214 3899 1398 3975 „hab.
1447 3898 1663 3984 corp.”
1705 3898 1783 3963 ad
1833 3898 2209 3984 ,‚aegrum’'.
2406 3896 2468 3962 S.
2518 3917 2570 3962 c.

374 4007 532 4072 Ibid.
585 4007 670 4072 12
741 4005 973 4071 Omnia
1020 4006 1241 4082 habe0,
1292 4025 1496 4089 neque
1544 4006 1887 4088 quicquam
1935 4005 2137 4069 habeo

370 4113 471 4178 IP
518 4113 614 4192 (·1)
666 4133 764 4190 ,,ο.
811 4112 920 4176 h.''
971 4110 1049 4176 ad
1099 4111 1309 4196 „quod
1347 4110 1544 4175 habui
1583 4110 1874 4195 perdidi'’
1916 4116 2036 4189 (vs.
2065 4109 2153 4190 6),
2198 4130 2443 4194 „neque
2469 4130 2528 4193 q.
2556 4108 2667 4173 h.''

281 4218 360 4284 ad
408 4220 583 4295 „mei
627 4216 750 4283 loci
795 4222 985 4302 atque
1031 4216 1270 4281 ordinis
1315 4216 1689 4280 hominem’'
1740 4225 1861 4295 (vs,
1906 4214 1995 4293 3).
2131 4214 2206 4279 In
2253 4216 2371 4279 hac
2417 4235 2667 4300 quoque

282 4322 563 4390 formula
633 4329 890 4387 secutus
958 4329 1055 4387 est
1111 4322 1471 4398 Donatum,
1545 4322 1659 4406 qui
1718 4322 1955 4384 iustius
2017 4325 2083 4385 et
2145 4319 2537 4385 moderatius
2598 4342 2671 4386 ea

284 4432 494 4493 utitur
537 4426 722 4493 velut
768 4427 832 4492 h.
872 4426 918 4490 1.
970 4426 1068 4506 (2)
1118 4447 1214 4504 „0.
1265 4426 1375 4490 h.''
1425 4424 1504 4491 ad
1549 4426 1935 4491 industriam
1987 4425 2279 4502 rettulit,
2331 4448 2391 4490 n.
2443 4448 2501 4511 q.
2550 4425 2662 4489 h.’'
