3246 5085
1331 339 1637 390 Domeros.
2546 317 2679 384 219

383 505 467 573 IV
524 507 582 572 1.
611 511 651 574 8
726 505 970 572 Invitat
1032 507 1236 572 tristis
1251 525 1268 584 ;
1334 508 1574 572 mansit
1621 503 1995 588 (Chremes).
2060 503 2159 568 Ibi
2204 501 2321 568 illa
2365 522 2514 568 cum
2561 500 2675 567 illo

287 635 646 680 sermonem
690 613 838 678 ilico

382 721 479 802 (l)
540 719 930 786 Adulescens
984 718 1262 796 scilicet;
1336 719 1433 801 (2)
1485 719 1809 797 „mansit”
1861 739 1975 803 pro
2022 721 2382 782 remoratus
2427 720 2558 793 est,
2606 713 2675 779 id

287 833 384 893 est
446 829 745 894 accubuit
801 847 914 892 nec
960 829 1236 893 recessit.
1400 825 1532 891 IP:
1577 825 1674 907 (3)
1722 825 1795 891 Si
1844 824 2033 890 miles
2082 821 2406 902 „mansit”
2456 841 2679 906 passus

283 940 420 1013 est,
469 936 525 998 si
571 931 876 1000 Chremes
927 931 1247 1009 „mansit”
1295 935 1681 1019 immoratus
1727 937 1821 996 est
1870 932 2143 997 conviva
2187 949 2302 996 nec
2347 928 2519 993 enim
2561 932 2684 992 sta-

289 1043 412 1105 tim
458 1041 820 1106 discessisse
866 1038 1268 1124 accipiendus
1313 1043 1429 1103 est.
1568 1038 1745 1104 Haec
1792 1041 2007 1103 inania
2046 1037 2242 1103 verba
2280 1040 2432 1100 sunt
2468 1037 2525 1100 ei
2568 1035 2680 1119 qui

288 1168 480 1214 cenae
523 1146 959 1212 condicionem
1005 1146 1130 1211 sibi
1177 1151 1632 1230 repraesentat.

379 1255 544 1320 Ibid.
597 1254 680 1319 10
717 1276 809 1339 sq.
883 1252 1100 1330 Heus,
1147 1253 1396 1337 inquit,
1443 1273 1620 1337 puer,
1671 1250 2086 1338 Pamphilam
2132 1270 2412 1325 arcesse,
2458 1253 2535 1312 ut
2582 1246 2682 1312 de-

290 1362 488 1428 lectet
534 1362 636 1426 his
683 1381 798 1426 nos

378 1469 474 1550 (l)
536 1466 732 1548 Quasi
793 1467 966 1532 dicat
1027 1464 1238 1550 „quod
1303 1465 1458 1530 haec
1521 1463 1769 1546 (Thais)
1828 1486 1955 1530 non
2002 1462 2222 1529 facit''.
2274 1501 2360 1511 —
2407 1461 2503 1543 (2)
2549 1459 2675 1526 Sed

286 1572 720 1640 delectare
781 1571 1073 1638 fidicinae
1133 1578 1265 1649 est,
1328 1573 1478 1656 quia
1524 1593 1717 1657 supra
1763 1571 1839 1638 de
1884 1570 2000 1636 illa
2045 1570 2293 1635 dixerat
2339 1573 2461 1649 (vs.
2517 1565 2673 1646 133)

287 1687 400 1760 ,et
459 1679 694 1745 fidibus
739 1678 966 1745 scire’'.
1033 1716 1118 1726 —
1181 1676 1277 1759 (3)
1325 1677 1410 1742 Et
1457 1679 1610 1746 bene
1660 1678 1873 1755 „hic'',
1926 1679 2107 1763 quasi
2158 1676 2414 1754 „<ubi>
2460 1677 2673 1740 insua-

287 1790 459 1852 viter
519 1807 687 1850 nunc
748 1783 1167 1850 tractamur'’.
1307 1784 1566 1850 Scholia
1635 1784 1729 1866 (l)
1794 1789 1859 1850 et
1918 1781 2015 1864 (3)
2084 1802 2480 1868 quamquam
2549 1801 2674 1844 non

283 1895 513 1979 magni
573 1894 885 1958 momenti
945 1891 1197 1956 Donato
1260 1890 1680 1977 relinquenda
1726 1911 1983 1968 censeo,
2034 1910 2227 1976 quem
2273 1889 2500 1953 Editor
2546 1908 2679 1972 per·

284 2021 507 2086 peram
549 1998 917 2084 obloquitur
955 2000 1024 2062 in
1056 1997 1172 2078 (2),
1213 1999 1454 2062 etenim
1481 1996 1824 2083 Pamphila
1846 2018 1971 2062 non
1995 1999 2328 2062 invocatur
2355 2001 2425 2059 ut
2449 1993 2677 2058 fidium

285 2113 479 2172 cantu
541 2105 819 2170 militem
879 2110 944 2170 et
990 2107 1344 2190 parasitum
1393 2102 1698 2183 delectet,
1749 2123 1976 2169 verum
2024 2109 2099 2168 ut
2142 2100 2328 2168 miles
2375 2121 2518 2167 cam
2563 2121 2678 2185 pro

289 2215 501 2278 amica
551 2212 764 2277 foveat
809 2217 1002 2296 atque
1047 2210 1311 2275 Thaidis
1357 2210 1673 2276 invidiam
1720 2213 1955 2276 excitet
1988 2211 2054 2291 ¹).

379 2318 542 2384 Ibid.
597 2316 680 2381 13
750 2316 999 2384 Interea
1045 2337 1276 2382 aurum
1323 2318 1447 2381 sibi
1494 2316 1665 2382 clam
1714 2315 1951 2382 mulier
1999 2316 2201 2382 demit

380 2425 477 2506 (l)
535 2425 634 2490 Ne
697 2445 929 2488 aurum
994 2444 1108 2508 pro
1156 2425 1444 2509 virgine,
1496 2423 1666 2509 quod
1713 2423 2061 2500 retinebat,
2111 2424 2459 2487 amitteret.
2599 2419 2672 2485 Id

283 2539 418 2598 est:
484 2530 608 2597 Ne‘
643 2529 833 2597 miles
897 2536 1269 2595 ornamenta
1316 2529 1578 2597 Thaidis
1625 2550 1817 2596 aurea
1863 2551 1976 2615 pro
2023 2531 2289 2615 pignore
2336 2525 2589 2614 puellae
2635 2548 2672 2592 a

284 2639 532 2705 Thaide
571 2642 856 2704 retentae
895 2637 972 2705 de
1009 2636 1176 2703 collo
1215 2638 1653 2724 bracchiisque
1690 2644 1963 2722 raperet.
2012 2636 2117 2701 Sic
2154 2642 2325 2715 recte
2363 2634 2671 2699 Donatus,

285 2746 389 2813 IP
437 2744 755 2832 Opposuit
796 2744 1073 2811 insulse:
1137 2743 1232 2826 (3)
1279 2743 1396 2811 Vel
1443 2750 1516 2810 ut
1561 2751 1727 2810 esset
1773 2744 1850 2809 ad
1898 2744 2120 2829 fugam
2170 2740 2527 2827 expeditior
2570 2738 2675 2806 vel

285 2852 370 2919 ad
413 2855 645 2919 rixam.

377 3067 467 3134 IV
515 3067 576 3133 2.
607 3067 646 3133 3
717 3066 933 3133 Aliam
979 3088 1118 3133 rem
1164 3088 1241 3133 ex
1289 3064 1417 3133 alia
1463 3068 1745 3153 cogitare
1792 3071 1857 3133 et
1904 3086 1979 3132 ea
2024 3067 2239 3131 omnia
2283 3066 2351 3129 in
2390 3064 2674 3150 peiorem

285 3182 540 3263 partem

379 3283 619 3349 Utrum
658 3281 1041 3347 subauditur
1081 3281 1449 3367 „cogitare”
1488 3302 1568 3346 an
1610 3278 1871 3358 „ibant”
1904 3278 2341 3365 „vergebant”
2386 3281 2499 3343 aut
2522 3273 2679 3360 quid

290 3390 440 3457 tale.
581 3389 882 3454 Dubitari
949 3410 1074 3453 non
1144 3388 1363 3454 debuit
1424 3390 1578 3474 quin
1642 3386 2072 3474 supplendum
2134 3388 2220 3450 sit
2286 3383 2674 3471 „cogitare''.

285 3496 412 3562 Vix
455 3496 837 3562 Donateum.

377 3602 540 3669 Ibid.
595 3600 632 3667 7
702 3601 830 3666 Ubi
877 3600 957 3665 ad
1001 3603 1216 3687 ipsum
1264 3602 1414 3666 veni
1460 3599 1923 3667 diverticulum

383 3705 1090 3791 (l)-„Diverticulum'’
1139 3714 1270 3785 est,
1320 3709 1432 3772 ubi
1476 3709 1601 3772 iter
1647 3707 1723 3772 de
1772 3709 1877 3773 via
1924 3705 2224 3771 flectitur.
2353 3703 2457 3769 Sic
2506 3708 2675 3769 recte

290 3815 603 3883 Donatus.
654 3812 751 3881 Of.
800 3814 1050 3880 Fabia
1095 3814 1174 3879 ad
1223 3812 1357 3879 h.1.
1407 3824 1473 3879 et
1520 3813 1822 3879 Wessn.
1869 3815 1940 3877 in
1989 3811 2371 3897 Appendice.
2442 3809 2541 3874 IP
2588 3810 2679 3876 al-

290 3934 502 3990 teram
549 3924 728 3988 vocis
765 3920 1305 4009 significationem
1346 3927 1707 4007 comparat,
1749 3920 1827 3986 ab
1867 3920 1985 3985 hac
2024 3921 2338 3984 sententia
2372 3916 2677 3983 alienam:

291 4029 392 4112 (2)
451 4030 538 4095 Et
585 4030 878 4114 proprie,
926 4030 1079 4113 quia
1123 4026 1647 4093 diverticula
1700 4026 2004 4091 dicuntur
2050 4028 2116 4089 in
2164 4027 2271 4089 via
2318 4023 2675 4103 domicilia,

355 4325 410 4387 1)
457 4324 532 4371 Ad
571 4322 634 4370 10
681 4320 916 4371 acholium
949 4322 1020 4383 (3)
1055 4320 1166 4369 Non
1205 4319 1471 4384 ‚provoca”
1506 4320 1586 4367 sed
1628 4317 1889 4377 ‚arcesse'',
1922 4318 2036 4382 quia
2071 4334 2167 4367 non
2202 4320 2275 4367 cst
2307 4320 2477 4383 aptum
2512 4317 2679 4375 militi,

276 4407 470 4457 Donato
508 4404 754 4468 relinquo;
807 4403 868 4453 cf.
905 4403 983 4453 III
1029 4404 1066 4453 l.
1089 4404 1167 4452 53.
1221 4403 1402 4453 Contra
1437 4402 1587 4465 11(4)
1623 4402 1735 4451 Non
1776 4401 2109 4467 -roepondet’2
2146 4402 2227 4450 sed
2266 4400 2559 4451 nexclamat’'
2593 4400 2669 4451 vix

275 4490 538 4555 genuinum
577 4492 664 4538 est.
