3246 5085
628 311 754 377 136
1683 331 1964 382 sunus.

722 495 1059 582 Virginem
1105 500 1506 581 conspectam
1552 492 1841 563 Achilles
1889 500 2192 564 continuo
2239 497 2486 583 deperit

897 624 1010 668 nec
1057 602 1217 668 latet
1262 604 1535 668 haustus
1580 624 1779 683 amor,
1827 603 1937 669 sed
1982 603 2086 669 fax
2135 604 2384 669 vibrata
2429 601 2728 668 medullis

718 706 847 773 305
893 712 962 774 in
1008 709 1235 775 vultus
1278 714 1468 794 atque
1516 730 1627 774 ora
1671 709 1900 774 redit
1943 709 2284 795 lucemque
2329 730 2643 795 genarum

895 816 1097 900 tingit
1144 820 1210 879 et
1254 813 1614 899 impulsum
1662 817 1844 880 tenui
1889 815 2116 880 sudore
2161 819 2461 901 pererrat.

624 919 751 985 Pro
806 922 968 984 redit
1030 918 1274 986 Garrod
1334 922 1696 1005 suspicatus
1743 925 1873 985 est:
1925 921 2072 999 ruit,
2119 920 2229 986 sed
2273 923 2490 1006 potius
2537 918 3023 985 emendandum

625 1026 917 1092 videtur:
988 1028 1237 1093 subit.
1307 1026 1605 1092 Similem
1673 1047 1946 1091 errorem
2018 1028 2224 1092 scriba
2283 1026 2618 1112 archetypi
2680 1026 3023 1090 commisit

622 1131 910 1197 litteram
954 1135 999 1197 d
1040 1152 1156 1217 pro
1204 1133 1236 1194 b
1284 1132 1613 1198 scribendo
1664 1153 1756 1197 vs.
1811 1130 1962 1209 ¹746,
2009 1132 2122 1196 ubi
2169 1130 2478 1197 Heinsius
2526 1131 2647 1195 obit
2693 1151 2806 1217 pro
2845 1128 3025 1195 codi-

625 1260 776 1306 cum
823 1242 1057 1306 vitiosa
1102 1241 1418 1325 scriptura
1461 1238 1596 1302 adit
1642 1240 1946 1303 restituit.

714 1458 936 1525 Thetis
996 1464 1243 1525 vestem
1307 1459 1690 1524 muliebrem
1752 1458 1886 1524 filio
1946 1460 2133 1524 inicit
2150 1507 2166 1537 ,
2230 1479 2355 1543 quo
2401 1458 2569 1524 facto
2619 1460 2822 1524 crines
2869 1460 3023 1522 eius

625 1569 957 1651 componit
1717 1630 1736 1651 .

720 1670 850 1737 329
897 1693 967 1736 ac
1014 1691 1159 1737 sua
1203 1669 1525 1736 dilecta
1570 1673 1816 1736 cervice
1862 1668 2131 1735 monilia
2175 1670 2495 1735 transfert.

623 1778 804 1843 Idem
864 1778 984 1843 hoc
1041 1776 1182 1843 loco
1241 1775 1481 1842 factum
1534 1783 1634 1841 est
1679 1779 1746 1841 in
1792 1776 2119 1842 Puteaneo
2166 1776 2337 1863 quod
2381 1798 2478 1842 νε.
2529 1775 2683 1854 600,
2729 1776 2843 1840 ubi
2883 1781 3024 1838 etat

628 1890 716 1947 eet
772 1882 1020 1969 legitur
1063 1902 1212 1967 pro:
1260 1888 1349 1945 eet
1393 1888 1537 1959 stat,
1584 1886 1652 1947 et
1696 1903 1793 1947 νε.
1846 1879 1997 1958 734,
2045 1883 2158 1946 ubi
2205 1901 2351 1967 pro:
2407 1882 2517 1945 tibi
2563 1888 2774 1945 cuneta
2817 1879 3019 1945 libra-

626 1982 761 2054 rius
808 1993 1059 2054 mutato
1106 1987 1325 2053 ordine
1372 1993 1582 2051 cuncta
1629 1988 1740 2050 tibi
1785 1988 2092 2053 exaravit.
2141 1986 2561 2053 Scribendum
2609 1990 2781 2053 enim
2826 1992 2962 2052 est:

898 2114 970 2159 ac
1017 2092 1335 2159 dilecta
1380 2113 1527 2159 sua
1569 2096 1814 2159 cervice
1861 2093 2128 2159 monilia
2176 2093 2497 2159 transfert.

630 2200 853 2266 Thetis
913 2199 1151 2265 monile
1198 2197 1367 2284 quod
1414 2202 1598 2264 unice
1644 2198 1986 2286 diligebat,
2037 2220 2074 2265 a
2121 2220 2238 2265 sua
2284 2202 2528 2266 cervice
2574 2200 2772 2265 solvit
2816 2204 3018 2284 atque

628 2306 707 2372 ad
766 2305 887 2371 filii
933 2307 1243 2371 cervicem
1295 2304 1649 2370 transtulit.
1697 2303 1794 2373 cf.
1843 2326 1939 2370 νε.
1989 2304 2158 2369 450:
2205 2304 2398 2371 litora
2443 2303 2731 2371 multum
2776 2308 3022 2371 monti-

628 2433 833 2499 vagae
879 2411 1113 2477 dilecta
1158 2410 1308 2476 deae
1328 2461 1344 2490 ,
1393 2410 1474 2475 11.
1523 2408 1645 2476 27:
1689 2410 1921 2476 dilecta
1964 2410 2042 2476 ad
2087 2414 2357 2476 moenia.

716 2616 778 2682 N
782 2637 862 2680 on
900 2614 1097 2681 multi
1132 2614 1368 2679 laboris
1407 2614 1533 2679 fuit
1572 2611 1861 2691 Thetidi,
1903 2605 2176 2700 virg-inis
2213 2615 2420 2700 specie
2459 2620 2686 2680 natum
2723 2613 3018 2693 induere,

1744 2725 2034 2804 superest
2077 2740 2228 2784 nam
2271 2719 2597 2805 plurimus
2641 2719 2742 2784 illi

720 2825 852 2893 336
896 2827 1183 2892 invita
1227 2827 1472 2891 virtute
1519 2822 1728 2902 decor,
1776 2823 2072 2909 fallitque
2121 2828 2362 2890 tuentis

898 2933 1246 3017 ambiguus
1294 2933 1597 3016 tenuique
1644 2930 1848 2996 latens
1895 2931 2284 2996 discrimine.
2309 2952 2517 2997 sexus.

629 3040 947 3131 Quoniam
1023 3059 1119 3104 νε.
1186 3037 1316 3103 326
1358 3058 1491 3121 sqq.
1572 3043 1937 3102 enarratum
2016 3043 2150 3114 est,
2236 3043 2510 3102 matrem
2598 3035 3012 3102 multimodis

628 3143 867 3210 Achilli
924 3146 1238 3210 virtutem
1295 3163 1552 3209 omnem
1596 3142 1942 3220 ademisse,
1992 3149 2185 3228 atque
2229 3147 2374 3207 tum
2423 3142 2685 3208 demum
2731 3143 3010 3208 verbum

624 3257 893 3333 superest
936 3252 1073 3315 vim
1120 3270 1302 3314 suam
1350 3249 1700 3324 obtinebit,
1751 3251 1807 3312 si
1854 3246 2030 3313 aliud
2077 3249 2234 3334 quid
2283 3249 2618 3334 demptum
2657 3269 2790 3314 esse
2826 3251 3012 3334 prius

628 3355 1063 3443 significatum
1107 3358 1263 3433 erit,
1309 3376 1425 3440 pro
1470 3355 1670 3418 invita
1706 3353 2053 3441 legendum
2093 3361 2284 3440 puto:
2325 3357 2488 3420 iam
2527 3359 2790 3433 victa,
2833 3355 3012 3440 quod

626 3465 761 3528 iam
808 3460 1053 3528 codices
1097 3460 1227 3526 ΕΚ
1246 3459 1333 3540 Q,
1378 3463 1448 3524 in
1493 3461 1728 3545 quibus
1775 3467 1872 3525 est
1909 3460 2157 3538 invicta,
2199 3461 2646 3527 commendare
2684 3461 3007 3528 videntur.

720 3679 1057 3767 Scyriades
1116 3676 1367 3764 puellae
1418 3675 1748 3760 ‚Achillem
1809 3697 2192 3764 magnopere
2254 3681 2577 3746 mirantur
2619 3687 2685 3746 et
2727 3680 3009 3766 benigne

628 3787 978 3872 recipiunt,

903 3889 1132 3955 dehinc
1178 3891 1412 3955 sociare
1460 3890 1682 3954 choros
1728 3891 2044 3975 castisque
2091 3890 2384 3956 accedere
2430 3893 2622 3956 sacris

724 3993 852 4061 371
902 3995 1259 4071 hortantur,
1308 3993 1780 4079 ceduntque
1826 3992 2008 4059 loco
2057 3999 2122 4059 et
2169 3999 2540 4081 contingere
2584 3997 2888 4082 gaudent.

631 4098 878 4168 Garrod
924 4101 1328 4186 claudumque
1374 4100 1559 4164 locum
1606 4103 1968 4185 suspicatus
2015 4105 2113 4165 est
2130 4151 2146 4180 ,
2197 4101 2460 4166 addens:
2513 4101 2787 4179 „volunt
2833 4105 3008 4169 enim

629 4229 757 4272 non
804 4206 1056 4285 cedere,
1119 4206 1229 4271 sed
1275 4205 1844 4294 appropinquare.”
1893 4207 2118 4272 Nonne
2163 4205 2399 4273 melius
2441 4207 2618 4274 locus
2665 4210 3010 4276 restitutus

628 4317 752 4380 erit
814 4333 940 4378 uno
1000 4311 1311 4379 vocabulo
1374 4313 1497 4377 loco
1551 4315 1620 4377 in
1669 4311 1941 4378 locum
1988 4311 2280 4379 mutato?
2326 4311 2622 4402 Virgines
2669 4323 3011 4400 occupatae

629 4425 810 4486 erant
870 4420 1079 4484 choris
1136 4418 1583 4485 instituendis:
1643 4417 1962 4486 Achillem
2022 4418 2364 4486 hortantur
2423 4425 2498 4486 ut
2555 4423 2690 4506 ipse
2751 4440 3006 4506 quoque
