3246 5085
1279 350 1590 400 nona-rus.
2543 331 2627 397 1¹7

249 515 606 582 habeam'’:
676 515 985 599 „quidni”
1049 514 1250 600 quid
1297 517 1501 593 nisi,
1549 515 1669 578 hoc
1716 519 1811 577 est
1856 534 2000 578 cur
2046 534 2201 577 non
2246 511 2630 579 habeam?

253 620 388 685 Ad.
452 620 547 685 ΠΙ
613 621 674 685 4.
701 619 790 684 20
815 619 910 700 (2)
973 618 1129 684 Plus
1191 627 1286 684 est
1349 618 1613 703 „quidni
1632 616 1701 681 ?”
1762 639 1954 701 quam
2021 617 2432 696 „noveram’',
2480 639 2630 682 nam

251 730 436 812 quasi
505 729 768 812 corripit
830 726 1232 790 dubitantem
1297 724 1561 790 dicendo
1630 724 1895 808 „quidni
1912 721 2004 799 ?'',
2076 728 2151 788 ut
2212 723 2635 789 subaudiatur

257 832 662 910 „noverim”.
846 830 1010 895 Ibid.
1071 830 1161 895 IV
1222 830 1284 896 2.
1315 828 1400 894 34
1442 828 1539 909 (3)
1623 829 1904 908 „Quidni
1962 829 2211 893 norim'’
2276 831 2634 913 correptive

259 935 572 1021 „quidni”
621 957 734 1021 pro
785 936 983 1020 „quid
1028 934 1220 1000 nisi”.
1360 936 1696 1014 Praeterea
1743 934 1953 999 confer
1997 933 2191 998 Eun.
2240 932 2336 998 ΙΙΙ
2384 933 2445 998 3.
2474 933 2636 1013 2(1)

261 1063 410 1107 nam
475 1041 628 1119 „ni”
690 1063 783 1106 ne
847 1040 1164 1126 significat
1225 1045 1290 1105 et
1352 1040 1515 1118 „ne”
1577 1059 1766 1105 non:
1834 1040 1985 1118 „ni”
2049 1061 2163 1124 pro
2228 1039 2391 1116 „ne”
2442 1038 2632 1124 Verg.

260 1146 385 1228 (III
433 1145 494 1212 6.
524 1146 639 1227 85)
687 1144 846 1222 „leti
894 1145 1264 1210 discrimine
1310 1144 1546 1230 parvo”
1599 1149 1781 1222 cett.;
1835 1129 1997 1222 „ne”
2047 1165 2160 1229 pro
2201 1144 2409 1224 „non”
2450 1143 2638 1209 Plau-

259 1257 368 1316 tus
417 1272 540 1330 „ne
589 1250 773 1315 vu1t”
819 1253 1033 1336 inquit
1079 1272 1194 1335 pro
1243 1271 1409 1327 „non
1459 1248 1666 1315 vult”.

351 1356 692 1422 Emblema
741 1393 823 1404 —
871 1363 960 1420 eet
1004 1357 1158 1420 enim
1361 1379 1468 1418 cur
1512 1378 1631 1419 non
1679 1392 1761 1404 —
1855 1375 1893 1418 a
1938 1353 2168 1420 Sabb.
2218 1361 2282 1419 et
2329 1354 2634 1419 Wessn.

259 1469 556 1527 notatum
596 1462 862 1527 debetur
901 1466 1244 1549 magistro,
1287 1482 1478 1546 quem
1515 1461 1797 1526 indicavi
1832 1459 1987 1525 olim
2028 1459 2245 1524 littera
2270 1462 2323 1525 A
2364 1460 2635 1541 (Mnem.

262 1567 519 1632 XXXII
563 1590 626 1653 p.
677 1567 806 1633 287
833 1572 1018 1652 sqq.),
1066 1566 1310 1650 reliqua
1353 1569 1556 1650 ipsius
1603 1565 1836 1630 Donati
1874 1571 2059 1642 sunt,
2098 1567 2222 1628 nisi
2258 1567 2403 1650 quis
2440 1567 2637 1630 etiam

261 1671 428 1737 Eun.
476 1672 564 1736 IV
610 1671 672 1736 4.
703 1670 740 1737 7
789 1678 854 1736 et
897 1671 1018 1737 Ad.
1068 1670 1154 1734 IV
1202 1671 1264 1736 2.
1293 1669 1378 1734 34
1425 1672 1861 1735 imitatoribus
1906 1670 2053 1735 dare
2101 1668 2305 1734 malit.

355 1776 449 1840 111
499 1777 562 1841 2.
593 1775 676 1840 19
701 1777 798 1857 (1)
847 1775 1056 1854 „Vix”
1099 1782 1212 1840 aut
1251 1774 1629 1840 difficile
1668 1774 1988 1861 significat
2026 1780 2139 1840 aut
2176 1797 2363 1852 non,
2403 1780 2480 1839 ut
2519 1776 2635 1839 sit:

267 1903 383 1946 nec
444 1883 583 1946 hoc.
646 1879 936 1946 Lucilius
1001 1901 1253 1958 „carcer
1313 1882 1424 1945 vix
1485 1901 1732 1946 carcere
1792 1878 2091 1967 dignus”.
2252 1878 2338 1944 IV
2389 1879 2449 1944 3.
2478 1878 2517 1943 3
2545 1880 2639 1960 (2)

269 1986 574 2065 „Scelus”
623 1985 916 2060 αὔξησιςε
967 1985 1114 2071 plus
1161 1989 1330 2050 enim
1377 1991 1474 2050 est
1524 1983 1815 2062 „scelus”
1863 2006 2055 2069 quam
2108 1985 2518 2062 ,‚scelestus''‚
2566 1993 2641 2048 ut

267 2090 555 2156 Lucilius
621 2111 869 2166 „carcer
915 2113 979 2157 v.
1008 2112 1061 2155 c.
1089 2091 1194 2154 d.”
1348 2091 1588 2156 Andr.
1640 2089 1671 2154 I
1717 2090 1779 2154 2.
1812 2089 1894 2154 12
1946 2067 2353 2167 „Garnifex''⁰
2377 2097 2491 2155 aut
2534 2111 2641 2154 ex-

269 2196 635 2261 carnificans
698 2196 1032 2262 dominum
1079 2204 1190 2260 aut
1235 2198 1372 2280 ipse
1420 2196 1656 2281 dignus
1703 2194 2027 2270 carnifice,
2074 2201 2150 2259 ut
2196 2215 2337 2259 caro
2383 2195 2528 2272 fiat,
2573 2195 2641 2259 id

267 2306 368 2366 est
425 2300 722 2365 lanietur.
788 2299 1078 2364 Lucilius
1142 2321 1234 2376 ,‚c.
1263 2320 1322 2366 v.
1351 2299 1537 2364 c.d.''
1690 2299 2004 2364 Phorm.
2054 2297 2116 2362 Il
2166 2297 2422 2364 3.Α26
2472 2301 2637 2376 „Ain

268 2405 525 2471 tandem
592 2404 843 2470 carcer”
916 2427 1042 2470 non
1107 2425 1581 2470 carcereum
1632 2402 1683 2483 (?
1731 2405 1809 2470 cf.
1866 2403 1991 2483 W.)
2052 2405 2161 2469 sed
2223 2425 2641 2470 carcerem

263 2513 546 2596 asperius
593 2508 962 2595 appellavit.
1011 2509 1118 2576 Sic
1163 2509 1451 2576 Lucilius
1493 2532 1590 2589 „c.
1615 2531 1678 2576 v.
1705 2531 1758 2575 c.
1788 2509 1893 2574 d.”
1938 2508 2077 2574 Ibid
2116 2509 2168 2574 B
2207 2509 2293 2575 26
2334 2508 2431 2591 (3)
2474 2529 2643 2588 „car-

265 2616 408 2681 cer”
457 2615 745 2681 Lucilius
790 2638 840 2681 c.
869 2638 930 2681 v.
959 2638 1010 2681 c.
1038 2615 1144 2681 d.”

355 2720 744 2806 Exemplum
820 2719 1229 2785 Lucilianum
1294 2720 1370 2785 D.
1450 2719 1827 2799 (secundum
1891 2720 2191 2785 Wessn.
2267 2741 2344 2784 ex
2409 2721 2640 2804 Aspro)

266 2831 436 2891 recte
497 2824 794 2890 adhibuit
845 2824 924 2890 ad
970 2824 1134 2890 Eun.
1185 2824 1279 2889 III
1327 2824 1388 2889 2.
1420 2824 1503 2888 19
1551 2832 1616 2890 et
1661 2825 1919 2889 Phorm.
1968 2824 2029 2888 11
2081 2823 2142 2889 3.
2170 2823 2277 2901 26,
2325 2826 2637 2901 imitator,

265 2929 368 2993 IP
415 2951 520 2994 me
564 2930 794 3005 iudice,
841 2932 1059 3014 inepte
1102 2930 1183 2995 ad
1226 2930 1390 2994 Eun.
1439 2929 1525 2993 IV
1574 2929 1636 2994 3.
1666 2930 1705 2994 3
1752 2936 1818 2995 et
1858 2930 2054 2994 Andr.
2096 2929 2127 2993 I
2166 2930 2229 2995 2.
2259 2928 2363 2993 12.
2412 2928 2641 2993 Eidem

265 3034 721 3118 imputandum
802 3040 898 3099 est
961 3034 1473 3100 additamentum
1541 3037 1607 3098 in
1677 3034 1763 3098 IV
1836 3034 1895 3099 3.
1926 3032 1999 3099 3:
2086 3034 2234 3119 plus
2302 3036 2473 3099 enim
2547 3040 2643 3098 est

275 3139 565 3217 „scelus”
631 3160 824 3223 quam
874 3137 1287 3217 ‚,scelestus''‚
1332 3142 1535 3204 immo
1583 3160 1819 3224 „quam
1868 3138 2255 3205 scelerosus”
2306 3140 2426 3205 hoc
2472 3142 2644 3204 enim

271 3244 591 3329 praecedit
635 3265 728 3308 vs.
781 3244 840 3320 1,
888 3265 1005 3309 nec
1051 3265 1178 3309 non
1225 3247 1318 3323 (in
1365 3245 1625 3309 Phorm.
1680 3246 1731 3309 A
1780 3244 1893 3324 26)
1946 3265 2114 3320 „non
2162 3264 2643 3308 carcereum

268 3349 380 3413 sed
440 3370 494 3413 c.
535 3370 590 3414 a.
634 3350 801 3433 ap.”,
873 3368 1021 3413 nam
1084 3353 1140 3413 is
1201 3356 1297 3415 est
1357 3353 1470 3434 qui
1527 3349 1715 3433 fingit
1776 3370 1941 3413 nova
1986 3346 2297 3414 vocabula
2344 3355 2643 3432 amatque

269 3453 617 3517 antithesin
686 3454 836 3529 „sed
861 3492 947 3502 —
971 3453 1164 3518 non'’.
1223 3455 1498 3519 Attende
1557 3454 1762 3517 denuo
1822 3450 2325 3538 Compilatorem
2370 3456 2437 3517 in
2483 3454 2645 3517 serie

273 3559 326 3621 A
394 3556 718 3622 rettulisse
783 3564 1032 3623 textum
1095 3558 1175 3622 ab
1219 3557 1320 3622 IP
1366 3558 1848 3644 interpolatum,
1894 3560 1961 3621 in
2010 3556 2063 3621 B
2107 3557 2480 3642 exemplum
2525 3556 2647 3623 Do-

265 3668 531 3726 nateum
577 3661 871 3747 simplex.

364 3765 459 3830 111
505 3766 567 3831 2.
596 3764 680 3829 25
705 3765 803 3846 (3)
853 3764 1174 3843 „Sollers”
1226 3770 1407 3852 quasi
1453 3771 1629 3831 totus
1676 3788 1753 3832 ex
1798 3772 1935 3831 arte
1974 3770 2358 3843 consistens,
2396 3773 2472 3830 ut
2509 3764 2641 3837 ὅλος

277 3872 335 3933 ἐν
383 3874 610 3951 ἀρετῇ,
660 3872 829 3956 quod
876 3872 1091 3937 Latini
1141 3871 1187 3936 S
1232 3871 1450 3937 littera
1500 3892 1613 3956 pro
1664 3871 1728 3936 H
1790 3871 2018 3936 solus
2077 3875 2158 3934 in
2223 3878 2433 3948 arte;
2496 3872 2649 3936 huic

271 4096 455 4160 proleg.
500 4096 552 4144 in
590 4096 733 4158 Ἴθι-3.
768 4112 814 4159 p.
852 4096 965 4145 184.
1001 4094 1072 4143 Hi
1106 4094 1198 4143 loci
1231 4094 1432 4144 alicuius
1466 4096 1698 4144 momenti
1727 4098 1839 4144 sunt
1872 4096 1931 4144 ad
1965 4096 2287 4159 quaestionem
2323 4111 2465 4159 quarn
2497 4097 2649 4146 movit

271 4177 711 4236 wesenerus,
762 4176 814 4225 in
865 4174 988 4225 libro
1036 4176 1094 4224 de
1142 4179 1273 4224 Aom.
1319 4179 1487 4241 Aspro,
1533 4179 1773 4226 Donatum
1818 4192 1987 4240 nempe
2020 4177 2245 4226 Plautina
2278 4176 2521 4226 rettulisse
2552 4194 2648 4228 non

272 4272 326 4306 ex
377 4273 466 4307 sua
515 4257 666 4322 ipsius
715 4257 904 4315 notitia,
960 4258 1040 4306 ted
1091 4272 1148 4305 ex
1198 4262 1239 4305 A
1257 4272 1326 4321 sp
1345 4257 1404 4305 ri
1451 4258 1793 4307 commentario
1837 4258 1895 4306 ad
1940 4258 2236 4307 Terentium.
2296 4258 2425 4322 Quid
2471 4268 2645 4318 autem,

269 4339 312 4387 si
355 4338 576 4388 videmus
621 4340 866 4388 Donatum
909 4339 1000 4387 hoo
1043 4338 1172 4387 idem
1204 4338 1472 4403 exemplum
1505 4340 1600 4389 iam
1636 4339 1790 4389 multo
1807 4342 1917 4388 ante
1950 4339 2121 4388 citasse
2144 4340 2197 4387 in
2232 4343 2500 4389 commento
2534 4340 2649 4389 Ver-

301 4419 350 4467 .l.
457 4420 481 4467 ι,
