3246 5085
627 364 761 432 380
1393 382 1478 431 nn
1526 382 1680 431 num
1689 381 1854 431 r1ms
1899 382 2218 431 ruurnoo.

990 555 1271 632 τυχοῦσα
1324 554 1529 630 καιροῦ
1579 548 1771 614 θεόθεν
1820 542 1886 614 εὖ
1934 547 2186 629 στάχυν
2233 550 2443 633 φέρει,

988 661 1230 741 χρηστὴ
1281 657 1331 722 δ’
1380 656 1732 737 άμαρτοῦσῖ
1779 652 1854 720 ὧν
1902 657 2098 736 χρεὼν
2146 660 2340 733 αὐτὴν
2392 665 2611 741 τυχεῖν
2723 730 2752 743 -

990 770 1177 831 κακὸν
1228 764 1426 830 δι’δωσι
1476 763 1731 842 καρπόν,
1783 760 2083 842 ἄνθρωπος
2136 762 2188 827 δ’
2233 765 2331 829 άεὶ

989 875 1017 936 ὅ
1065 870 1177 948 μὲν
1228 870 1473 949 πονηρὸς
1521 870 1691 935 οὐδὲν
1737 866 1899 935 ἄλλο
1947 872 2110 945 πλὴν
2159 868 2383 948 κακός,

988 978 1015 1043 ὃ
1065 976 1117 1041 δ’
1166 975 1373 1049 ἐσθλὸς
1427 976 1673 1054 ἐσθλός,
1725 975 1855 1041 οὐδὲ
1905 980 2233 1057 συμφορᾶς
2284 973 2399 1041 ὕπο

987 1083 1174 1163 Φύσιν
1224 1083 1506 1164 διέφθειρ’
1552 1082 1731 1147 ἄλλα
1777 1082 2053 1162 χρηστός
2102 1082 2228 1147 ἐστ’
2282 1082 2416 1161 άεΙ;

988 1184 1083 1269 ἄρ’
1132 1190 1181 1254 01
1230 1188 1508 1261 τεκόντες
1561 1188 1969 1269 διαφέρουσιν,
2021 1189 2056 1265 ἢ
2103 1188 2368 1269 τροφαί;

625 1296 1025 1362 Subobscure
1072 1296 1148 1361 de
1194 1318 1261 1362 re
1308 1298 1576 1363 obscura
1613 1294 2068 1381 philosophata
2111 1295 2376 1361 Hecuba
2414 1295 2532 1360 hoc
2571 1296 2702 1361 fere
2739 1295 3020 1387 indicat:

623 1403 911 1491 Improbi
956 1403 1237 1468 hominis
1282 1423 1492 1468 mores
1538 1405 1650 1468 vix
1698 1405 1970 1488 corrigi,
2020 1401 2126 1467 sed
2167 1424 2316 1468 vere
2355 1401 2598 1468 nobiles
2633 1423 2715 1468 ne
2761 1401 3025 1468 calami-

624 1511 866 1576 tatibus
904 1509 1163 1596 quidem
1206 1510 1435 1596 frangi.
1488 1510 1879 1574 Praesertim
1919 1515 2141 1574 autem
2179 1508 2588 1575 attendamus
2623 1509 2706 1574 ad
2741 1509 2810 1575 id
2845 1509 3020 1595 quod

620 1614 736 1682 illa
788 1594 861 1680 in
923 1618 1231 1681 extremis
1278 1615 1489 1681 addit:
1554 1614 1766 1695 „Quid
1814 1612 2064 1680 dicam?
2106 1612 2416 1681 Interesse
2463 1636 2742 1701 quonam
2785 1637 3022 1702 genere

624 1724 769 1809 quis
828 1724 914 1787 sit
976 1729 1198 1800 natus,
1249 1742 1327 1786 an
1375 1742 1654 1807 quanam
1701 1720 2071 1787 educatione
2119 1742 2274 1787 usus
2321 1724 2407 1786 sit
2424 1719 2491 1786 ?”
2545 1758 2630 1770 —
2679 1721 2749 1787 Si
2797 1732 3016 1788 autem

620 1830 849 1914 regina
910 1830 1199 1893 omnium
1260 1828 1720 1913 superbissima
1779 1834 1844 1893 et
1899 1825 2043 1897 alta,
2081 1826 2418 1894 nobilitate
2463 1826 2815 1894 elatissima
2857 1830 3018 1895 haec

626 1935 1003 2001 confitetur:

986 2039 1121 2120 ἔχει
1170 2065 1247 2120 γε
1297 2040 1503 2119 μέντοι
1555 2040 1657 2106 καὶ
1705 2042 1775 2107 τὸ
1825 2042 2148 2122 θρεφθῆναι
2199 2047 2408 2113 καλῶς

993 2146 1226 2226 δίδαξιν
1276 2147 1488 2213 ἐσθλοῦ

627 2255 781 2339 quid
828 2260 1083 2342 poetam
1129 2257 1348 2339 ipsum
1395 2253 1709 2320 iudicasse
1757 2252 2050 2320 censeas?

706 2360 863 2426 Non
906 2358 1340 2440 inmutabilia,
1392 2362 1634 2446 opinor,
1684 2362 1743 2424 ei
1790 2361 2038 2425 homini
2084 2358 2332 2426 indoles
2378 2359 2656 2442 videtur,
2706 2359 2815 2427 sed
2854 2364 3011 2427 eius-

623 2466 801 2533 modi
871 2488 1031 2555 quae
1094 2470 1449 2554 corrigatur
1513 2466 1884 2533 educatione
1944 2466 2112 2554 (Iph.
2177 2468 2253 2532 A.
2313 2466 2492 2550 563),
2565 2475 3011 2556 corrumpatur

621 2574 884 2641 luxuria
951 2575 1053 2655 (fr.
1110 2572 1283 2656 187).
1348 2573 1569 2639 Virtus
1632 2574 1842 2639 doceri
1904 2581 2137 2660 potest.
2203 2573 2428 2640 Palam
2492 2577 2612 2641 hoc
2674 2574 3009 2661 profitetur

624 2679 937 2746 Adrastus
980 2682 1047 2745 in
1094 2679 1507 2766 Supplicibus
1553 2678 1742 2760 (912)

988 2787 1059 2851 τὸ
1106 2787 1233 2866 γὰρ
1281 2793 1596 2866 τραφῆναι
1645 2787 1734 2864 μὴ
1784 2791 1989 2859 κακῶς
2038 2786 2184 2852 αἰδῶ
2234 2786 2440 2869 φέρει,

991 2893 1363 2975 αἶσχύνεται
1415 2893 1475 2959 δὲ
1524 2891 1760 2972 τάγάθ’
1807 2893 2093 2968 ἀσκήσας
2141 2894 2285 2974 άνῆρ

989 3001 1179 3072 κακὸς
1228 3001 1561 3075 κεκλῆσθαι
1608 3002 1740 3072 πᾶς
1789 3022 1906 3072 τις.
1960 3000 1993 3076 ἦ
2041 3000 2094 3065 δ’
2138 3000 2419 3081 εὐανδρία

987 3106 1287 3186 διδακτὸν,
1336 3105 1504 3186 εἴπερ
1553 3106 1657 3171 καὶ
1707 3105 1942 3187 βρέφος
1993 3106 2352 3173 διδάσκεται

987 3212 1196 3290 λέγειν
1250 3213 1488 3278 α’κούειν
1533 3214 1583 3278 θ’
1633 3210 1708 3278 ὧν
1755 3212 2022 3291 μάθησιν
2069 3215 2177 3279 οὐκ
2225 3211 2396 3294 ἔχει·

984 3316 1028 3385 ἃ
1076 3320 1128 3386 δ’
1178 3318 1255 3384 ἄν
1298 3319 1467 3401 μάθῃ
1514 3327 1705 3398 παῖς,
1755 3323 1966 3385 ταῦτα
2016 3317 2308 3400 σῴζεσθαι
2357 3319 2512 3386 θέλει

988 3424 1131 3505 πρὸς
1178 3431 1413 3507 γῆρας·
1466 3425 1618 3492 οὕτω
1667 3427 1904 3500 παῖδας
1956 3423 2022 3492 εὖ
2071 3426 2462 3494 παιδεύσετε.

622 3530 746 3596 Vix
814 3535 1024 3617 potest
1092 3533 1304 3616 magis
1364 3534 1753 3610 σωκρατικῶς
1818 3533 1894 3598 de
1957 3535 2198 3600 virtute
2259 3533 2505 3599 disseri.
2566 3533 2697 3600 Nec
2759 3535 3007 3601 mireris

619 3640 829 3725 igitur
872 3637 1147 3704 eundem
1192 3643 1448 3722 poetam
1493 3641 1607 3724 qui
1654 3639 1810 3706 haec
1855 3642 2185 3727 scripserit
2227 3640 2562 3717 εὐβουλίαν
2607 3639 2902 3707 laudasse
2945 3647 3006 3707 et

619 3745 869 3823 robori,
938 3743 1263 3822 fortunae,
1342 3744 1590 3810 divitiis
1661 3748 2118 3831 praeposuisse.
2192 3745 2289 3810 Ex
2348 3751 2564 3813 mente
2625 3753 2849 3834 poetae
2911 3749 3009 3813 sui

622 3852 943 3938 professus
988 3857 1084 3918 est
1131 3850 1463 3936 Amphion
1510 3852 1615 3932 (fr.
1669 3850 1826 3934 199)

1755 3959 1805 4023 εἶ
1853 3959 1980 4039 γὰρ
2027 3955 2093 4025 εὖ
2141 3965 2379 4040 φρονεῖν
2424 3959 2554 4041 ἔχω

986 4070 1255 4143 κρεῖσσον
1303 4063 1427 4130 τόδ’
1476 4065 1603 4129 ἐστι
1655 4071 1944 4145 καρτεροῦ
1995 4065 2347 4146 βραχίονος.

619 4167 786 4234 Nam
849 4176 1249 4254 compertum
1316 4171 1589 4236 habebat
1651 4169 1991 4257 Euripides
2052 4172 2136 4252 τῷ
2199 4175 2471 4238 πονοῦντι
2535 4171 2638 4235 καὶ
2688 4171 2816 4236 θεὸν
2862 4189 3006 4238 συλ-

621 4272 981 4352 λαμβάνειν
1044 4275 1148 4354 (fr.
1197 4275 1329 4340 432
1373 4274 1452 4342 cl.
1504 4277 1579 4342 fr.
1633 4276 1812 4360 461),
1871 4277 2119 4356 γνώμην
2171 4282 2228 4342 τ’
2278 4279 2532 4357 άρίστην
2579 4277 2806 4356 μάντιν
2854 4275 3004 4346 εἶναι

618 4382 729 4458 τήν
771 4383 827 4445 τ’
874 4381 1209 4458 εὐβουλίαν
1249 4381 1427 4470 (Hel.
1470 4379 1628 4465 757)
1677 4389 1742 4449 et
1790 4384 1944 4450 haec
1989 4386 2480 4465 exercitatione,
2523 4405 2680 4464 usu,
2721 4393 3006 4473 tempore

612 4490 855 4575 acquiri
900 4487 957 4569 (ὃ
1005 4489 1133 4569 γὰρ
1181 4489 1394 4570 χρόνος
1449 4489 1733 4569 δίδαγμα
1784 4491 2225 4557 ποικιλώτατον
2266 4492 2343 4556 fr.
2385 4489 2566 4574 291).
2614 4490 2858 4560 Idcirco
2899 4497 3002 4560 οῦκ
