3246 5085
586 285 720 354 358
848 323 855 330 ·
1376 305 1465 355 nn
1510 303 1835 354 summme
1879 303 2193 353 rmrmoo.

587 472 755 557 quod
799 469 881 538 ad
928 493 1065 538 rem
1112 474 1379 551 attinet,
1429 493 1579 537 nam
1627 472 1838 538 verbis
1883 471 2160 548 titubat3
2212 469 2288 535 de
2327 490 2454 556 qua
2493 491 2561 536 re
2601 469 2682 536 cf.
2721 467 2990 536 Wilam.

582 578 769 644 Anal.
817 600 882 665 p.
938 577 1064 643 145
1116 615 1200 628 —
1244 600 1361 644 nec
1410 601 1535 644 non
1581 578 1781 644 Varro
1828 576 1997 664 apud
2045 574 2339 644 Gellium
2385 574 2594 642 XVII.
2643 576 2707 642 4.
2733 575 2826 658 3).

675 682 915 751 Contra
961 685 1221 750 uberius
1269 686 1375 750 hic
1417 705 1669 771 quoque
1719 683 1869 749 Vita
1913 683 2158 750 Maior:

674 791 759 855 τοὶ
821 788 1035 855 πάντα
1097 790 1149 856 δ’
1202 788 1269 866 ἦν
1331 790 1523 855 αὐτοῦ
1588 789 1888 870 δράματα
1951 789 2094 881 φβ’,
2153 786 2416 870 σῴζεται
2464 788 2526 854 δὲ
2575 790 2698 864 οη’·
2751 787 2986 854 τούτων

583 898 887 964 νοθεύεται
937 896 1110 977 τρία,
1158 897 1385 972 Τέννης
1432 897 1862 974 Ῥαδάμανθυς
1915 897 2239 977 Πειρίθους.

671 1003 805 1081 En,
868 1004 1109 1069 iterum
1168 1005 1237 1068 in
1298 1003 1607 1069 Urbinate
1668 1002 1902 1069 desunt
1957 1003 2304 1089 quaedam:
2354 1001 2548 1068 verba
2593 1023 2824 1088 nempe
2871 1001 2984 1085 σῴ-

580 1110 755 1191 ζεται
785 1145 867 1160 --
897 1111 1236 1187 Πειρίθους,
1300 1109 1692 1175 Hauniensis
1751 1115 1972 1177 antem
2034 1115 2100 1176 et
2165 1109 2668 1176 vindobonensis
2714 1111 2985 1174 nomina

579 1217 807 1293 Τέννης
833 1253 918 1266 -
948 1217 1248 1296 Πειρίθους
1296 1219 1633 1282 omittunt.

669 1323 893 1410 Itaque
910 1370 929 1402 ,
1000 1325 1193 1389 sicuti
1250 1326 1320 1388 in
1374 1323 1603 1388 ceteris
1656 1343 1907 1410 quoque
1961 1343 2122 1409 quae
2176 1343 2214 1388 a
2268 1321 2572 1388 Vaticano
2615 1321 2986 1407 discrepans

580 1432 828 1496 omittit
890 1429 1195 1507 Urbinas,
1245 1432 1511 1514 aequius
1561 1435 1658 1494 est
1705 1451 1832 1495 non
1882 1431 2260 1496 temerariae
2307 1427 2647 1494 cuiusdam
2692 1430 2988 1494 incuriae

579 1537 689 1603 sed
748 1538 1063 1603 cautionis
1120 1535 1357 1601 indicia
1414 1538 1741 1614 constitui,
1803 1539 1899 1601 ita
1957 1538 2026 1601 in
2087 1538 2229 1621 ipsa
2289 1538 2664 1622 quaestione
2725 1534 2803 1600 de
2851 1555 2988 1620 qua

578 1647 838 1731 agimus
885 1641 1246 1730 putandum
1292 1648 1389 1708 est
1434 1665 1561 1708 non
1609 1645 1947 1709 convenire
1993 1645 2164 1708 inter
2209 1663 2277 1708 se
2312 1641 2614 1708 Vitarum
2649 1647 2952 1707 auctores
2965 1662 2986 1720 ;

578 1750 809 1816 saltem
847 1747 1136 1814 multum
1175 1749 1353 1814 abest
1390 1755 1465 1814 ut
1507 1748 1798 1815 dicamus
1843 1770 1922 1815 ex
1969 1750 2062 1814 eis
2109 1748 2276 1814 Vitis
2323 1769 2623 1834 apparere
2679 1749 2988 1811 Gramma-

580 1859 726 1922 bicos
763 1855 1211 1921 Alexandrinos
1249 1857 1411 1935 (sive
1450 1854 1812 1921 didascaliis
1852 1855 2104 1922 edoctos
2121 1902 2139 1935 ,
2181 1858 2320 1923 sive
2358 1857 2613 1942 proprio
2651 1856 2983 1934 acumine)

578 1962 945 2029 Pirithoum
989 1961 1289 2048 Euripidi
1334 1961 1752 2028 abiudicasse.

665 2177 789 2245 Sed
834 2179 1153 2263 conspirat
1190 2197 1341 2242 cum
1389 2173 1573 2241 Vitae
1618 2175 1886 2241 Maioris
1933 2181 2194 2242 auctore
2240 2175 2612 2243 Athenaeus
2659 2173 2826 2241 libro
2872 2174 2978 2240 xl

578 2283 710 2349 494
758 2284 1003 2370 ambigi
1044 2282 1257 2349 dicens
1294 2289 1519 2348 utrum
1557 2281 1901 2368 Euripides
1938 2283 2138 2349 fuerit
2175 2303 2255 2350 an
2291 2281 2524 2350 Critias
2565 2284 2678 2368 qui
2715 2284 2984 2368 scripsit

573 2387 964 2456 Pirithoum!
1032 2425 1117 2439 —
1178 2389 1480 2454 Primum
1526 2388 1751 2454 dubito
1799 2410 1959 2454 num
2008 2391 2367 2475 conspirare
2411 2391 2552 2454 iure
2599 2389 2771 2454 dicas
2819 2410 2982 2455 cum

574 2497 901 2564 Athenaeo
960 2497 1467 2584 grammaticum
1527 2497 1641 2583 qui
1687 2494 1928 2562 indicet
1973 2496 2346 2563 Pirithoum
2393 2494 2754 2563 νοθεύεσθαι.
2801 2495 2982 2562 Nam

573 2604 1047 2682 ἀντιλεγόμενον
1108 2604 1324 2684 δρᾶμα
1384 2602 1741 2669 secundum
1804 2602 2212 2669 Athenaeum
2269 2603 2427 2681 fuit,
2488 2604 2534 2669 i.
2559 2623 2614 2669 e.
2662 2601 2740 2668 de
2785 2604 2982 2669 cuins

570 2717 829 2778 auctore
890 2718 1076 2791 (num
1138 2709 1479 2795 Euripides
1539 2707 1853 2776 Critiasne
1916 2715 2109 2789 esset)
2173 2708 2574 2775 dubitaretur
2621 2715 2687 2774 et
2731 2710 2984 2775 ἀντιλε-

571 2816 814 2896 γόμενα
875 2836 1127 2902 quoque
1188 2818 1313 2881 tria
1370 2818 1553 2881 novit
1614 2817 1886 2901 scriptor
1949 2814 2134 2881 Vitae
2198 2814 2461 2880 minor-223.
2533 2812 2660 2880 Sed
2721 2813 2980 2881 nihilne

570 2942 827 3011 prorsus
907 2924 1174 2987 interest
1256 2922 1425 2987 inter
1492 2942 1654 3006 opus
1737 2921 2214 2999 ἀντιλεγόμενον
2291 2927 2357 2987 et
2437 2922 2978 3006 suppositicium,

571 3026 983 3107 vooevduevov?
1054 3026 1359 3096 Ceterum
1428 3049 1638 3099 nonne
1710 3025 1950 3095 Critiae
2022 3049 2252 3094 nomen
2323 3049 2581 3115 prorsus
2649 3027 2830 3094 deest
2895 3030 2974 3094 in

573 3134 785 3202 Vitis?
2779 3202 2796 3219 ‚

656 3242 793 3328 Ipsi
861 3242 1199 3309 Athenaeo
1257 3246 1578 3327 quantum
1648 3243 2046 3307 auctoritatis
2113 3244 2184 3307 in
2244 3244 2615 3329 quaestione
2680 3242 2976 3308 literaria

568 3347 974 3414 diiudicanda
1035 3347 1433 3426 tribuamus,
1481 3350 1596 3414 vix
1644 3349 1991 3433 quisquam
2039 3352 2248 3436 rogat.
2297 3347 2441 3415 Hoc
2489 3368 2697 3414 unum
2741 3368 2976 3435 rogan-

567 3457 725 3522 dum
774 3461 871 3521 est
917 3456 1175 3520 cuinam
1222 3456 1469 3521 auctori
1518 3453 1743 3519 debeat
1785 3453 1956 3539 quod
2002 3460 2240 3547 narrat.
2296 3453 2370 3519 In
2417 3454 2537 3521 hac
2584 3459 2766 3540 parte
2807 3452 2972 3521 libri

566 3584 823 3651 prorsus
884 3565 1134 3628 certum
1196 3559 1264 3626 id
1308 3582 1431 3626 non
1480 3566 1595 3626 est.
1647 3560 1737 3626 Ut
1784 3558 2064 3645 plurima
2109 3562 2177 3625 in
2221 3558 2532 3647 catalog-o
2578 3558 2972 3647 poculorum

560 3673 657 3736 ita
696 3670 814 3735 hoc
845 3668 1123 3735 Pirithoi
1160 3667 1627 3754 fragmentum,
1670 3667 1838 3754 qnod
1878 3668 2089 3733 verbis
2131 3668 2202 3747 „6
2241 3668 2344 3734 τὸν
2375 3668 2670 3748 Πειρίθοον
2695 3666 2972 3748 γράψας

565 3774 689 3841 εἴτε
732 3774 980 3855 Κριτίας
1024 3773 1189 3839 ἐστὶν
1233 3773 1261 3838 ὃ
1286 3774 1570 3853 τύραννος
1598 3774 1632 3850 ἢ
1661 3772 2035 3853 Εὐριπίδης”
2062 3780 2357 3840 ornatum
2381 3778 2510 3853 est,
2536 3772 2753 3841 deberi
2775 3774 2974 3841 Pam·

563 3881 742 3968 philo
781 3880 1036 3947 dicitur.
1087 3879 1250 3947 Ecce
1290 3881 1516 3946 verba:
1564 3880 2050 3960 πλημοχόη·
2095 3884 2304 3953 σκεῦος
2355 3884 2688 3962 κεραμεοῦν
2727 3880 2972 3957 βεμβι-

564 3988 751 4059 κῶδες
800 3987 1027 4067 ἑδραῖον
1091 3989 1337 4069 ἡσυχῆ,
1402 3976 1429 4049 ὃ
1479 3985 1835 4051 κοτυλίσκον
1881 3986 2015 4052 ἔνιοι
2064 3986 2629 4067 προσαγορεύουσιν,
2677 3984 2754 4059 ὅς
2801 3993 2966 4067 Φησι

564 4092 929 4171 Πάμφιλος.
974 4094 1247 4172 χρῶνται
1287 4091 1349 4157 δὲ
1390 4094 1555 4174 αὐτῷ
1586 4093 1646 4157 ἐν
1675 4096 1980 4160 Ἐλευσῖνι
2007 4103 2084 4173 τῦ
2112 4094 2451 4177 τελευταίᾳ
2475 4100 2590 4159 τῶν
2615 4094 2970 4173 μυστηρίων

567 4198 802 4280 ἡμέρᾳ,
869 4188 937 4270 ἣν
998 4196 1100 4263 καὶ
1164 4202 1280 4263 ἀπ’
1345 4200 1537 4264 αὑτοῦ
1600 4198 2118 4280 προσαγορεύουσι
2184 4198 2598 4280 πλημοχόας·
2667 4199 2726 4263 ἐν
2777 4196 2816 4283 ἧ
2859 4198 2972 4266 δύο

564 4302 945 4384 πλημοχόας
1009 4303 1442 4384 πληρώσαντες
1490 4307 1601 4379 τὴν
1647 4306 1762 4383 μὲν
1811 4304 1956 4386 πρὸς
2005 4307 2355 4385 ἀνατολὰς,
2403 4306 2513 4381 τὴν
2552 4304 2615 4370 δὲ
2662 4306 2812 4387 πρὸς
2859 4305 2968 4372 δύ-

562 4433 657 4475 σιν
702 4410 1144 4492 ἀνατρέπουσιν
1190 4410 1587 4489 ἐπιλέγοντες
1633 4416 1802 4495 ῥῆσιν
1845 4410 2172 4493 μυστικήν.
2221 4414 2584 4492 μνημονεύει
2637 4412 2700 4479 δὲ
2745 4414 2956 4482 αὐτῶν
