3246 5085
1243 319 1555 370 Douros.
2471 300 2605 370 199

327 488 534 554 Sabb.
573 487 822 554 Donato
859 486 1039 554 dedit
1061 488 1160 570 (3)
1185 496 1250 554 et
1275 487 1393 568 (4),
1417 487 1864 574 interpolatori
1887 487 1984 568 (1)
2010 492 2076 554 et
2098 488 2218 570 (2).
2253 488 2605 556 Assentior.

325 595 467 660 Ibid.
513 594 596 658 34
658 591 784 661 Cui
829 597 1044 681 magis
1091 596 1292 662 bonae
1337 593 1677 661 felicitates
1726 615 1951 660 omnes
1997 594 2299 662 adversae
2346 597 2515 661 sieut

323 702 412 780 (1)
469 698 886 766 Felicitas
957 701 1312 788 adversa
1379 706 1514 779 est,
1585 722 1737 766 cum
1806 720 1887 766 ex
1948 703 2373 787 prosperitate
2435 701 2603 788 quod

249 807 425 873 laedat
463 808 760 872 nascitur.
881 807 980 888 (2)
1022 807 1320 885 „Bonae”
1354 827 1649 894 magnae.
1690 807 1873 873 Nove
1898 813 2115 874 autem
2143 806 2312 874 dixit
2333 829 2603 895 magnas

247 913 540 980 felicitates
583 915 710 979 sibi
755 913 1114 995 adversari,
1156 936 1230 981 eo
1269 915 1438 1001 quod
1479 917 1805 1002 virginem
1846 919 2063 980 tantae
2100 913 2603 1000 pulchritudinis

247 1042 310 1085 ex
365 1019 552 1085 oculis
620 1023 914 1086 amiserit
930 1042 948 1100 3
1021 1043 1172 1088 nam
1243 1021 1479 1088 vidisse
1548 1042 1693 1087 eam
1762 1020 2089 1088 felicitatis
2148 1020 2392 1088 iudicat
2409 1051 2441 1101 ,·
2490 1022 2601 1090 sed

246 1128 494 1191 amisisse
551 1125 858 1192 adversae
919 1125 1267 1194 felicitatis.
1453 1126 1553 1208 (3)
1611 1127 1695 1193 Et
1760 1126 1931 1213 quod
1994 1125 2241 1193 addidit
2289 1127 2599 1208 „bonae'’‚

245 1231 326 1298 vel
379 1253 714 1319 magnae
779 1240 847 1298 et
907 1235 1222 1300 nimiae
1283 1232 1749 1320 intellig-untur
1794 1231 1899 1300 vel
1947 1235 2216 1299 ἐπίθετον
2263 1236 2597 1320 proprium

244 1347 294 1404 et
330 1347 699 1425 perpetuum
739 1338 1133 1406 felicitatum
1171 1346 1270 1406 est
1313 1341 1620 1418 „bonae''.
1672 1379 1757 1392 —
1806 1341 1904 1421 (4)
1942 1347 2001 1404 et
2038 1364 2253 1422 nra-qna
2294 1338 2597 1421 ἔμφασις,

243 1449 372 1531 qnod
391 1446 744 1532 felicitates
769 1447 1114 1529 plurabitor
1141 1447 1348 1530 ponat
1386 1447 1514 1526 (W.
1555 1460 1663 1527 c.).
1712 1485 1797 1498 —
1836 1446 2095 1512 δπίθετω
2132 1457 2351 1512 autem
2392 1448 2599 1512 tribus

243 1551 302 1617 de
330 1555 526 1618 causis
563 1554 934 1618 nominibus
973 1553 1332 1620 adduntur:
1373 1553 1811 1631 discretionis,
1843 1555 2280 1640 proprietatis,
2314 1559 2596 1620 ornatus.

241 1657 614 1724 Discretionis
669 1665 744 1723 ut
794 1666 904 1737 „et
951 1658 1279 1747 Phrygiae
1324 1659 1639 1726 molimur
1682 1661 2011 1726 montibus
2053 1657 2267 1738 Idae'’,
2315 1662 2598 1745 proprie-

239 1767 392 1844 tatis,
451 1771 528 1830 ut
591 1764 915 1843 „terribili
959 1768 1290 1852 impexum
1344 1773 1556 1832 saetae
1601 1787 1753 1832 cum
1800 1766 2099 1832 dentibus
2146 1764 2358 1831 albis'’
2406 1766 2593 1846 (Aen.

239 1871 332 1938 Vn
359 1871 534 1954 667),
575 1879 878 1952 ornatus,
917 1879 994 1938 nt
1035 1872 1248 1952 „alma
1288 1873 1531 1951 Venus,
1573 1872 1735 1940 coeli
1775 1873 1999 1939 subter
2035 1870 2317 1939 labentia
2362 1871 2593 1959 sigua'’

239 1979 418 2059 (Lucr.
466 1979 497 2045 I
545 1980 640 2061 2).

306 2086 532 2174 Incipio
581 2109 620 2154 a
667 2085 764 2169 (3)
809 2091 877 2153 et
920 2087 1020 2166 (4)
1060 2108 1258 2173 quae,
1309 2090 1366 2153 si
1410 2089 1773 2173 excipimus
1822 2084 2143 2152 emblema
2180 2107 2219 2152 a
2264 2084 2595 2152 Wessnero

239 2200 530 2272 notatum,
578 2215 787 2258 unum
835 2191 1155 2260 scholium
1203 2197 1608 2260 constituunt
1647 2193 1897 2260 Donato
1934 2192 2407 2279 adsignandum
2444 2214 2597 2258 cum

241 2305 458 2385 propter
501 2302 866 2366 iustissima
909 2299 1238 2386 exempla,
1289 2307 1432 2366 tum
1484 2305 1743 2388 propter
1781 2298 2063 2386 aliquam
2102 2301 2593 2385 congruentiam

235 2423 354 2470 cum
395 2407 834 2493 epithetorum
881 2407 1198 2473 divisione
1245 2405 1414 2492 apud
1461 2405 1765 2473 Servium
1814 2405 1892 2472 ad
1932 2406 2091 2472 Aen.
2133 2404 2164 2469 1
2208 2403 2367 2472 1¹78:
2420 2409 2593 2491 „epi-

239 2511 386 2577 theta
448 2560 463 2577 .
493 2563 508 2579 .
541 2562 558 2579 .
621 2518 738 2578 aut
791 2511 872 2578 ad
929 2519 1399 2600 augmentum,
1462 2519 1576 2579 aut
1625 2511 1705 2579 ad
1752 2511 2301 2591 diminutionum,
2348 2519 2465 2578 aut
2512 2511 2591 2579 ad

233 2617 806 2685 discretionem
843 2622 995 2705 poni
1035 2618 1319 2697 solent”;
1361 2642 1477 2686 nec
1513 2641 1641 2687 non
1682 2622 2020 2687 verissima
2058 2623 2211 2685 sunt
2248 2640 2411 2705 quae
2435 2619 2593 2687 dicit

233 2724 292 2790 de
349 2726 588 2813 duplici
658 2726 1133 2813 significatione
1199 2726 1503 2792 adiectivi
1579 2728 1618 2791 b
1640 2748 1676 2791 o
1698 2748 1741 2791 n
1762 2748 1872 2792 us.
2057 2725 2231 2791 Hinc
2298 2727 2593 2811 sequitur

233 2831 392 2897 schol.
429 2834 548 2914 (2),
597 2834 712 2899 ubi
764 2833 1052 2910 „bonae”
1102 2856 1183 2883 =
1219 2853 1494 2920 magnae
1542 2840 1911 2911 sumuntur,
1960 2852 2155 2919 quam
2203 2832 2590 2899 decisionem

231 2934 291 3002 D.
329 2942 573 3018 omisit,
621 2938 790 3005 alius
834 2960 970 3006 esse
1017 2942 1332 3019 auctoris,
1379 2961 1504 3006 uon
1549 2937 1799 3025 illepidi
1847 2939 2105 3025 quidem
2126 2988 2143 3018 ,
2186 2944 2260 3004 ut
2300 2944 2397 3003 est
2436 2960 2589 3004 non·

231 3064 550 3130 numquam
611 3044 736 3110 IP.
807 3045 1073 3110 Accedit
1141 3052 1361 3111 autem
1433 3046 1586 3123 boc,
1657 3044 1831 3132 quod
1892 3047 2145 3111 concisa
2204 3050 2271 3111 et
2330 3043 2589 3133 elegans

233 3148 478 3217 definitio
524 3150 900 3229 „felicitatis
948 3150 1292 3218 adversae'’
1335 3154 1402 3216 in
1442 3151 1541 3232 (1)
1579 3152 1834 3218 Donato
1879 3151 2261 3238 dignissima
2306 3151 2585 3232 videtur,

233 3262 284 3319 at
333 3248 470 3323 cum
533 3259 654 3324 hoc
701 3278 954 3343 quoque
999 3280 1127 3323 non
1173 3257 1446 3344 quadrat
1490 3258 1608 3340 (2),
1658 3260 1771 3324 ubi
1820 3258 2169 3337 „adversae
2216 3257 2427 3323 sient’'
2478 3258 2589 3323 du-

232 3364 370 3427 citur
423 3386 458 3430 a
521 3364 719 3429 verbo
767 3364 1224 3431 adversari.
1298 3364 1522 3451 Itaque
1571 3363 1917 3444 concludo,
1965 3362 2293 3430 Donatum
2342 3364 2587 3431 dedisse

235 3467 311 3546 (l)
359 3470 449 3551 (3)
509 3478 578 3536 et
637 3469 734 3549 (4)
792 3472 930 3536 sine
993 3469 1380 3537 emblemate
1410 3471 1479 3552 ¹),
1550 3472 1883 3538 Editorem
1946 3472 2289 3537 inseruisse
2356 3470 2454 3551 (2)
2524 3476 2590 3536 et

237 3574 460 3641 initium
523 3581 632 3641 τοῦ
687 3576 806 3656 (4),
868 3579 1108 3643 omisso
1169 3578 1287 3658 (3),
1351 3578 1526 3664 quod
1585 3576 1983 3665 Compilator
2026 3576 2233 3643 denuo
2277 3578 2345 3642 in
2392 3596 2587 3643 suum

233 3676 411 3747 locum
453 3685 776 3762 restituit,
817 3686 972 3749 satis
1011 3684 1268 3769 stupide
1306 3690 1453 3750 ante
1491 3683 2045 3770 interpolationem
2086 3682 2313 3749 scholii
2337 3686 2548 3768 quarti
2567 3702 2584 3761 ;

235 3786 322 3851 sed
359 3788 506 3856 talia
553 3788 667 3855 ille
713 3813 838 3855 non
887 3789 1170 3856 curabat.

303 3890 516 3962 Sabb.
567 3895 764 3982 louge
809 3895 995 3961 aliter
1044 3897 1140 3976 (1)
1187 3894 1284 3975 (3)
1333 3902 1399 3961 et
1442 3895 1539 3977 (4)
1586 3895 1915 3963 inclinatis
1960 3895 2197 3961 litteris
2236 3897 2585 3980 expressit,

236 3998 334 4062 uisi
373 4002 531 4085 quod
551 4052 568 4080 ,
616 4008 870 4088 praeter
915 4001 1033 4082 (2),
1083 4004 1282 4067 etiam
1325 4004 1592 4067 initium
1642 4001 1869 4068 scholii
1915 4004 2127 4087 quarti
2173 4000 2251 4065 de
2297 4003 2589 4088 emphasi

239 4099 445 4172 Donato
491 4108 778 4194 reliquit.

305 4209 446 4279 Ibid.
493 4215 581 4280 40
641 4213 844 4280 Illum
888 4215 1092 4303 liquet
1142 4215 1308 4281 mihi
1354 4215 1637 4283 deierare

293 4454 338 4519 1)
368 4456 466 4507 Hoc
496 4474 686 4524 quoque
719 4458 902 4509 redolet
931 4458 1026 4519 IP,
1059 4458 1144 4523 qui
1176 4461 1310 4509 ,amat
1343 4456 1568 4522 ’ἔμφασιν
1601 4461 1653 4507 et
1686 4453 2105 4521 ἂμφατικῶτερον.
