3246 5085
1287 370 1574 422 murus.
2484 357 2611 425 131

1141 535 1451 603 exsiliunt
1494 537 1697 602 crines
1744 535 2099 624 rigidisque
2144 536 2389 605 laborat

511 642 679 705 vitta
724 642 958 717 comis,
1007 660 1120 706 nec
1166 640 1330 707 colla
1373 640 1513 708 loco
1559 664 1675 708 nec
1718 645 1787 708 in
1835 642 2055 709 ordine
2098 664 2376 730 gressus.

238 745 327 810 At
384 764 540 810 vero
601 743 679 809 ad
736 744 1078 812 lectionem
1135 747 1437 812 traditam
1486 748 1788 813 tuendam
1838 748 2065 815 multis
2109 770 2267 835 opus
2311 771 2436 815 non
2481 772 2617 817 esse

237 851 451 916 verbis
496 849 787 917 ostendet
830 851 1010 918 locus
1059 851 1293 917 similis
1341 855 1454 939 qui
1499 859 1594 919 est
1640 874 1737 919 vs.
1788 853 1956 921 855:

509 957 844 1022 infremuit
889 960 1316 1045 torsitque
1360 979 1615 1046 genas
1662 965 1727 1025 et
1774 960 1979 1025 fronte
2023 960 2246 1027 relicta

513 1084 841 1130 surrexere
884 1085 1123 1131 comae.
1181 1140 1186 1145 ,

241 1169 434 1235 Hunc
476 1170 701 1236 iudicii
745 1192 1023 1237 errorem
1069 1171 1213 1237 laus
1257 1172 1383 1238 loci
1429 1170 1701 1259 denique
1740 1178 1907 1239 recte
1946 1176 2280 1240 constituti
2316 1176 2621 1262 quodam-

239 1275 427 1342 modo
472 1282 861 1363 compensat.

327 1379 436 1447 Vs.
488 1380 620 1447 684
679 1383 950 1449 editores
1010 1382 1294 1449 codicem
1354 1383 1755 1449 Puteaneum
1816 1386 2021 1450 secuti
2065 1384 2237 1452 fideli
2284 1386 2617 1453 concordia

233 1476 557 1553 recensere
618 1487 907 1555 solebant
965 1490 1020 1553 it
1074 1492 1287 1572 pelaqo
1347 1512 1555 1554 secura
1617 1490 1773 1554 ratis
1818 1528 1905 1539 —-
1954 1490 2203 1557 Garrod
2266 1494 2520 1577 primus
2584 1514 2618 1559 e

235 1593 412 1659 codd.
463 1592 596 1658 ΕΚ
641 1597 928 1680 reposuit
963 1596 1194 1678 pelaqaess,
1237 1592 1442 1681 quod,
1499 1598 1554 1661 si
1601 1594 1835 1661 'I'hetin
1876 1599 2214 1675 timerent,
2256 1604 2323 1665 at
2362 1604 2621 1686 propter

234 1698 524 1786 pelagus.
571 1699 678 1765 Sic
723 1698 856 1765 esti
906 1706 972 1766 et
1015 1700 1232 1768 locum
1281 1724 1359 1767 ex
1402 1704 1543 1787 ipso
1590 1707 1885 1787 poemate
1932 1703 2161 1769 addere
2199 1711 2449 1789 poterat
2493 1727 2619 1791 quo

237 1804 401 1869 hanc
458 1804 797 1871 lectionem
860 1808 1045 1872 unice
1093 1828 1310 1872 veram
1359 1828 1494 1873 esse
1541 1807 2041 1887 demonstraret,
2092 1830 2176 1875 sc.
2225 1831 2321 1876 vs.
2372 1810 2457 1875 43
2484 1832 2618 1898 sqq.

236 1910 351 1975 ubi
396 1908 620 1975 Thetis
666 1912 832 1975 irata
879 1910 1228 1978 exclamat:

509 2036 636 2080 non
679 2018 862 2102 potui
909 2016 1134 2082 infelix
1156 2067 1172 2095 ,
1221 2038 1371 2083 cum
1417 2019 1704 2105 primum
1752 2021 2017 2106 gurg-ite
2064 2025 2280 2086 nostro

511 2120 830 2187 Rhoeteae
879 2122 1154 2188 cecidere
1202 2123 1411 2188 trabes
1431 2172 1447 2201 ,
1497 2122 1791 2189 attollere
1837 2145 2153 2211 mag-num

511 2247 744 2311 aequor
788 2234 857 2292 et
897 2229 1124 2293 incesti
1171 2228 1511 2314 praedonis
1555 2228 1705 2294 vela
1750 2229 2170 2315 profunda

509 2336 1022 2417 tempestate
1068 2337 1248 2420 sequi
1297 2340 1682 2419 cunctasque
1726 2335 1961 2400 inferre
2008 2334 2297 2402 sorores?

231 2436 308 2502 In
354 2438 454 2503 his
487 2438 814 2523 profunda
861 2445 1201 2521 tempestate
1225 2466 1304 2491 =
1327 2445 1713 2525 tempestate
1756 2442 1825 2504 in
1863 2440 2178 2526 profundo
2221 2444 2450 2522 maris,
2500 2444 2619 2509 sub

231 2545 450 2629 aquis,
499 2546 591 2609 ita
638 2549 714 2608 ut
759 2547 1125 2630 tempestati
1172 2546 1430 2632 qualem
1477 2545 1718 2612 Aeolus
1766 2549 1978 2612 ventis
2019 2551 2154 2613 suis
2193 2570 2383 2636 supra
2423 2571 2619 2635 aquas

232 2650 398 2714 ciere
443 2647 641 2726 solet,
691 2652 872 2734 quasi
919 2652 1004 2715 sit
1050 2653 1382 2717 contraria.
1433 2651 1532 2715 Ad
1577 2652 1749 2717 hunc
1786 2651 2002 2718 locum
2042 2659 2331 2739 spectant
2370 2677 2614 2734 versus,

231 2754 466 2839 quibus
511 2759 700 2839 poeta
744 2755 938 2821 verba
985 2777 1022 2820 a
1069 2754 1378 2824 Garrodio
1424 2760 1725 2822 restituta
1768 2755 2157 2825 illustravit:

1276 2865 1512 2948 quippe
1560 2861 1693 2927 alta
1740 2861 2048 2928 Tonantis

329 2963 458 3032 685
504 2967 678 3031 iussa
723 2965 956 3031 Thetin
1008 2971 1208 3033 certas
1255 2969 1536 3033 fatorum
1586 2973 1833 3033 vertere
1879 2968 2058 3054 leges

506 3073 801 3138 arcebant
846 3093 1109 3160 aegram
1153 3073 1438 3140 lacrimis
1485 3095 1557 3140 ac
1601 3072 1813 3140 multa
1858 3077 2195 3142 timentem
2215 3124 2232 3154 ,

506 3176 675 3264 quod
720 3200 847 3244 non
893 3186 1144 3245 erueret
1190 3185 1462 3265 pontum
1508 3182 1845 3265 ventisque
1891 3180 2195 3266 fretisque

507 3283 806 3349 omnibus
853 3287 1138 3350 invisum
1187 3288 1317 3350 iam
1368 3291 1520 3351 tunc
1569 3290 1939 3370 sequeretur
1984 3285 2267 3353 Ulixem.

231 3387 500 3475 Insuper
562 3391 837 3455 conferri
895 3397 1110 3476 potest
1170 3413 1267 3459 vs.
1318 3391 1486 3458 233:
1535 3391 1883 3479 celerisque
1928 3414 2224 3460 recursus
2270 3413 2615 3463 securus

229 3494 521 3582 pelagi
567 3493 808 3562 Chiron
854 3501 1043 3562 rotat.

321 3599 458 3666 Iam
499 3599 576 3667 de
616 3603 996 3668 coniecturis
1035 3623 1191 3689 quas
1228 3605 1294 3667 in
1331 3611 1641 3690 apparatu
1682 3604 1886 3670 editor
1906 3608 2240 3691 proposuit
2258 3605 2611 3674 videamus.

227 3705 304 3771 In
365 3706 602 3791 quibus
667 3727 1058 3792 quamquam
1118 3707 1458 3774 nonnullae
1518 3711 1785 3775 minime
1848 3711 2231 3795 spernendae
2291 3712 2612 3792 videntur,

227 3811 402 3876 haud
462 3810 651 3877 facile
715 3815 1016 3898 cuiquam
1064 3833 1214 3878 eum
1262 3835 1720 3900 persuasurum
1762 3818 1955 3899 put-o,
2003 3837 2098 3881 vs.
2153 3815 2276 3883 171
2326 3839 2442 3902 pro
2474 3821 2613 3902 fido

228 3915 580 4002 legendum
620 3938 790 3983 esse:
842 3919 1044 4006 bifld0.
1085 3918 1353 3985 Addidit
1396 3920 1508 3985 ille
1548 3918 1845 4005 quidem:
1894 3921 1938 3986 i.
1965 3943 2014 3986 e.
2054 3921 2123 3984 in
2162 3921 2371 3986 limine
2406 3924 2574 3988 antri
2594 3971 2611 4002 ,

227 4022 374 4100 sed,
449 4023 670 4100 credo,
732 4024 1062 4108 epitheton
1131 4024 1208 4090 de
1278 4023 1582 4092 Centauri
1652 4024 1919 4110 ungulis
1987 4030 2225 4092 rectius
2295 4027 2615 4095 diceretur

226 4147 420 4213 quam
484 4127 560 4192 de
607 4126 834 4193 limine
873 4129 1159 4215 quolibet
1207 4133 1343 4196 sive
1390 4131 1558 4196 antri
1604 4151 1719 4195 sen
1768 4131 2013 4196 domus.
2064 4131 2209 4219 Ipso
2256 4155 2372 4199 suo
2417 4137 2612 4199 inter-

224 4237 622 4320 pretamento
662 4236 765 4299 vir
804 4233 1030 4300 doctus
1067 4237 1231 4301 mihi
1275 4235 1534 4322 quidem
1573 4243 1823 4302 metum
1861 4239 2082 4304 iniecit
2118 4260 2197 4303 ne
2229 4237 2406 4306 locus
2443 4241 2612 4308 male

221 4337 588 4405 intellectus
657 4342 796 4405 eius
865 4343 1260 4408 coniecturae
1332 4347 1498 4408 esset
1560 4345 1784 4428 origo:
1860 4345 1993 4409 iam
2056 4347 2287 4423 timeo,
2353 4367 2433 4411 ne
2472 4349 2611 4432 fido

225 4444 521 4510 dativum
582 4465 719 4510 esse
781 4445 1037 4512 duxerit
1100 4447 1180 4513 ad
1240 4448 1372 4512 visa
1435 4454 1520 4512 eet
1573 4451 2002 4532 pertinentem
2049 4467 2196 4534 pro:
2244 4473 2283 4513 a
2309 4453 2449 4535 fido
2496 4457 2611 4533 (sc.
