3246 5085
632 317 767 386 284
1677 330 1984 382 nonnus.

636 501 780 590 Ego
852 499 1014 568 addo
1069 499 1388 568 emblema
1448 521 1562 586 per
1620 507 1679 565 et
1735 499 1920 565 simzd
1976 501 2044 564 in
2107 497 2224 580 (4),
2287 499 2457 586 qnod
2517 501 2574 565 si
2633 497 3035 576 eliminatur,

635 611 913 695 emergit
958 630 1164 674 unum
1210 607 1531 675 scholium
1582 608 1964 674 continuum
2011 604 2107 688 (3)
2129 605 2348 688 -Ι-(4).

721 824 753 890 I
802 824 863 891 3.
892 823 955 890 8.
998 828 1206 891 Ant.
1271 826 1359 891 At
1420 845 1545 890 non
1610 822 1930 890 cotidiana
1990 843 2145 890 cura
2193 823 2349 889 haec
2397 827 2664 911 angeret
2706 825 3030 888 animum.

631 931 766 997 Ph.
833 930 1042 996 Audio
1224 930 1322 1012 (2)
1382 929 1683 1008 „Audio”
1747 951 1862 1016 per
1920 929 2222 1010 εἰρωνείαν
2271 928 2510 995 dicitur
2555 928 2746 994 modo
2790 949 2828 995 a
2873 949 3030 994 con—

631 1042 959 1102 temnente
1040 1035 1289 1102 dictum
1357 1035 1768 1121 Antiphonis.
1931 1033 2028 1116 (3)
2094 1033 2325 1100 Omnia
2393 1032 2641 1101 deridet
2707 1033 3031 1100 Phaedria

633 1146 895 1229 cupiens
940 1142 1223 1209 fructum
1269 1144 1506 1208 amoris
1553 1141 1658 1208 vel
1705 1140 2006 1227 periculis
2055 1141 2357 1227 adipisci,
2405 1145 2504 1207 est
2549 1161 2704 1228 erg-o
2745 1138 3028 1220 „audio”

635 1248 898 1329 εἰρωνεία
945 1269 1060 1336 pro
1109 1269 1276 1326 „non
1323 1247 1581 1328 andio'’,
1633 1249 1752 1314 hoc
1798 1251 1929 1313 est:
1981 1247 2150 1313 nihil
2193 1247 2373 1314 dicis.

723 1355 961 1421 Utrum
1022 1351 1423 1442 genuinum?
1483 1353 1557 1420 In
1617 1355 2008 1441 praegressis
2075 1354 2361 1440 Antipho
2421 1353 2781 1441 perhibuit,
2829 1351 3030 1423 malle

632 1484 698 1528 se
760 1483 885 1528 non
947 1464 1230 1548 potitum
1292 1482 1428 1527 esse
1485 1463 1693 1527 amica
1739 1483 1935 1548 quam
1980 1463 2136 1548 angi
2182 1461 2568 1527 conscientia
2612 1459 2914 1527 facinoris
2961 1463 3033 1524 in

630 1574 903 1655 patrem.
967 1567 1285 1634 Phaedria
1330 1567 1716 1653 respondens
1765 1567 2066 1646 „Audio”
2115 1573 2431 1633 monstrat
2476 1588 2542 1632 se
2589 1566 2777 1633 nihili
2821 1567 3031 1633 facere

627 1673 816 1741 illam
878 1674 1395 1761 perhibitionem.
1466 1673 1749 1740 Eatenus
1813 1675 2017 1763 igitur
2063 1672 2440 1739 scholiastae
2487 1675 2864 1753 concinunt,
2915 1673 3030 1739 sed
3129 1758 3140 1768 ·

632 1780 798 1867 quod
858 1783 928 1845 in
989 1779 1085 1862 (3)
1131 1779 1389 1846 additur
1434 1780 1513 1846 de
1557 1779 1877 1872 Phaedria
1923 1781 2088 1847 mire
2134 1782 2493 1867 cogitatum
2541 1783 2606 1845 et
2649 1801 3028 1866 expressum

630 1894 761 1953 est:
805 1889 1073 1953 minime
1114 1889 1428 1966 „omnia
1466 1886 1777 1965 deridet”,
1817 1887 1982 1952 etde
2010 1885 2400 1973 „periculis”
2427 1889 2718 1972 quaestio
2743 1909 2862 1952 non
2889 1892 3025 1966 est,

632 1993 742 2060 sed
790 1993 867 2059 de
914 1995 1335 2060 conscientiae
1382 2014 1618 2080 angore
1636 2014 1653 2073 3
1696 1992 1968 2078 denique
2006 1995 2298 2078 quisquis
2337 1995 2534 2058 etiam
2576 1991 2694 2058 tali
2731 1995 3026 2080 cynismo

636 2123 764 2167 non
811 2100 1092 2179 laborat,
1143 2105 1357 2166 tamen
1402 2099 1652 2165 dictum
1701 2100 2089 2188 Antiphonis
2135 2121 2259 2165 non
2306 2105 2532 2186 magni
2577 2100 2789 2166 faciet.

724 2206 889 2288 Ibid.
940 2206 1023 2272 12
1092 2205 1261 2272 Nam
1324 2211 1437 2272 tua
1496 2206 1759 2293 quidem
1808 2205 2020 2272 hercle
2065 2212 2237 2272 certo
2287 2208 2426 2274 vita
2472 2207 2626 2272 haec
2673 2204 3026 2293 expetenda

635 2312 1037 2399 optandaque
1082 2318 1180 2378 est
1370 2305 1375 2312 ’

724 2419 1013 2485 Donatus
1061 2419 1216 2505 quid
1260 2421 1344 2484 sit
1389 2421 1528 2486 vita
1571 2420 1636 2485 h.
1662 2419 1708 2484 1.
1759 2421 1850 2486 sic
1895 2418 2210 2484 declarat:
2274 2418 2370 2500 (3)
2421 2419 2641 2498 „vita”
2689 2425 2909 2485 autem
2958 2424 3025 2484 et

634 2548 841 2593 mores
880 2525 1232 2613 significat,
1275 2530 1340 2593 et
1376 2528 1670 2592 animum
1692 2575 1708 2605 ,
1749 2531 1815 2592 et
1855 2524 2257 2605 alimentum,
2297 2531 2363 2592 et
2401 2527 2687 2612 spatium
2721 2523 3020 2603 vivendi,

633 2641 700 2701 et
769 2634 1192 2700 fortunam
1256 2632 1779 2699 accidentem
1842 2633 2491 2699 viventibus-ut
2549 2633 2760 2699 modo.
2899 2631 3019 2698 Ed.

632 2741 753 2807 hoc
820 2743 1187 2827 praemisit:
1256 2737 1354 2821 (2)
1428 2738 1649 2817 „vita”
1713 2740 1914 2817 dixit,
1982 2744 2058 2804 ιιι
2117 2738 2510 2818 ostenderet,
2576 2741 2835 2804 etiamsi
2893 2760 3020 2803 non

630 2846 909 2913 felicitas
954 2846 1064 2912 sed
1112 2847 1250 2911 vita
1295 2845 1564 2924 dicatur,
1605 2844 1950 2931 optandam
1991 2866 2148 2911 esse.
2289 2846 2574 2923 Mirum,
2615 2850 2874 2932 poetam
2915 2843 3021 2912 vel

629 2952 1012 3019 Phaedriam
1077 2952 1155 3017 de
1217 2950 1336 3017 tali
1395 2972 1463 3016 re
1526 2950 1918 3017 ostendenda
1981 2954 2316 3037 cogitasse.
2387 2950 2461 3017 In
2524 2950 2620 3033 (3)
2685 2950 2846 3018 Don.
2909 2972 3022 3038 per

635 3058 941 3138 „autem”
990 3059 1111 3123 hoc
1156 3055 1473 3124 scholium
1519 3060 1819 3123 iunxerat
1865 3078 2014 3123 cum
2061 3058 2178 3139 (1).

724 3273 755 3338 I
816 3272 879 3338 4.
908 3272 969 3339 9.
1040 3272 1136 3338 De
1195 3270 1437 3339 scholio
1499 3272 1597 3355 (6)
1661 3272 1740 3337 ab
1800 3271 2064 3338 Editore
2122 3271 2507 3359 interpolato
2566 3274 2635 3338 in
2697 3278 3020 3359 postremo

629 3382 838 3467 capite
884 3400 1100 3467 agam.

720 3486 880 3552 Ibid.
935 3485 1015 3551 15
1085 3484 1210 3552 Sed
1270 3486 1385 3550 ubi
1446 3485 1884 3572 Antiphonem
1947 3483 2303 3570 reperiam?
2361 3487 2498 3550 Aut
2541 3505 2671 3571 qua
2717 3506 3016 3571 quaerere

629 3596 925 3660 insistam
974 3590 1119 3658 via?

722 3700 819 3782 (1)
868 3698 1076 3779 „Sed”
1123 3720 1237 3786 pro
1284 3719 1476 3785 ergO,
1524 3704 1600 3765 ut
1639 3702 1761 3764 sit:
1809 3719 1964 3785 ergo
2004 3699 2120 3764 ubi
2156 3700 2236 3763 A.
2281 3697 2642 3785 reperiam?
2783 3697 2880 3781 (2)
2918 3700 3016 3765 An

629 3806 735 3873 hic
774 3828 888 3893 pro
925 3804 1049 3871 fine
1088 3807 1435 3891 superioris
1475 3808 1829 3871 sententiae
1877 3810 2006 3880 est,
2055 3811 2132 3870 ut
2177 3803 2542 3883 Sallustius,
2599 3805 2748 3893 „sed
2793 3803 3020 3872 Metel-

626 3912 730 3979 lus
788 3915 855 3977 in
918 3911 1296 3977 ulteriorem
1358 3912 1799 3997 provinciam”
1863 3912 2175 3997 (fragm)
2318 3910 2418 3993 (3)
2483 3910 2911 3997 „Reperiam”
2963 3912 3018 3977 si

626 4018 864 4085 alicubi
909 4024 1144 4097 cesset,
1212 4024 1368 4096 „aut
1414 4038 1540 4103 qua
1587 4039 1647 4102 q.
1674 4019 1718 4083 i.
1745 4016 1854 4083 v.’'
1903 4020 1959 4083 si
2004 4016 2244 4083 alicubi
2294 4016 2606 4083 ambules.
2657 4054 2744 4068 --
2791 4017 3017 4082 Omnis

626 4128 832 4204 enim,
882 4127 995 4209 qui
1040 4126 1390 4210 quaeritur,
1440 4128 1554 4189 aut
1602 4130 1806 4189 cessat
1853 4128 1966 4188 aut
2013 4122 2325 4189 ambulat.

718 4228 813 4295 De
863 4229 1057 4307 „sed”
1107 4230 1263 4297 haec
1306 4232 1567 4315 insuper
1604 4230 1954 4295 habemus:
1996 4229 2194 4295 Andr.
2231 4229 2389 4316 prol.
2437 4229 2516 4295 11
2565 4230 2732 4310 „Sed
2755 4230 3014 4296 tamen”

624 4335 921 4402 discretio
958 4342 1056 4400 est
1095 4358 1131 4400 a
1174 4337 1628 4421 superioribus.
1685 4334 1747 4399 ΙΙ
1790 4334 1849 4402 1.
1899 4334 1984 4400 10
2010 4334 2105 4415 (2)
2151 4334 2313 4413 „Sed
2339 4335 2756 4422 Pamphilum
2782 4336 3013 4403 video”

622 4448 725 4524 (ut
771 4442 833 4507 h.
860 4441 935 4524 l.)
984 4440 1177 4520 „sed”
1226 4444 1629 4528 inceptivum
1680 4448 1813 4522 est,
1861 4449 1937 4508 ut
1981 4441 2328 4509 Sallustius
2375 4445 2640 4524 (citatur
2663 4442 2833 4509 idem
2861 4451 3010 4525 01.)ss
