3246 5085
637 315 772 384 254
1677 331 1970 382 monus.

634 519 762 563 non
798 499 1028 564 habuit
1067 497 1532 575 Reitzenstein,
1577 535 1663 546 —
1705 517 1854 562 nam
1894 499 2119 585 fugere
2158 518 2308 563 eum
2349 520 2475 564 non
2516 503 2764 586 potuit,
2804 539 2893 550 —
2936 500 3033 566 dei

631 603 862 671 nomen
901 607 968 670 in
1008 605 1238 671 Lexioo
1279 603 1670 690 Segueriano
1704 611 1801 670 est
1838 607 1908 668 Ἠ
1936 607 2015 669 λι’
2034 629 2133 682 ου,
2176 612 2393 692 aperto
2419 609 2610 685 vitio,
2638 627 2786 672 nam
2814 611 3033 694 agitur

633 713 766 788 περὶ
833 718 948 775 τῶν
1011 714 1240 788 άγυιῶν
1307 717 1372 776 et
1435 733 1665 777 verum
1714 711 1976 798 praebet
2021 711 2511 796 Harpocration.
2560 711 2741 792 Quod
2794 715 3030 778 vitium

631 821 906 883 correxit
945 817 1104 883 olim
1146 817 1344 885 Cobet
1370 817 1512 884 Var.
1557 817 1766 884 Leet.⁹
1791 818 1986 904 praef.
2016 839 2078 904 p.
2106 836 2240 895 ΧΠ,
2275 818 2474 883 simul
2496 819 2778 884 indicato
2802 819 3025 884 eodem

633 944 846 989 errore
881 925 1113 990 Aneed.
1151 924 1354 990 Bekk.
1393 923 1545 1002 344,
1579 924 1663 988 10
1702 926 2071 990 commisso:
2107 923 2396 996 άδιούνιος
2426 961 2507 972 -
2532 911 3035 1003 ἰωῑῑιοάιῖιοὺ-

649 1033 855 1102 νιος]
887 1030 930 1110 ¹)
973 1068 1057 1080 —
1099 1036 1355 1110 ταῦρος·
1407 1032 1434 1094 ὃ
1478 1029 1706 1107 ἥλιος
1752 1033 1865 1097 ὑπὸ
1907 1037 2025 1094 τῶν
2068 1036 2307 1108 Κρητῶν
2346 1029 2537 1103 οὕτως
2572 1031 2879 1111 λέγεται,
2922 1033 3035 1098 ubi

627 1137 789 1202 item
851 1136 947 1216 id,
1017 1136 1183 1224 quod
1249 1139 1616 1203 coniectura
1662 1136 1819 1203 olim
1867 1143 2197 1202 assecutus
2242 1145 2339 1203 est
2385 1136 2850 1216 Ruhnkenius‚
2899 1141 3030 1204 iam

628 1245 890 1329 praebet
937 1245 1160 1309 Photii
1207 1243 1487 1309 lexicon:
1533 1245 1561 1308 ὅ
1609 1244 2045 1309 Ἀπόλλων.
2094 1243 2385 1309 Tertium
2437 1242 2726 1310 eiusdem
2776 1247 3073 1331 generis·

627 1348 921 1436 sphalma
980 1350 1222 1416 ibidem
1286 1355 1564 1417 correxit
1611 1348 1844 1416 Cobet:
1894 1350 2131 1416 Aneed.
2183 1349 2385 1416 Bekk.
2436 1350 2589 1430 443,
2618 1349 2702 1416 31
2758 1359 2921 1430 τρεῖς
2968 1352 3033 1416 δὲ

628 1455 793 1529 θεοὺς
843 1455 1089 1534 ὤμνυον,
1143 1457 1302 1535 Δία,
1357 1458 1754 1540 Δήμητρα[ν]
1804 1455 1908 1521 καὶ
1956 1454 2262 1534 Ἥλιον,
2311 1455 2357 1522 l.
2410 1457 2914 1522 Ἀπόλλωνα.

722 1675 829 1754 33,
855 1675 943 1741 22
967 1697 1060 1728 ‘=
1099 1676 1332 1742 Aneed.
1377 1676 1578 1742 Bekk.
1628 1676 1781 1756 342,
1810 1676 1873 1742 8.
1917 1716 2001 1726 -
2042 1677 2417 1757 Ἀδράστεια
2456 1677 2753 1743 Nemesis
2791 1699 3026 1744 nomen

628 1803 666 1847 a
724 1780 1049 1848 nonnullis
1109 1784 1516 1866 repetebatur
1561 1785 1686 1848 άπὸ
1738 1782 2079 1861 Ἀδράστου
2128 1791 2233 1850 τοῦ
2284 1790 2672 1850 παλαιοῦ.
2734 1783 3027 1871 Legatur

629 1894 735 1954 τοῦ
783 1894 1121 1955 Ταλαοῦ
1170 1911 1320 1956 eum
1364 1889 1655 1956 Dobraeo
1703 1890 1988 1972 (Naber).

707 2092 829 2172 35,
856 2093 898 2158 4
943 2123 1022 2149 ---
1069 2093 1306 2160 Auecd.
1349 2093 1553 2160 Bekk.
1597 2093 1752 2173 346,
1785 2096 1843 2160 1.
1887 2132 1972 2143 —-
2015 2095 2382 2167 Ἀδώνιος
2425 2095 2808 2175 Φερεκράτης
2849 2093 3023 2160 εἶπεν

628 2202 767 2266 ἀντὶ
817 2205 923 2265 τοῦ
971 2200 1308 2274 Ἀδώνιδος.
1357 2203 1530 2279 λέγει
1581 2201 1646 2266 δὲ
1696 2205 1800 2267 καὶ
1848 2203 1959 2275 την
2011 2203 2361 2276 αἰτιατικὴν
2410 2205 2513 2267 τὸν
2560 2203 2951 2269 Ἀδώνιοι

679 2350 694 2367 .
718 2304 1034 2393 Coi-rupta
1091 2307 1248 2373 haee
1309 2328 1443 2374 esse
1462 2357 1477 2388 ,
1542 2313 1768 2394 utpote
1830 2310 1953 2375 sibi
2010 2311 2403 2395 pugnantia,
2466 2307 2736 2396 legenda
2798 2316 3021 2375 autem

619 2413 960 2484 Ἀδωνος
1023 2420 1088 2479 et
1144 2412 1491 2492 Ἄδωνιν,
1557 2414 1778 2481 docuit
1842 2413 2044 2482 Cobet
2095 2413 2235 2480 Var.
2306 2414 2480 2481 Leot.
2546 2439 2607 2502 p.
2677 2415 2808 2482 182
2870 2415 3020 2483 coll.

623 2519 945 2607 Hesych.:
987 2521 1234 2588 ’Ἂδωνά
1258 2544 1272 2560 ·
1322 2522 1424 2587 τὸν
1465 2523 1745 2588 Ἄδωνιν.
1796 2519 1920 2589 Oui
1959 2524 2323 2609 praeiverat
2361 2522 2661 2589 Meineke
2700 2523 2806 2589 F'r.
2833 2520 3017 2591 Gom.

622 2626 686 2691 11
727 2625 858 2693 694
891 2628 1139 2694 Ἀδωνα
1180 2628 1575 2707 eonioiendo,
1615 2632 1983 2716 genitivum
2024 2630 2239 2695 tamen
2281 2651 2407 2695 non
2454 2636 2744 2717 tangens.
2790 2630 3019 2695 Fidem

624 2739 842 2801 autem
887 2735 990 2799 hie
1033 2737 1274 2801 criticis
1319 2756 1524 2821 neque
1572 2734 1899 2802 Kockium
1944 2736 2246 2802 habuisse
2294 2736 2399 2817 (ad
2448 2736 2695 2805 Cratini
2736 2738 2811 2801 fr.
2856 2735 3019 2817 376)

623 2862 829 2926 neque
869 2878 952 2890 —
994 2843 1120 2907 nisi
1167 2863 1316 2907 eum
1356 2842 1602 2930 fugerit
1638 2846 1945 2909 eorrectio
1988 2882 2068 2894 -
2114 2843 2711 2923 Reitzensteinium,
2751 2864 3021 2931 magno·

623 2968 771 3033 pere
821 2969 1038 3015 miror.

715 3136 966 3205 Ultima
1003 3138 1200 3205 huius
1237 3135 1488 3224 glossae
1528 3138 1754 3204 verba:
1799 3138 1973 3202 άλλὰ
2014 3140 2117 3202 καὶ
2162 3139 2611 3218 Ἀριστοφάνης
2653 3139 2783 3203 καὶ.
2808 3136 3015 3219 ἕτεροι.

623 3244 876 3323 λέγουσι
927 3242 988 3308 δὲ
1039 3244 1144 3309 καὶ
1184 3242 1444 3308 ’Ἀδωνιν
1492 3244 1678 3309 αὐτὸν
1726 3246 2032 3315 πολλάκις
2083 3242 2293 3310 deleta
2336 3243 2652 3330 particula
2698 3244 2766 3309 δέ
2810 3248 2901 3311 sie
2944 3249 3014 3309 in

620 3371 826 3415 unum
873 3349 1200 3437 iungenda
1246 3372 1381 3417 esse
1429 3354 1752 3438 suspicor:
1800 3351 1979 3415 άλλα
2027 3351 2131 3414 καὶ
2183 3351 2636 3430 Ἀριστοφάνης
2676 3351 2780 3415 καὶ
2823 3350 3011 3429 ἕτεροι

621 3457 872 3534 λέγουσι
915 3458 1022 3523 καὶ
1053 3456 1313 3523 νΑδιτιινιν
1353 3458 1541 3521 αὐτὸν
1581 3456 1909 3526 πολλάκις.
1956 3455 2317 3522 Delendum
2358 3459 2566 3545 igitur
2602 3479 2740 3523 esse
2772 3458 3014 3523 Aristo-

619 3563 848 3648 phanis
908 3564 1351 3651 fragmentum
1401 3560 1566 3629 737:
1635 3563 1931 3641 Ἀδώνιον,
1982 3562 2241 3649 perinde
2289 3570 2480 3647 atque
2528 3584 2797 3649 sequens
2846 3565 3012 3651 frag-

617 3676 950 3735 mentum:
1025 3669 1335 3752 ά[ε]ἲταν·
1408 3670 1510 3733 τὸν
1571 3670 1827 3749 ἑταῖρον,
1892 3671 2348 3745 Ἀριστοφάνης
2420 3670 2479 3733 δὲ
2549 3671 2651 3733 τὸν
2722 3671 3009 3749 ἐρώμενον

619 3776 900 3857 (Aneed·.-
945 3776 1150 3841 Bekk.
1201 3774 1355 3853 348,
1381 3775 1474 3857 2),
1534 3778 1604 3841 in
1651 3797 1777 3861 quo
1826 3797 1993 3841 nune
2037 3775 2208 3863 apud
2257 3775 2568 3841 Photium
2616 3798 2733 3863 pro
2784 3778 3009 3842 Aristo·

613 3883 840 3969 phanis
900 3884 1160 3948 nomine
1220 3881 1468 3969 legitur
1527 3883 1949 3961 Aristarchus,
2015 3904 2163 3969 pag.
2230 3880 2339 3959 37,
2370 3880 2429 3947 7.
2509 3883 3007 3969 Aristophanem

616 3996 833 4057 autem
849 3980 1298 4070 yramniaticum
1323 3991 1552 4074 utique
1575 4010 1714 4055 esse
1738 3987 2249 4075 intellegendum
2278 3986 2437 4054 olim
2460 3987 2681 4054 docuit
2701 3990 2913 4056 Naber
2929 3991 3005 4071 ²),

686 4220 740 4282 1)
777 4216 902 4267 Nam
935 4214 1262 4278 ἇριοῦνιος
1300 4216 1417 4281 quin
1453 4216 1608 4267 altera
1642 4217 1707 4267 sit
1740 4217 1942 4284 epitheti
1973 4217 2096 4284 epici
2127 4214 2434 4279 ἐριούνιος
2461 4218 2617 4277 forma
2647 4218 2809 4269 nullus
2824 4218 3004 4269 dubito.

617 4301 812 4353 mehler
847 4302 1082 4351 Mnemon.
1121 4298 1252 4351 1855
1287 4316 1335 4365 p.
1370 4302 1436 4350 49
1475 4298 1695 4349 tentabat
1729 4296 1973 4357 ’Λδῶνιος.
2601 4298 2608 4305 ’

681 4385 738 4449 2)
772 4382 934 4433 Naber
969 4383 1110 4433 Phot.
1147 4399 1196 4449 p.
1232 4384 1354 4433 188:
1395 4383 1528 4434 ‚noli
1555 4383 1831 4447 intelligere
1859 4382 2233 4447 Aristophanem
2260 4386 2449 4448 poetam
2476 4384 2558 4433 ned
2587 4383 3005 4449 gramm-ticum?

609 4466 738 4519 Item
773 4482 898 4519 nune
935 4466 1281 4517 Reitzensteinz
1322 4466 1438 4514 ‚An
1475 4466 1538 4515 tr.
1573 4464 1672 4517 '¹188
1708 4464 1773 4514 int
1802 4478 1861 4513 :a
1898 4464 2189 4514 streicheffl.
