<?xml version="1.0" encoding="UTF-8"?>
<!DOCTYPE html PUBLIC "-//W3C//DTD XHTML 1.0 Transitional//EN"
    "http://www.w3.org/TR/xhtml1/DTD/xhtml1-transitional.dtd">
<html xmlns="http://www.w3.org/1999/xhtml" xml:lang="en" lang="en">
 <head>
  <title>
</title>
<meta http-equiv="Content-Type" content="text/html;charset=utf-8" />
  <meta name='ocr-system' content='tesseract 3.04.00' />
  <meta name='ocr-capabilities' content='ocr_page ocr_carea ocr_par ocr_line ocrx_word'/>
</head>
<body>
  <div class='ocr_page' id='page_1' title='image "./mnemosynevolume03verdgoog_0060.png"; bbox 0 0 3246 5085; ppageno 0'>
   <div class='ocr_carea' id='block_1_1' title="bbox 711 346 2057 440">
    <p class='ocr_par' dir='ltr' id='par_1_1' title="bbox 711 346 2057 440">
     <span class='ocr_line' id='line_1_1' title="bbox 711 346 2057 440; baseline 0.004 -30"><span class='ocrx_word' id='word_1_1' title='bbox 711 346 797 440; x_wconf 73' lang='lat'><strong>52</strong></span> <span class='ocrx_word' id='word_1_2' title='bbox 1706 368 2057 416; x_wconf 65' lang='lat' dir='ltr'><strong>nominos.</strong></span> 
     </span>
    </p>
   </div>
   <div class='ocr_carea' id='block_1_2' title="bbox 677 529 3127 4306">
    <p class='ocr_par' dir='ltr' id='par_1_2' title="bbox 799 529 2577 616">
     <span class='ocr_line' id='line_1_2' title="bbox 799 529 2577 616; baseline 0.001 -22"><span class='ocrx_word' id='word_1_3' title='bbox 799 529 978 594; x_wconf 82' lang='lat' dir='ltr'>Unde</span> <span class='ocrx_word' id='word_1_4' title='bbox 1024 533 1230 616; x_wconf 80' lang='lat' dir='ltr'><strong>igitur</strong></span> <span class='ocrx_word' id='word_1_5' title='bbox 1275 533 1444 596; x_wconf 89' lang='lat' dir='ltr'><strong>mira</strong></span> <span class='ocrx_word' id='word_1_6' title='bbox 1486 531 1602 597; x_wconf 91' lang='lat' dir='ltr'><strong>illa</strong></span> <span class='ocrx_word' id='word_1_7' title='bbox 1648 533 1841 597; x_wconf 86' lang='lat' dir='ltr'><strong>verba</strong></span> <span class='ocrx_word' id='word_1_8' title='bbox 1886 530 2075 598; x_wconf 78' lang='lat' dir='ltr'><strong>nata?</strong></span> <span class='ocrx_word' id='word_1_9' title='bbox 2122 553 2236 597; x_wconf 91' lang='lat' dir='ltr'><strong>cur</strong></span> <span class='ocrx_word' id='word_1_10' title='bbox 2280 531 2577 598; x_wconf 72' lang='lat' dir='ltr'><strong>invecta?</strong></span> 
     </span>
    </p>

    <p class='ocr_par' dir='ltr' id='par_1_3' title="bbox 700 635 3127 913">
     <span class='ocr_line' id='line_1_3' title="bbox 796 635 3127 722; baseline 0.001 -24"><span class='ocrx_word' id='word_1_11' title='bbox 796 635 930 698; x_wconf 90' lang='lat' dir='ltr'><strong>Aut</strong></span> <span class='ocrx_word' id='word_1_12' title='bbox 992 639 1250 722; x_wconf 81' lang='lat' dir='ltr'><strong>egregie</strong></span> <span class='ocrx_word' id='word_1_13' title='bbox 1310 635 1495 702; x_wconf 87' lang='lat' dir='ltr'><strong>fallor</strong></span> <span class='ocrx_word' id='word_1_14' title='bbox 1541 644 1656 702; x_wconf 86' lang='lat' dir='ltr'><strong>aut</strong></span> <span class='ocrx_word' id='word_1_15' title='bbox 1700 645 1938 716; x_wconf 85' lang='lat' dir='ltr'><strong>cantor,</strong></span> <span class='ocrx_word' id='word_1_16' title='bbox 1984 641 2088 703; x_wconf 87' lang='lat' dir='ltr'><strong>cni</strong></span> <span class='ocrx_word' id='word_1_17' title='bbox 2133 637 2444 702; x_wconf 82' lang='lat' dir='ltr'><strong>debentur</strong></span> <span class='ocrx_word' id='word_1_18' title='bbox 2487 635 2742 702; x_wconf 90' lang='lat' dir='ltr'><strong>molesti</strong></span> <span class='ocrx_word' id='word_1_19' title='bbox 2789 657 2949 722; x_wconf 88' lang='lat' dir='ltr'><strong>quos</strong></span> <span class='ocrx_word' id='word_1_20' title='bbox 3011 643 3127 707; x_wconf 76' lang='lat' dir='ltr'><strong>at-</strong></span> 
     </span>
     <span class='ocr_line' id='line_1_4' title="bbox 703 735 3127 827; baseline 0.001 -25"><span class='ocrx_word' id='word_1_21' title='bbox 703 738 980 804; x_wconf 80' lang='lat' dir='ltr'><strong>tulimus</strong></span> <span class='ocrx_word' id='word_1_22' title='bbox 1038 761 1294 819; x_wconf 75' lang='lat' dir='ltr'><strong>versuS,</strong></span> <span class='ocrx_word' id='word_1_23' title='bbox 1357 742 1425 807; x_wconf 91' lang='lat' dir='ltr'><strong>id</strong></span> <span class='ocrx_word' id='word_1_24' title='bbox 1486 735 1655 826; x_wconf 91' lang='lat' dir='ltr'><strong>quod</strong></span> <span class='ocrx_word' id='word_1_25' title='bbox 1716 745 2037 827; x_wconf 77' lang='lat' dir='ltr'><strong>antiquior</strong></span> <span class='ocrx_word' id='word_1_26' title='bbox 2095 746 2281 827; x_wconf 87' lang='lat' dir='ltr'><strong>poeta</strong></span> <span class='ocrx_word' id='word_1_27' title='bbox 2327 742 2577 806; x_wconf 77' lang='lat' dir='ltr'><strong>dixerat</strong></span> <span class='ocrx_word' id='word_1_28' title='bbox 2621 763 2746 807; x_wconf 91' lang='lat' dir='ltr'><strong>non</strong></span> <span class='ocrx_word' id='word_1_29' title='bbox 2792 745 2947 806; x_wconf 88' lang='lat' dir='ltr'><strong>satis</strong></span> <span class='ocrx_word' id='word_1_30' title='bbox 3008 743 3127 805; x_wconf 90' lang='lat' dir='ltr'><strong>in-</strong></span> 
     </span>
     <span class='ocr_line' id='line_1_5' title="bbox 700 843 2026 913; baseline 0.001 -4"><span class='ocrx_word' id='word_1_31' title='bbox 700 843 1033 911; x_wconf 89' lang='lat' dir='ltr'><strong>tellectum</strong></span> <span class='ocrx_word' id='word_1_32' title='bbox 1079 849 1215 911; x_wconf 92' lang='lat' dir='ltr'><strong>suis</strong></span> <span class='ocrx_word' id='word_1_33' title='bbox 1261 848 1471 913; x_wconf 85' lang='lat' dir='ltr'><strong>verbis</strong></span> <span class='ocrx_word' id='word_1_34' title='bbox 1518 847 1685 912; x_wconf 92' lang='lat' dir='ltr'><strong>male</strong></span> <span class='ocrx_word' id='word_1_35' title='bbox 1730 846 2026 912; x_wconf 82' lang='lat' dir='ltr'><strong>reddidit.</strong></span> 
     </span>
    </p>

    <p class='ocr_par' dir='ltr' id='par_1_4' title="bbox 685 950 3117 3244">
     <span class='ocr_line' id='line_1_6' title="bbox 793 950 3117 1068; baseline -0 -51.981"><span class='ocrx_word' id='word_1_36' title='bbox 793 950 1065 1030; x_wconf 89' lang='lat' dir='ltr'><strong>„Nestor</strong></span> <span class='ocrx_word' id='word_1_37' title='bbox 1124 955 1376 1018; x_wconf 83' lang='lat' dir='ltr'><strong>iuvenis</strong></span> <span class='ocrx_word' id='word_1_38' title='bbox 1424 951 1585 1017; x_wconf 90' lang='lat' dir='ltr'><strong>olim</strong></span> <span class='ocrx_word' id='word_1_39' title='bbox 1628 954 1797 1018; x_wconf 89' lang='lat' dir='ltr'><strong>inter</strong></span> <span class='ocrx_word' id='word_1_40' title='bbox 1843 955 2042 1037; x_wconf 88' lang='lat' dir='ltr'><strong>patris</strong></span> <span class='ocrx_word' id='word_1_41' title='bbox 2088 951 2383 1037; x_wconf 86' lang='lat' dir='ltr'><strong>aequales</strong></span> <span class='ocrx_word' id='word_1_42' title='bbox 2430 955 2761 1068; x_wconf 84' lang='lat' dir='ltr'><strong>regnavit,</strong></span> <span class='ocrx_word' id='word_1_43' title='bbox 2812 988 2896 1000; x_wconf 91' lang='lat'><strong>—-</strong></span> <span class='ocrx_word' id='word_1_44' title='bbox 2942 953 3117 1036; x_wconf 83' lang='lat' dir='ltr'><strong>ipse</strong></span> 
     </span>
     <span class='ocr_line' id='line_1_7' title="bbox 698 1037 3115 1144; baseline -0 -22"><span class='ocrx_word' id='word_1_45' title='bbox 698 1060 872 1122; x_wconf 91' lang='lat' dir='ltr'><strong>enim</strong></span> <span class='ocrx_word' id='word_1_46' title='bbox 933 1063 1112 1144; x_wconf 88' lang='lat' dir='ltr'><strong>pater</strong></span> <span class='ocrx_word' id='word_1_47' title='bbox 1173 1058 1251 1123; x_wconf 89' lang='lat' dir='ltr'><strong>ad</strong></span> <span class='ocrx_word' id='word_1_48' title='bbox 1312 1065 1709 1124; x_wconf 79' lang='lat' dir='ltr'><strong>senectutem</strong></span> <span class='ocrx_word' id='word_1_49' title='bbox 1773 1080 1899 1124; x_wconf 89' lang='lat' dir='ltr'><strong>non</strong></span> <span class='ocrx_word' id='word_1_50' title='bbox 1940 1061 2287 1144; x_wconf 82' lang='lat' dir='ltr'><strong>pervenit,</strong></span> <span class='ocrx_word' id='word_1_51' title='bbox 2348 1094 2432 1106; x_wconf 91' lang='lat'><strong>—</strong></span> <span class='ocrx_word' id='word_1_52' title='bbox 2492 1037 2643 1123; x_wconf 75' lang='lat' dir='ltr'><strong>&#39;dein</strong></span> <span class='ocrx_word' id='word_1_53' title='bbox 2702 1061 2873 1122; x_wconf 83' lang='lat' dir='ltr'><strong>inter</strong></span> <span class='ocrx_word' id='word_1_54' title='bbox 2932 1079 3115 1122; x_wconf 84' lang='lat' dir='ltr'><strong>suos</strong></span> 
     </span>
     <span class='ocr_line' id='line_1_8' title="bbox 693 1161 3111 1250; baseline -0 -23"><span class='ocrx_word' id='word_1_55' title='bbox 693 1165 900 1247; x_wconf 89' lang='lat' dir='ltr'><strong>ipsius</strong></span> <span class='ocrx_word' id='word_1_56' title='bbox 971 1161 1264 1248; x_wconf 77' lang='lat' dir='ltr'><strong>aequales</strong></span> <span class='ocrx_word' id='word_1_57' title='bbox 1337 1167 1636 1250; x_wconf 78' lang='lat' dir='ltr'><strong>regnavit</strong></span> <span class='ocrx_word' id='word_1_58' title='bbox 1703 1166 1807 1230; x_wconf 87' lang='lat' dir='ltr'><strong>vir</strong></span> <span class='ocrx_word' id='word_1_59' title='bbox 1875 1171 2165 1229; x_wconf 87' lang='lat' dir='ltr'><strong>maturus</strong></span> <span class='ocrx_word' id='word_1_60' title='bbox 2235 1169 2301 1228; x_wconf 89' lang='lat' dir='ltr'><strong>et</strong></span> <span class='ocrx_word' id='word_1_61' title='bbox 2369 1168 2516 1229; x_wconf 90' lang='lat' dir='ltr'><strong>ante</strong></span> <span class='ocrx_word' id='word_1_62' title='bbox 2582 1162 2843 1228; x_wconf 79' lang='lat' dir='ltr'><strong>Troiam</strong></span> <span class='ocrx_word' id='word_1_63' title='bbox 2926 1161 3111 1227; x_wconf 83' lang='lat' dir='ltr'><strong>filiis</strong></span> 
     </span>
     <span class='ocr_line' id='line_1_9' title="bbox 695 1266 3115 1354; baseline -0.001 -21"><span class='ocrx_word' id='word_1_64' title='bbox 695 1271 828 1333; x_wconf 89' lang='lat' dir='ltr'><strong>suis</strong></span> <span class='ocrx_word' id='word_1_65' title='bbox 880 1269 1240 1353; x_wconf 88' lang='lat' dir='ltr'><strong>horumque</strong></span> <span class='ocrx_word' id='word_1_66' title='bbox 1301 1269 1673 1354; x_wconf 81' lang='lat' dir='ltr'><strong>aequalibus</strong></span> <span class='ocrx_word' id='word_1_67' title='bbox 1715 1271 2065 1354; x_wconf 86' lang='lat' dir='ltr'><strong>imperavit</strong></span> <span class='ocrx_word' id='word_1_68' title='bbox 2110 1277 2290 1353; x_wconf 91' lang='lat' dir='ltr'><strong>pater</strong></span> <span class='ocrx_word' id='word_1_69' title='bbox 2332 1271 2502 1353; x_wconf 87' lang='lat' dir='ltr'><strong>ipse:</strong></span> <span class='ocrx_word' id='word_1_70' title='bbox 2553 1268 2887 1348; x_wconf 61' lang='lat' dir='ltr'><strong>uenia-0101</strong></span> <span class='ocrx_word' id='word_1_71' title='bbox 2936 1266 3115 1331; x_wconf 78' lang='grc' dir='ltr'><strong><em>τότε</em></strong></span> 
     </span>
     <span class='ocr_line' id='line_1_10' title="bbox 696 1373 3106 1460; baseline 0 -24"><span class='ocrx_word' id='word_1_72' title='bbox 696 1375 1057 1440; x_wconf 54' lang='grc' dir='ltr'><strong>ἐποίησα-εἶ’</strong></span> <span class='ocrx_word' id='word_1_73' title='bbox 1106 1411 1190 1424; x_wconf 89' lang='grc'>-</span> <span class='ocrx_word' id='word_1_74' title='bbox 1239 1375 1416 1440; x_wconf 88' lang='lat' dir='ltr'><strong>Haec</strong></span> <span class='ocrx_word' id='word_1_75' title='bbox 1463 1377 1709 1460; x_wconf 87' lang='lat' dir='ltr'><strong>priscus</strong></span> <span class='ocrx_word' id='word_1_76' title='bbox 1755 1382 1957 1440; x_wconf 80' lang='lat' dir='ltr'><strong>vates.</strong></span> <span class='ocrx_word' id='word_1_77' title='bbox 2008 1374 2181 1453; x_wconf 83' lang='lat' dir='ltr'><strong>Quae</strong></span> <span class='ocrx_word' id='word_1_78' title='bbox 2227 1397 2326 1440; x_wconf 90' lang='lat' dir='ltr'><strong>res</strong></span> <span class='ocrx_word' id='word_1_79' title='bbox 2362 1374 2640 1439; x_wconf 85' lang='lat' dir='ltr'><strong>inauditi</strong></span> <span class='ocrx_word' id='word_1_80' title='bbox 2678 1375 2874 1439; x_wconf 87' lang='lat' dir='ltr'><strong>habet</strong></span> <span class='ocrx_word' id='word_1_81' title='bbox 2910 1373 3106 1438; x_wconf 91' lang='lat' dir='ltr'><strong>nihil</strong></span> 
     </span>
     <span class='ocr_line' id='line_1_11' title="bbox 692 1479 3110 1566; baseline -0.001 -22"><span class='ocrx_word' id='word_1_82' title='bbox 692 1500 896 1564; x_wconf 90' lang='lat' dir='ltr'><strong>neque</strong></span> <span class='ocrx_word' id='word_1_83' title='bbox 941 1501 1015 1546; x_wconf 91' lang='lat' dir='ltr'><strong>eo</strong></span> <span class='ocrx_word' id='word_1_84' title='bbox 1059 1479 1325 1546; x_wconf 90' lang='lat' dir='ltr'><strong>consilio</strong></span> <span class='ocrx_word' id='word_1_85' title='bbox 1373 1501 1411 1546; x_wconf 86' lang='lat' dir='ltr'><strong>a</strong></span> <span class='ocrx_word' id='word_1_86' title='bbox 1455 1487 1640 1566; x_wconf 89' lang='lat' dir='ltr'><strong>poeta</strong></span> <span class='ocrx_word' id='word_1_87' title='bbox 1686 1487 1784 1546; x_wconf 90' lang='lat' dir='ltr'><strong>est</strong></span> <span class='ocrx_word' id='word_1_88' title='bbox 1828 1487 2322 1545; x_wconf 86' lang='lat' dir='ltr'><strong>commemorata</strong></span> <span class='ocrx_word' id='word_1_89' title='bbox 2370 1486 2446 1544; x_wconf 90' lang='lat' dir='ltr'><strong>ut</strong></span> <span class='ocrx_word' id='word_1_90' title='bbox 2481 1479 2904 1545; x_wconf 85' lang='lat' dir='ltr'><strong>admiratione</strong></span> <span class='ocrx_word' id='word_1_91' title='bbox 2942 1500 3110 1564; x_wconf 83' lang='lat' dir='ltr'><strong>per-</strong></span> 
     </span>
     <span class='ocr_line' id='line_1_12' title="bbox 691 1585 3105 1670; baseline -0 -20"><span class='ocrx_word' id='word_1_92' title='bbox 691 1585 1072 1651; x_wconf 90' lang='lat' dir='ltr'><strong>cellerentur</strong></span> <span class='ocrx_word' id='word_1_93' title='bbox 1118 1587 1520 1652; x_wconf 89' lang='lat' dir='ltr'><strong>audientium</strong></span> <span class='ocrx_word' id='word_1_94' title='bbox 1569 1589 1805 1664; x_wconf 87' lang='lat' dir='ltr'><strong>animi,</strong></span> <span class='ocrx_word' id='word_1_95' title='bbox 1858 1586 1968 1651; x_wconf 91' lang='lat' dir='ltr'><strong>sed</strong></span> <span class='ocrx_word' id='word_1_96' title='bbox 2011 1591 2087 1650; x_wconf 90' lang='lat' dir='ltr'><strong>ut</strong></span> <span class='ocrx_word' id='word_1_97' title='bbox 2130 1586 2522 1650; x_wconf 83' lang='lat' dir='ltr'><strong>indicaretur</strong></span> <span class='ocrx_word' id='word_1_98' title='bbox 2568 1585 2855 1650; x_wconf 86' lang='lat' dir='ltr'><strong>Nestoris</strong></span> <span class='ocrx_word' id='word_1_99' title='bbox 2898 1605 3105 1670; x_wconf 80' lang='lat' dir='ltr'><strong>egre-</strong></span> 
     </span>
     <span class='ocr_line' id='line_1_13' title="bbox 690 1690 3101 1778; baseline -0.001 -22"><span class='ocrx_word' id='word_1_100' title='bbox 690 1695 802 1778; x_wconf 79' lang='lat' dir='ltr'><strong>gia</strong></span> <span class='ocrx_word' id='word_1_101' title='bbox 861 1694 1121 1777; x_wconf 89' lang='lat' dir='ltr'><strong>peritia,</strong></span> <span class='ocrx_word' id='word_1_102' title='bbox 1182 1692 1378 1777; x_wconf 84' lang='lat' dir='ltr'><strong>longo</strong></span> <span class='ocrx_word' id='word_1_103' title='bbox 1437 1713 1560 1758; x_wconf 90' lang='lat' dir='ltr'><strong>usu</strong></span> <span class='ocrx_word' id='word_1_104' title='bbox 1625 1713 1737 1777; x_wconf 88' lang='lat' dir='ltr'><strong>per</strong></span> <span class='ocrx_word' id='word_1_105' title='bbox 1795 1711 2069 1777; x_wconf 77' lang='lat' dir='ltr'><strong>regnum</strong></span> <span class='ocrx_word' id='word_1_106' title='bbox 2130 1691 2512 1756; x_wconf 89' lang='lat' dir='ltr'><strong>diuturnum</strong></span> <span class='ocrx_word' id='word_1_107' title='bbox 2560 1697 2759 1775; x_wconf 83' lang='lat' dir='ltr'><strong>parta.</strong></span> <span class='ocrx_word' id='word_1_108' title='bbox 2833 1690 3101 1767; x_wconf 77' lang='lat' dir='ltr'><strong>„Senem</strong></span> 
     </span>
     <span class='ocr_line' id='line_1_14' title="bbox 691 1795 3093 1863; baseline 0 -3"><span class='ocrx_word' id='word_1_109' title='bbox 691 1798 897 1860; x_wconf 74' lang='lat' dir='ltr'><strong>audite</strong></span> <span class='ocrx_word' id='word_1_110' title='bbox 933 1796 1216 1860; x_wconf 74' lang='lat' dir='ltr'><strong>iuvenes&#39;&#39;</strong></span> <span class='ocrx_word' id='word_1_111' title='bbox 1249 1833 1334 1846; x_wconf 86' lang='lat'><strong>—-</strong></span> <span class='ocrx_word' id='word_1_112' title='bbox 1359 1801 1449 1863; x_wconf 91' lang='lat' dir='ltr'><strong>sic</strong></span> <span class='ocrx_word' id='word_1_113' title='bbox 1489 1799 1619 1863; x_wconf 83' lang='lat' dir='ltr'><strong>fere</strong></span> <span class='ocrx_word' id='word_1_114' title='bbox 1657 1798 1893 1863; x_wconf 88' lang='lat' dir='ltr'><strong>Nestor</strong></span> <span class='ocrx_word' id='word_1_115' title='bbox 1929 1797 2174 1862; x_wconf 88' lang='lat' dir='ltr'><strong>milites</strong></span> <span class='ocrx_word' id='word_1_116' title='bbox 2199 1796 2573 1862; x_wconf 85' lang='lat' dir='ltr'><strong>Atridarum</strong></span> <span class='ocrx_word' id='word_1_117' title='bbox 2598 1795 2775 1862; x_wconf 84' lang='lat' dir='ltr'><strong>affari</strong></span> <span class='ocrx_word' id='word_1_118' title='bbox 2798 1795 2963 1861; x_wconf 91' lang='lat' dir='ltr'><strong>solet</strong></span> <span class='ocrx_word' id='word_1_119' title='bbox 2992 1831 3093 1845; x_wconf 88' lang='lat'>—</span> 
     </span>
     <span class='ocr_line' id='line_1_15' title="bbox 689 1899 3089 1986; baseline 0 -22"><span class='ocrx_word' id='word_1_120' title='bbox 689 1924 897 1986; x_wconf 78' lang='lat' dir='ltr'><strong>„quem</strong></span> <span class='ocrx_word' id='word_1_121' title='bbox 956 1903 1220 1966; x_wconf 74' lang='lat' dir='ltr'><strong>iuvenem</strong></span> <span class='ocrx_word' id='word_1_122' title='bbox 1284 1902 1570 1966; x_wconf 77' lang='lat' dir='ltr'><strong>audivere</strong></span> <span class='ocrx_word' id='word_1_123' title='bbox 1621 1925 1787 1966; x_wconf 71' lang='lat' dir='ltr'><strong>senes</strong></span> <span class='ocrx_word' id='word_1_124' title='bbox 1804 1903 1875 1965; x_wconf 90' lang='grc' dir='ltr'><strong>Ι”</strong></span> <span class='ocrx_word' id='word_1_125' title='bbox 1929 1939 2011 1950; x_wconf 89' lang='grc'>-</span> <span class='ocrx_word' id='word_1_126' title='bbox 2063 1902 2236 1981; x_wconf 83' lang='lat' dir='ltr'><strong>Quae</strong></span> <span class='ocrx_word' id='word_1_127' title='bbox 2298 1922 2448 1967; x_wconf 84' lang='lat' dir='ltr'><strong>vero</strong></span> <span class='ocrx_word' id='word_1_128' title='bbox 2494 1904 2563 1964; x_wconf 94' lang='lat' dir='ltr'><strong>in</strong></span> <span class='ocrx_word' id='word_1_129' title='bbox 2608 1899 2809 1966; x_wconf 88' lang='lat' dir='ltr'><strong>Iliade</strong></span> <span class='ocrx_word' id='word_1_130' title='bbox 2854 1907 3089 1966; x_wconf 85' lang='lat' dir='ltr'><strong>nostra</strong></span> 
     </span>
     <span class='ocr_line' id='line_1_16' title="bbox 688 2004 3093 2093; baseline -0.001 -23"><span class='ocrx_word' id='word_1_131' title='bbox 688 2005 826 2071; x_wconf 92' lang='lat' dir='ltr'><strong>loco</strong></span> <span class='ocrx_word' id='word_1_132' title='bbox 875 2004 1134 2073; x_wconf 86' lang='lat' dir='ltr'><strong>laudato</strong></span> <span class='ocrx_word' id='word_1_133' title='bbox 1181 2006 1492 2093; x_wconf 82' lang='lat' dir='ltr'><strong>leguntur</strong></span> <span class='ocrx_word' id='word_1_134' title='bbox 1538 2029 1615 2073; x_wconf 93' lang='lat' dir='ltr'><strong>ne</strong></span> <span class='ocrx_word' id='word_1_135' title='bbox 1662 2006 1960 2093; x_wconf 80' lang='lat' dir='ltr'><strong>intellegi</strong></span> <span class='ocrx_word' id='word_1_136' title='bbox 2020 2006 2280 2091; x_wconf 89' lang='lat' dir='ltr'><strong>quidem</strong></span> <span class='ocrx_word' id='word_1_137' title='bbox 2341 2009 2643 2091; x_wconf 78' lang='lat' dir='ltr'><strong>possunt3</strong></span> <span class='ocrx_word' id='word_1_138' title='bbox 2706 2025 2855 2070; x_wconf 89' lang='lat' dir='ltr'><strong>nam</strong></span> <span class='ocrx_word' id='word_1_139' title='bbox 2918 2007 3093 2068; x_wconf 74' lang='lat' dir='ltr'><strong>duae</strong></span> 
     </span>
     <span class='ocr_line' id='line_1_17' title="bbox 685 2109 3088 2191; baseline -0 -17"><span class='ocrx_word' id='word_1_140' title='bbox 685 2117 911 2175; x_wconf 69' lang='lat' dir='ltr'><strong>aetates</strong></span> <span class='ocrx_word' id='word_1_141' title='bbox 949 2111 1289 2178; x_wconf 88' lang='lat' dir='ltr'><strong>hominum</strong></span> <span class='ocrx_word' id='word_1_142' title='bbox 1331 2112 1588 2178; x_wconf 83' lang='lat' dir='ltr'><strong>Nestori</strong></span> <span class='ocrx_word' id='word_1_143' title='bbox 1638 2110 1780 2188; x_wconf 73' lang='grc' dir='ltr'><strong>ἅμα</strong></span> <span class='ocrx_word' id='word_1_144' title='bbox 1828 2121 2139 2191; x_wconf 74' lang='grc' dir='ltr'><strong><em>τραφῆναι</em></strong></span> <span class='ocrx_word' id='word_1_145' title='bbox 2186 2111 2289 2175; x_wconf 71' lang='grc' dir='ltr'><strong>καὶ</strong></span> <span class='ocrx_word' id='word_1_146' title='bbox 2340 2110 2622 2188; x_wconf 72' lang='grc' dir='ltr'><strong><em>γενέσθαι</em></strong></span> <span class='ocrx_word' id='word_1_147' title='bbox 2669 2109 2807 2175; x_wconf 86' lang='lat' dir='ltr'><strong>illic</strong></span> <span class='ocrx_word' id='word_1_148' title='bbox 2844 2109 3088 2176; x_wconf 82' lang='lat' dir='ltr'><strong>‘dicun-</strong></span> 
     </span>
     <span class='ocr_line' id='line_1_18' title="bbox 689 2213 3089 2304; baseline 0 -24"><span class='ocrx_word' id='word_1_149' title='bbox 689 2221 830 2280; x_wconf 87' lang='lat' dir='ltr'><strong>tur:</strong></span> <span class='ocrx_word' id='word_1_150' title='bbox 881 2255 964 2266; x_wconf 95' lang='lat'><strong>--</strong></span> <span class='ocrx_word' id='word_1_151' title='bbox 1011 2218 1267 2282; x_wconf 70' lang='lat' dir='ltr'><strong>simubae</strong></span> <span class='ocrx_word' id='word_1_152' title='bbox 1311 2221 1522 2304; x_wconf 79' lang='lat' dir='ltr'><strong>igitur</strong></span> <span class='ocrx_word' id='word_1_153' title='bbox 1565 2220 1703 2282; x_wconf 89' lang='lat' dir='ltr'><strong>nati</strong></span> <span class='ocrx_word' id='word_1_154' title='bbox 1748 2223 1901 2282; x_wconf 92' lang='lat' dir='ltr'><strong>sunt</strong></span> <span class='ocrx_word' id='word_1_155' title='bbox 1946 2223 2157 2301; x_wconf 89' lang='lat' dir='ltr'><strong>patres</strong></span> <span class='ocrx_word' id='word_1_156' title='bbox 2204 2237 2351 2281; x_wconf 92' lang='lat' dir='ltr'><strong>cum</strong></span> <span class='ocrx_word' id='word_1_157' title='bbox 2396 2213 2659 2281; x_wconf 80' lang='lat' dir='ltr'><strong>liberis?</strong></span> <span class='ocrx_word' id='word_1_158' title='bbox 2705 2214 2766 2280; x_wconf 87' lang='lat' dir='ltr'>N</span> <span class='ocrx_word' id='word_1_159' title='bbox 2769 2236 2849 2280; x_wconf 93' lang='lat' dir='ltr'><strong>on</strong></span> <span class='ocrx_word' id='word_1_160' title='bbox 2886 2221 3089 2295; x_wconf 77' lang='lat' dir='ltr'><strong>¹totus</strong></span> 
     </span>
     <span class='ocr_line' id='line_1_19' title="bbox 691 2318 3087 2404; baseline 0 -20"><span class='ocrx_word' id='word_1_161' title='bbox 691 2325 906 2385; x_wconf 89' lang='lat' dir='ltr'><strong>tamen</strong></span> <span class='ocrx_word' id='word_1_162' title='bbox 950 2321 1128 2387; x_wconf 90' lang='lat' dir='ltr'><strong>locus</strong></span> <span class='ocrx_word' id='word_1_163' title='bbox 1172 2322 1484 2388; x_wconf 90' lang='lat' dir='ltr'><strong>molestus</strong></span> <span class='ocrx_word' id='word_1_164' title='bbox 1531 2327 1663 2401; x_wconf 90' lang='lat' dir='ltr'><strong>est,</strong></span> <span class='ocrx_word' id='word_1_165' title='bbox 1713 2321 1821 2386; x_wconf 91' lang='lat' dir='ltr'><strong>sed</strong></span> <span class='ocrx_word' id='word_1_166' title='bbox 1864 2320 1999 2386; x_wconf 91' lang='lat' dir='ltr'><strong>sola</strong></span> <span class='ocrx_word' id='word_1_167' title='bbox 2044 2323 2295 2399; x_wconf 73' lang='grc' dir='ltr'><strong><em>Φθίσθοιι</em></strong></span> <span class='ocrx_word' id='word_1_168' title='bbox 2343 2325 2407 2385; x_wconf 91' lang='lat' dir='ltr'><strong>et</strong></span> <span class='ocrx_word' id='word_1_169' title='bbox 2454 2318 2595 2394; x_wconf 73' lang='grc' dir='ltr'><strong>ἅμα</strong></span> <span class='ocrx_word' id='word_1_170' title='bbox 2636 2321 2726 2387; x_wconf 89' lang='lat' dir='ltr'><strong>sic</strong></span> <span class='ocrx_word' id='word_1_171' title='bbox 2764 2326 3087 2404; x_wconf 83' lang='lat' dir='ltr'><strong>usurpata</strong></span> 
     </span>
     <span class='ocr_line' id='line_1_20' title="bbox 690 2423 3085 2506; baseline 0 -16"><span class='ocrx_word' id='word_1_172' title='bbox 690 2425 992 2492; x_wconf 89' lang='lat' dir='ltr'><strong>officiunt.</strong></span> <span class='ocrx_word' id='word_1_173' title='bbox 1059 2427 1413 2492; x_wconf 82' lang='lat' dir='ltr'><strong>Dicendum</strong></span> <span class='ocrx_word' id='word_1_174' title='bbox 1469 2434 1636 2492; x_wconf 89' lang='lat' dir='ltr'><strong>erat:</strong></span> <span class='ocrx_word' id='word_1_175' title='bbox 1690 2429 1882 2504; x_wconf 82' lang='grc' dir='ltr'><strong><em>τούτῳ</em></strong></span> <span class='ocrx_word' id='word_1_176' title='bbox 1929 2427 1992 2491; x_wconf 76' lang='grc' dir='ltr'><strong>δὲ</strong></span> <span class='ocrx_word' id='word_1_177' title='bbox 2041 2429 2075 2500; x_wconf 76' lang='grc' dir='ltr'><strong><em>ἧ</em></strong></span> <span class='ocrx_word' id='word_1_178' title='bbox 2123 2427 2234 2503; x_wconf 76' lang='grc' dir='ltr'><strong>μὲν</strong></span> <span class='ocrx_word' id='word_1_179' title='bbox 2284 2423 2491 2506; x_wconf 76' lang='grc' dir='ltr'><strong><em>ἔφθιτο</em></strong></span> <span class='ocrx_word' id='word_1_180' title='bbox 2540 2427 2731 2502; x_wconf 72' lang='grc' dir='ltr'><strong><em>γενεὰ</em></strong></span> <span class='ocrx_word' id='word_1_181' title='bbox 2774 2426 3085 2500; x_wconf 72' lang='grc' dir='ltr'><strong><em>βασιλεύ-</em></strong></span> 
     </span>
     <span class='ocr_line' id='line_1_21' title="bbox 689 2530 3078 2613; baseline 0 -17"><span class='ocrx_word' id='word_1_182' title='bbox 689 2554 847 2610; x_wconf 88' lang='grc' dir='ltr'><strong><em>οντι,</em></strong></span> <span class='ocrx_word' id='word_1_183' title='bbox 914 2535 948 2607; x_wconf 77' lang='grc' dir='ltr'><em>ἦ</em></span> <span class='ocrx_word' id='word_1_184' title='bbox 1010 2533 1072 2597; x_wconf 77' lang='grc' dir='ltr'><strong>δὲ</strong></span> <span class='ocrx_word' id='word_1_185' title='bbox 1135 2531 1223 2597; x_wconf 78' lang='grc' dir='ltr'><strong>ἔτι</strong></span> <span class='ocrx_word' id='word_1_186' title='bbox 1289 2532 1449 2613; x_wconf 74' lang='grc' dir='ltr'><strong><em>διέζη</em></strong></span> <span class='ocrx_word' id='word_1_187' title='bbox 1514 2539 1630 2597; x_wconf 79' lang='grc' dir='ltr'><strong>τῶν</strong></span> <span class='ocrx_word' id='word_1_188' title='bbox 1692 2530 1835 2609; x_wconf 72' lang='grc' dir='ltr'><strong>ἅμα</strong></span> <span class='ocrx_word' id='word_1_189' title='bbox 1882 2535 2047 2609; x_wconf 73' lang='grc' dir='ltr'><strong>αὐτῷ</strong></span> <span class='ocrx_word' id='word_1_190' title='bbox 2098 2533 2457 2610; x_wconf 71' lang='grc' dir='ltr'><strong><em>γενομένων,</em></strong></span> <span class='ocrx_word' id='word_1_191' title='bbox 2510 2533 2542 2607; x_wconf 76' lang='grc' dir='ltr'><em>ἦ</em></span> <span class='ocrx_word' id='word_1_192' title='bbox 2594 2531 2657 2596; x_wconf 74' lang='grc' dir='ltr'><strong>δὲ</strong></span> <span class='ocrx_word' id='word_1_193' title='bbox 2705 2531 3078 2609; x_wconf 72' lang='grc' dir='ltr'><strong><em>ἐπεγένετο,</em></strong></span> 
     </span>
     <span class='ocr_line' id='line_1_22' title="bbox 689 2634 3080 2718; baseline 0 -18"><span class='ocrx_word' id='word_1_194' title='bbox 689 2634 844 2701; x_wconf 76' lang='grc' dir='ltr'><strong><em>ὥστε</em></strong></span> <span class='ocrx_word' id='word_1_195' title='bbox 881 2641 1104 2718; x_wconf 79' lang='grc' dir='ltr'><strong><em>τρίτοις</em></strong></span> <span class='ocrx_word' id='word_1_196' title='bbox 1155 2640 1260 2713; x_wconf 65' lang='grc' dir='ltr'><strong>ἤδη</strong></span> <span class='ocrx_word' id='word_1_197' title='bbox 1313 2639 1665 2716; x_wconf 72' lang='grc' dir='ltr'><strong><em>ἐβασίλευε.</em></strong></span> <span class='ocrx_word' id='word_1_198' title='bbox 1717 2638 2271 2717; x_wconf 84' lang='lat' dir='ltr'><strong>Quemadmodum</strong></span> <span class='ocrx_word' id='word_1_199' title='bbox 2318 2635 2590 2703; x_wconf 84' lang='lat' dir='ltr'><strong>Calchas</strong></span> <span class='ocrx_word' id='word_1_200' title='bbox 2635 2643 2815 2702; x_wconf 87' lang='lat' dir='ltr'><strong>vates</strong></span> <span class='ocrx_word' id='word_1_201' title='bbox 2863 2658 2899 2701; x_wconf 90' lang='lat' dir='ltr'><strong>a</strong></span> <span class='ocrx_word' id='word_1_202' title='bbox 2947 2636 3080 2702; x_wconf 89' lang='lat' dir='ltr'><strong>diis</strong></span> 
     </span>
     <span class='ocr_line' id='line_1_23' title="bbox 687 2742 3079 2821; baseline -0 -13"><span class='ocrx_word' id='word_1_203' title='bbox 687 2743 948 2810; x_wconf 82' lang='lat' dir='ltr'><strong>edoctus</strong></span> <span class='ocrx_word' id='word_1_204' title='bbox 1007 2750 1190 2810; x_wconf 85' lang='lat' dir='ltr'><strong>norat</strong></span> <span class='ocrx_word' id='word_1_205' title='bbox 1257 2746 1340 2809; x_wconf 78' lang='grc' dir='ltr'><strong>τοί</strong></span> <span class='ocrx_word' id='word_1_206' title='bbox 1404 2748 1461 2808; x_wconf 91' lang='grc' dir='ltr'><strong>τ’</strong></span> <span class='ocrx_word' id='word_1_207' title='bbox 1521 2746 1700 2811; x_wconf 71' lang='grc' dir='ltr'><strong><em>ἐόντα</em></strong></span> <span class='ocrx_word' id='word_1_208' title='bbox 1764 2746 1849 2809; x_wconf 77' lang='grc' dir='ltr'><strong><em>τοὶ</em></strong></span> <span class='ocrx_word' id='word_1_209' title='bbox 1911 2747 1969 2808; x_wconf 87' lang='grc' dir='ltr'><strong>τ’</strong></span> <span class='ocrx_word' id='word_1_210' title='bbox 2034 2744 2340 2818; x_wconf 75' lang='grc' dir='ltr'><strong><em>ἐσσόμενα</em></strong></span> <span class='ocrx_word' id='word_1_211' title='bbox 2407 2742 2520 2821; x_wconf 78' lang='grc' dir='ltr'><strong>πρό</strong></span> <span class='ocrx_word' id='word_1_212' title='bbox 2580 2748 2637 2805; x_wconf 85' lang='grc' dir='ltr'><strong>τ’</strong></span> <span class='ocrx_word' id='word_1_213' title='bbox 2702 2744 2913 2819; x_wconf 75' lang='grc' dir='ltr'><strong><em>ἐόντα,</em></strong></span> <span class='ocrx_word' id='word_1_214' title='bbox 2980 2745 3079 2807; x_wconf 82' lang='lat' dir='ltr'><strong>sie</strong></span> 
     </span>
     <span class='ocr_line' id='line_1_24' title="bbox 686 2847 3076 2936; baseline -0.001 -23"><span class='ocrx_word' id='word_1_215' title='bbox 686 2848 917 2915; x_wconf 89' lang='lat' dir='ltr'><strong>Nestor</strong></span> <span class='ocrx_word' id='word_1_216' title='bbox 958 2872 1071 2917; x_wconf 86' lang='lat' dir='ltr'><strong>rex</strong></span> <span class='ocrx_word' id='word_1_217' title='bbox 1115 2854 1257 2936; x_wconf 91' lang='lat' dir='ltr'><strong>ipsa</strong></span> <span class='ocrx_word' id='word_1_218' title='bbox 1302 2854 1440 2916; x_wconf 81' lang='lat' dir='ltr'><strong>vita</strong></span> <span class='ocrx_word' id='word_1_219' title='bbox 1485 2850 1743 2916; x_wconf 90' lang='lat' dir='ltr'><strong>edoctus</strong></span> <span class='ocrx_word' id='word_1_220' title='bbox 1790 2852 2083 2935; x_wconf 83' lang='lat' dir='ltr'><strong>cognitos</strong></span> <span class='ocrx_word' id='word_1_221' title='bbox 2127 2849 2401 2914; x_wconf 85' lang='lat' dir='ltr'><strong>habebat</strong></span> <span class='ocrx_word' id='word_1_222' title='bbox 2448 2848 2590 2919; x_wconf 78' lang='grc' dir='ltr'><strong>τούς</strong></span> <span class='ocrx_word' id='word_1_223' title='bbox 2640 2851 2698 2911; x_wconf 86' lang='grc' dir='ltr'><strong>τ’</strong></span> <span class='ocrx_word' id='word_1_224' title='bbox 2738 2847 2920 2919; x_wconf 75' lang='grc' dir='ltr'><strong><em>ὄντας</em></strong></span> <span class='ocrx_word' id='word_1_225' title='bbox 2962 2849 3076 2924; x_wconf 74' lang='grc' dir='ltr'><strong>ἤδη</strong></span> 
     </span>
     <span class='ocr_line' id='line_1_25' title="bbox 688 2952 3076 3034; baseline -0.001 -16"><span class='ocrx_word' id='word_1_226' title='bbox 688 2954 950 3034; x_wconf 71' lang='grc' dir='ltr'><strong>ἄνδρας,</strong></span> <span class='ocrx_word' id='word_1_227' title='bbox 1017 2959 1162 3028; x_wconf 81' lang='grc' dir='ltr'><strong><em>τούς</em></strong></span> <span class='ocrx_word' id='word_1_228' title='bbox 1226 2980 1296 3020; x_wconf 82' lang='grc' dir='ltr'><strong>τε</strong></span> <span class='ocrx_word' id='word_1_229' title='bbox 1357 2958 1501 3031; x_wconf 81' lang='grc' dir='ltr'><strong>μετ’</strong></span> <span class='ocrx_word' id='word_1_230' title='bbox 1560 2957 1767 3033; x_wconf 76' lang='grc' dir='ltr'><strong><em>ὀλίγον</em></strong></span> <span class='ocrx_word' id='word_1_231' title='bbox 1832 2956 1945 3030; x_wconf 79' lang='grc' dir='ltr'><strong>μὲν</strong></span> <span class='ocrx_word' id='word_1_232' title='bbox 1994 2954 2311 3029; x_wconf 77' lang='grc' dir='ltr'><strong><em>ἐσομένους</em></strong></span> <span class='ocrx_word' id='word_1_233' title='bbox 2358 2959 2461 3017; x_wconf 84' lang='grc' dir='ltr'><strong>νῦν</strong></span> <span class='ocrx_word' id='word_1_234' title='bbox 2508 2955 2571 3019; x_wconf 80' lang='grc' dir='ltr'><strong>δὲ</strong></span> <span class='ocrx_word' id='word_1_235' title='bbox 2620 2955 2933 3030; x_wconf 79' lang='grc' dir='ltr'><strong><em>νεωτέρους</em></strong></span> <span class='ocrx_word' id='word_1_236' title='bbox 2980 2952 3076 3017; x_wconf 78' lang='grc' dir='ltr'><strong>ἔτι</strong></span> 
     </span>
     <span class='ocr_line' id='line_1_26' title="bbox 686 3057 3075 3141; baseline 0 -18"><span class='ocrx_word' id='word_1_237' title='bbox 686 3058 903 3139; x_wconf 74' lang='grc' dir='ltr'><strong><em>ὄντας,</em></strong></span> <span class='ocrx_word' id='word_1_238' title='bbox 969 3061 1112 3133; x_wconf 80' lang='grc' dir='ltr'><strong><em>τούς</em></strong></span> <span class='ocrx_word' id='word_1_239' title='bbox 1174 3086 1244 3125; x_wconf 77' lang='grc' dir='ltr'><strong>τε</strong></span> <span class='ocrx_word' id='word_1_240' title='bbox 1309 3063 1585 3141; x_wconf 75' lang='grc' dir='ltr'><strong><em>πρότερον</em></strong></span> <span class='ocrx_word' id='word_1_241' title='bbox 1646 3060 1865 3137; x_wconf 70' lang='grc' dir='ltr'><strong><em>ὄντας,</em></strong></span> <span class='ocrx_word' id='word_1_242' title='bbox 1930 3062 2095 3125; x_wconf 81' lang='lat' dir='ltr'><strong>sive:</strong></span> <span class='ocrx_word' id='word_1_243' title='bbox 2164 3060 2306 3131; x_wconf 82' lang='grc' dir='ltr'><strong><em>τούς</em></strong></span> <span class='ocrx_word' id='word_1_244' title='bbox 2369 3082 2439 3123; x_wconf 84' lang='grc' dir='ltr'><strong>τε</strong></span> <span class='ocrx_word' id='word_1_245' title='bbox 2493 3057 2720 3123; x_wconf 73' lang='grc' dir='ltr'><strong><em>ἑαυτοῦ</em></strong></span> <span class='ocrx_word' id='word_1_246' title='bbox 2761 3059 3075 3135; x_wconf 67' lang='grc' dir='ltr'><strong>ὁμήλικας</strong></span> 
     </span>
     <span class='ocr_line' id='line_1_27' title="bbox 690 3166 2163 3244; baseline 0.001 -16"><span class='ocrx_word' id='word_1_247' title='bbox 690 3168 832 3237; x_wconf 83' lang='grc' dir='ltr'><strong><em>τούς</em></strong></span> <span class='ocrx_word' id='word_1_248' title='bbox 877 3190 948 3229; x_wconf 81' lang='grc' dir='ltr'><strong>τε</strong></span> <span class='ocrx_word' id='word_1_249' title='bbox 996 3174 1109 3231; x_wconf 82' lang='grc' dir='ltr'><strong>τῶν</strong></span> <span class='ocrx_word' id='word_1_250' title='bbox 1161 3166 1397 3231; x_wconf 74' lang='grc' dir='ltr'><strong><em>παίδων</em></strong></span> <span class='ocrx_word' id='word_1_251' title='bbox 1445 3168 1586 3238; x_wconf 80' lang='grc' dir='ltr'><strong><em>τούς</em></strong></span> <span class='ocrx_word' id='word_1_252' title='bbox 1634 3190 1705 3229; x_wconf 83' lang='grc' dir='ltr'><strong>τε</strong></span> <span class='ocrx_word' id='word_1_253' title='bbox 1752 3170 1857 3229; x_wconf 82' lang='grc' dir='ltr'><strong><em>τοῦ</em></strong></span> <span class='ocrx_word' id='word_1_254' title='bbox 1907 3167 2163 3244; x_wconf 75' lang='grc' dir='ltr'><strong><em>πατρός.</em></strong></span> 
     </span>
    </p>

    <p class='ocr_par' dir='ltr' id='par_1_5' title="bbox 686 3269 3071 3461">
     <span class='ocr_line' id='line_1_28' title="bbox 777 3269 3071 3355; baseline -0.001 -20"><span class='ocrx_word' id='word_1_255' title='bbox 777 3270 951 3335; x_wconf 87' lang='lat' dir='ltr'><strong>Haec</strong></span> <span class='ocrx_word' id='word_1_256' title='bbox 1013 3271 1217 3336; x_wconf 81' lang='lat' dir='ltr'><strong>dicere</strong></span> <span class='ocrx_word' id='word_1_257' title='bbox 1282 3270 1504 3336; x_wconf 88' lang='lat' dir='ltr'><strong>debuit</strong></span> <span class='ocrx_word' id='word_1_258' title='bbox 1565 3273 1811 3355; x_wconf 87' lang='lat' dir='ltr'><strong>priscus</strong></span> <span class='ocrx_word' id='word_1_259' title='bbox 1876 3276 2096 3355; x_wconf 89' lang='lat' dir='ltr'><strong>poeta,</strong></span> <span class='ocrx_word' id='word_1_260' title='bbox 2160 3291 2273 3335; x_wconf 92' lang='lat' dir='ltr'><strong>nec</strong></span> <span class='ocrx_word' id='word_1_261' title='bbox 2319 3270 2544 3335; x_wconf 87' lang='lat' dir='ltr'><strong>dubito</strong></span> <span class='ocrx_word' id='word_1_262' title='bbox 2590 3273 2746 3355; x_wconf 89' lang='lat' dir='ltr'><strong>quin</strong></span> <span class='ocrx_word' id='word_1_263' title='bbox 2793 3269 3032 3334; x_wconf 86' lang='lat' dir='ltr'><strong>dixerit</strong></span> <span class='ocrx_word' id='word_1_264' title='bbox 3050 3290 3071 3348; x_wconf 85' lang='lat'>;</span> 
     </span>
     <span class='ocr_line' id='line_1_29' title="bbox 686 3375 2157 3461; baseline 0.001 -22"><span class='ocrx_word' id='word_1_265' title='bbox 686 3375 794 3441; x_wconf 90' lang='lat' dir='ltr'><strong>sed</strong></span> <span class='ocrx_word' id='word_1_266' title='bbox 840 3378 976 3440; x_wconf 89' lang='lat' dir='ltr'><strong>suis</strong></span> <span class='ocrx_word' id='word_1_267' title='bbox 1023 3377 1231 3441; x_wconf 82' lang='lat' dir='ltr'><strong>verbis</strong></span> <span class='ocrx_word' id='word_1_268' title='bbox 1280 3375 1599 3461; x_wconf 89' lang='lat' dir='ltr'><strong>quomodo</strong></span> <span class='ocrx_word' id='word_1_269' title='bbox 1645 3376 1880 3441; x_wconf 85' lang='lat' dir='ltr'><strong>dixerit</strong></span> <span class='ocrx_word' id='word_1_270' title='bbox 1924 3378 2157 3441; x_wconf 78' lang='lat' dir='ltr'><strong>nescio,</strong></span> 
     </span>
    </p>

    <p class='ocr_par' dir='ltr' id='par_1_6' title="bbox 679 3478 3069 3982">
     <span class='ocr_line' id='line_1_30' title="bbox 776 3478 3069 3566; baseline -0.001 -22"><span class='ocrx_word' id='word_1_271' title='bbox 776 3481 862 3544; x_wconf 87' lang='lat' dir='ltr'><strong>At</strong></span> <span class='ocrx_word' id='word_1_272' title='bbox 899 3500 1055 3545; x_wconf 86' lang='lat' dir='ltr'><strong>aevo</strong></span> <span class='ocrx_word' id='word_1_273' title='bbox 1091 3484 1424 3553; x_wconf 80' lang='lat' dir='ltr'><strong>recentiori</strong></span> <span class='ocrx_word' id='word_1_274' title='bbox 1462 3502 1677 3546; x_wconf 90' lang='lat' dir='ltr'><strong>rerum</strong></span> <span class='ocrx_word' id='word_1_275' title='bbox 1717 3482 2117 3547; x_wconf 88' lang='lat' dir='ltr'><strong>mirabilium</strong></span> <span class='ocrx_word' id='word_1_276' title='bbox 2154 3483 2479 3566; x_wconf 84' lang='lat' dir='ltr'><strong>appetenti</strong></span> <span class='ocrx_word' id='word_1_277' title='bbox 2514 3482 2710 3546; x_wconf 90' lang='lat' dir='ltr'><strong>nimis</strong></span> <span class='ocrx_word' id='word_1_278' title='bbox 2742 3478 3069 3563; x_wconf 89' lang='lat' dir='ltr'><strong>simplicia</strong></span> 
     </span>
     <span class='ocr_line' id='line_1_31' title="bbox 684 3585 3065 3674; baseline -0 -23"><span class='ocrx_word' id='word_1_279' title='bbox 684 3586 836 3651; x_wconf 86' lang='lat' dir='ltr'><strong>talia</strong></span> <span class='ocrx_word' id='word_1_280' title='bbox 897 3594 1049 3652; x_wconf 90' lang='lat' dir='ltr'><strong>sunt</strong></span> <span class='ocrx_word' id='word_1_281' title='bbox 1109 3590 1264 3652; x_wconf 87' lang='lat' dir='ltr'><strong>visa.</strong></span> <span class='ocrx_word' id='word_1_282' title='bbox 1329 3588 1433 3653; x_wconf 86' lang='lat' dir='ltr'><strong>Sic</strong></span> <span class='ocrx_word' id='word_1_283' title='bbox 1496 3590 1853 3666; x_wconf 69' lang='grc' dir='ltr'><strong><em>τεττίγεσσι</em></strong></span> <span class='ocrx_word' id='word_1_284' title='bbox 1918 3590 2246 3659; x_wconf 71' lang='grc' dir='ltr'><strong><em>νενοικότοις</em></strong></span> <span class='ocrx_word' id='word_1_285' title='bbox 2302 3595 2486 3674; x_wconf 89' lang='lat' dir='ltr'><strong>poeta</strong></span> <span class='ocrx_word' id='word_1_286' title='bbox 2549 3592 2845 3653; x_wconf 85' lang='lat' dir='ltr'><strong>vetustus</strong></span> <span class='ocrx_word' id='word_1_287' title='bbox 2892 3585 3065 3651; x_wconf 87' lang='lat' dir='ltr'><strong>dixit</strong></span> 
     </span>
     <span class='ocr_line' id='line_1_32' title="bbox 682 3690 3069 3779; baseline -0.001 -22"><span class='ocrx_word' id='word_1_288' title='bbox 682 3712 860 3761; x_wconf 88' lang='lat' dir='ltr'><strong>senes</strong></span> <span class='ocrx_word' id='word_1_289' title='bbox 907 3692 1173 3757; x_wconf 89' lang='lat' dir='ltr'><strong>disertos</strong></span> <span class='ocrx_word' id='word_1_290' title='bbox 1203 3692 1272 3774; x_wconf 90' lang='lat'><strong>¹),</strong></span> <span class='ocrx_word' id='word_1_291' title='bbox 1319 3714 1448 3758; x_wconf 93' lang='lat' dir='ltr'><strong>non</strong></span> <span class='ocrx_word' id='word_1_292' title='bbox 1485 3697 1657 3779; x_wconf 91' lang='lat' dir='ltr'><strong>ipsos</strong></span> <span class='ocrx_word' id='word_1_293' title='bbox 1695 3694 1925 3760; x_wconf 87' lang='lat' dir='ltr'><strong>cicadis</strong></span> <span class='ocrx_word' id='word_1_294' title='bbox 1964 3692 2208 3759; x_wconf 87' lang='lat' dir='ltr'><strong>similes</strong></span> <span class='ocrx_word' id='word_1_295' title='bbox 2249 3693 2620 3778; x_wconf 90' lang='lat' dir='ltr'><strong>perhibens,</strong></span> <span class='ocrx_word' id='word_1_296' title='bbox 2662 3692 2770 3757; x_wconf 90' lang='lat' dir='ltr'><strong>sed</strong></span> <span class='ocrx_word' id='word_1_297' title='bbox 2809 3690 3069 3757; x_wconf 90' lang='lat' dir='ltr'><strong>dulcem</strong></span> 
     </span>
     <span class='ocr_line' id='line_1_33' title="bbox 679 3796 3067 3883; baseline -0.001 -20"><span class='ocrx_word' id='word_1_298' title='bbox 679 3819 900 3864; x_wconf 90' lang='lat' dir='ltr'><strong>eorum</strong></span> <span class='ocrx_word' id='word_1_299' title='bbox 962 3802 1459 3883; x_wconf 88' lang='lat' dir='ltr'><strong>continuamque</strong></span> <span class='ocrx_word' id='word_1_300' title='bbox 1519 3802 1876 3865; x_wconf 90' lang='lat' dir='ltr'><strong>orationem</strong></span> <span class='ocrx_word' id='word_1_301' title='bbox 1938 3799 2301 3865; x_wconf 88' lang='lat' dir='ltr'><strong>cicadarum</strong></span> <span class='ocrx_word' id='word_1_302' title='bbox 2362 3801 2579 3863; x_wconf 86' lang='lat' dir='ltr'><strong>cantui</strong></span> <span class='ocrx_word' id='word_1_303' title='bbox 2640 3796 3067 3862; x_wconf 84' lang='lat' dir='ltr'><strong>assimulans:</strong></span> 
     </span>
     <span class='ocr_line' id='line_1_34' title="bbox 682 3901 2905 3982; baseline -0.002 -13"><span class='ocrx_word' id='word_1_304' title='bbox 682 3941 767 3952; x_wconf 90' lang='lat'>—</span> <span class='ocrx_word' id='word_1_305' title='bbox 813 3926 1028 3969; x_wconf 90' lang='lat' dir='ltr'><strong>senem</strong></span> <span class='ocrx_word' id='word_1_306' title='bbox 1075 3908 1144 3970; x_wconf 89' lang='lat' dir='ltr'><strong>in</strong></span> <span class='ocrx_word' id='word_1_307' title='bbox 1191 3905 1459 3982; x_wconf 72' lang='grc' dir='ltr'><strong><em>τέττιγα</em></strong></span> <span class='ocrx_word' id='word_1_308' title='bbox 1504 3911 1835 3971; x_wconf 90' lang='lat' dir='ltr'><strong>mutatum</strong></span> <span class='ocrx_word' id='word_1_309' title='bbox 1882 3908 2261 3970; x_wconf 86' lang='lat' dir='ltr'><strong>recentiores</strong></span> <span class='ocrx_word' id='word_1_310' title='bbox 2308 3904 2586 3969; x_wconf 89' lang='lat' dir='ltr'><strong>habuere</strong></span> <span class='ocrx_word' id='word_1_311' title='bbox 2635 3901 2905 3968; x_wconf 85' lang='lat' dir='ltr'><strong>fabulae.</strong></span> 
     </span>
    </p>

    <p class='ocr_par' dir='ltr' id='par_1_7' title="bbox 677 4007 3060 4306">
     <span class='ocr_line' id='line_1_35' title="bbox 769 4007 3060 4097; baseline -0.001 -22"><span class='ocrx_word' id='word_1_312' title='bbox 769 4007 990 4075; x_wconf 82' lang='lat' dir='ltr'><strong>Crevit</strong></span> <span class='ocrx_word' id='word_1_313' title='bbox 1052 4018 1272 4076; x_wconf 89' lang='lat' dir='ltr'><strong>autem</strong></span> <span class='ocrx_word' id='word_1_314' title='bbox 1316 4016 1490 4077; x_wconf 88' lang='lat' dir='ltr'><strong>aetas</strong></span> <span class='ocrx_word' id='word_1_315' title='bbox 1536 4032 1767 4097; x_wconf 82' lang='lat' dir='ltr'><strong>regum</strong></span> <span class='ocrx_word' id='word_1_316' title='bbox 1813 4009 2073 4075; x_wconf 82' lang='lat' dir='ltr'><strong>Troiam</strong></span> <span class='ocrx_word' id='word_1_317' title='bbox 2120 4011 2639 4095; x_wconf 82' lang='lat' dir='ltr'><strong>oppugnantium</strong></span> <span class='ocrx_word' id='word_1_318' title='bbox 2686 4008 2843 4072; x_wconf 89' lang='lat' dir='ltr'><strong>dnm</strong></span> <span class='ocrx_word' id='word_1_319' title='bbox 2888 4009 3060 4091; x_wconf 85' lang='lat' dir='ltr'><strong>ipsa-</strong></span> 
     </span>
     <span class='ocr_line' id='line_1_36' title="bbox 677 4113 3054 4202; baseline 0 -25"><span class='ocrx_word' id='word_1_320' title='bbox 677 4134 825 4178; x_wconf 86' lang='lat' dir='ltr'><strong>rum</strong></span> <span class='ocrx_word' id='word_1_321' title='bbox 885 4114 1249 4182; x_wconf 83' lang='lat' dir='ltr'><strong>fabularum</strong></span> <span class='ocrx_word' id='word_1_322' title='bbox 1311 4137 1471 4202; x_wconf 88' lang='lat' dir='ltr'><strong>quae</strong></span> <span class='ocrx_word' id='word_1_323' title='bbox 1537 4126 1717 4181; x_wconf 87' lang='lat' dir='ltr'><strong>erant</strong></span> <span class='ocrx_word' id='word_1_324' title='bbox 1779 4116 1855 4179; x_wconf 92' lang='lat' dir='ltr'><strong>de</strong></span> <span class='ocrx_word' id='word_1_325' title='bbox 1916 4113 2081 4180; x_wconf 91' lang='lat' dir='ltr'><strong>bello</strong></span> <span class='ocrx_word' id='word_1_326' title='bbox 2143 4114 2413 4179; x_wconf 81' lang='lat' dir='ltr'><strong>Troiano</strong></span> <span class='ocrx_word' id='word_1_327' title='bbox 2475 4117 2677 4178; x_wconf 85' lang='lat' dir='ltr'><strong>crevit</strong></span> <span class='ocrx_word' id='word_1_328' title='bbox 2736 4114 3054 4177; x_wconf 88' lang='lat' dir='ltr'><strong>ambitus:</strong></span> 
     </span>
     <span class='ocr_line' id='line_1_37' title="bbox 677 4217 3050 4306; baseline 0 -23"><span class='ocrx_word' id='word_1_329' title='bbox 677 4254 764 4265; x_wconf 92' lang='lat'>—</span> <span class='ocrx_word' id='word_1_330' title='bbox 803 4240 903 4284; x_wconf 91' lang='lat' dir='ltr'><strong>res</strong></span> <span class='ocrx_word' id='word_1_331' title='bbox 939 4224 1303 4300; x_wconf 87' lang='lat' dir='ltr'><strong>notissima,</strong></span> <span class='ocrx_word' id='word_1_332' title='bbox 1343 4242 1378 4287; x_wconf 92' lang='lat' dir='ltr'><strong>a</strong></span> <span class='ocrx_word' id='word_1_333' title='bbox 1415 4224 1599 4288; x_wconf 91' lang='lat' dir='ltr'><strong>nobis</strong></span> <span class='ocrx_word' id='word_1_334' title='bbox 1642 4240 1892 4306; x_wconf 91' lang='lat' dir='ltr'><strong>quoque</strong></span> <span class='ocrx_word' id='word_1_335' title='bbox 1931 4222 2185 4304; x_wconf 88' lang='lat' dir='ltr'><strong>saepius</strong></span> <span class='ocrx_word' id='word_1_336' title='bbox 2220 4219 2518 4286; x_wconf 85' lang='lat' dir='ltr'><strong>indicata.</strong></span> <span class='ocrx_word' id='word_1_337' title='bbox 2574 4218 2807 4284; x_wconf 89' lang='lat' dir='ltr'><strong>Nestor</strong></span> <span class='ocrx_word' id='word_1_338' title='bbox 2851 4217 3050 4283; x_wconf 88' lang='lat' dir='ltr'><strong>simul</strong></span> 
     </span>
    </p>
   </div>
   <div class='ocr_carea' id='block_1_3' title="bbox 685 4371 1075 4383">
    <p class='ocr_par' dir='ltr' id='par_1_8' title="bbox 685 4371 1075 4383">
     <span class='ocr_line' id='line_1_38' title="bbox 685 4371 1075 4383; baseline 0 702"><span class='ocrx_word' id='word_1_339' title='bbox 685 4371 1075 4383; x_wconf 95' lang='lat' dir='ltr'><strong> </strong></span> 
     </span>
    </p>
   </div>
   <div class='ocr_carea' id='block_1_4' title="bbox 749 4449 1015 4513">
    <p class='ocr_par' dir='ltr' id='par_1_9' title="bbox 749 4449 1015 4513">
     <span class='ocr_line' id='line_1_39' title="bbox 749 4449 1015 4513; baseline 0.015 -17"><span class='ocrx_word' id='word_1_340' title='bbox 749 4449 800 4513; x_wconf 91' lang='lat'><strong>1)</strong></span> <span class='ocrx_word' id='word_1_341' title='bbox 835 4452 872 4497; x_wconf 87' lang='lat' dir='ltr'><strong>r</strong></span> <span class='ocrx_word' id='word_1_342' title='bbox 903 4449 1015 4500; x_wconf 77' lang='lat'>151.</span> 
     </span>
    </p>
   </div>
  </div>
 </body>
</html>
