3246 5085
583 252 714 320 156
1589 266 1961 315 rnmromcx.

578 454 755 499 τινα·
807 432 1112 497 Πατένεΐτ
1161 432 1468 511 τοῦνομα,
1518 452 1668 496 narn
1717 432 1860 515 quis
1909 429 2065 495 talia
2112 430 2187 496 de
2236 452 2351 498 suo
2397 430 2975 499 comminiscatur?

576 541 840 607 Praeter
886 542 1002 605 has
1049 539 1298 606 scholas
1346 538 1671 613 Platonis,
1712 539 2175 603 vetustissimis
2214 542 2661 624 grammaticis
2699 539 2976 605 Alexan·

578 645 814 724 drinis‚
883 666 1031 711 curn
1094 643 1431 709 Platonem
1492 646 2065 727 interpretarentur
2125 651 2192 708 et
2236 646 2423 731 signa
2468 652 2859 730 apponerent
2903 648 2973 709 in

579 751 872 818 codicum
930 752 1336 837 marginibus
1398 749 1566 815 hand
1630 768 1809 814 secus
1870 761 2063 833 atque
2122 752 2189 813 in
2248 750 2528 815 Homero
2576 751 2776 816 facere
2826 771 2975 815 con-

577 863 951 934 sueverant,
1015 856 1122 937 (cf.
1189 856 1381 940 Diog.
1445 854 1656 919 Laert.
1707 852 1800 917 III
1850 852 1957 930 65,
2008 856 2168 918 item
2208 854 2281 919 L.
2330 853 2531 922 Cohn.
2580 855 2656 921 de
2706 855 2975 921 scholiis

576 965 647 1027 in
716 962 1055 1027 Platonem
1118 982 1182 1045 p.
1247 958 1406 1041 Ι780)
1482 980 1611 1024 non
1681 959 1941 1025 deerant
2006 962 2227 1045 copiae
2294 968 2371 1027 ut
2410 960 2743 1027 ·adderent
2803 982 2973 1046 quae

581 1088 742 1152 opus
825 1087 959 1132 esse
1032 1066 1380 1131 videretur.
1467 1064 1635 1130 Sunt
1703 1066 1755 1128 οἱ
1830 1068 1933 1127 τοῦ
2008 1065 2335 1137 Πλάτωνος
2388 1066 2967 1150 firmanam-al,

581 1194 739 1258 qnos
808 1172 1192 1237 Eustathius
1256 1170 1605 1257 appellavit
1666 1192 1730 1256 p.
1798 1168 1993 1235 1397.
2084 1170 2207 1237 Sed
2272 1175 2385 1257 qui
2446 1172 2679 1237 harum
2752 1193 2977 1237 rerum

582 1280 817 1343 curiosi
863 1284 1045 1355 sunt,
1100 1277 1291 1343 hodie
1343 1298 1469 1342 non
1521 1280 1813 1341 nesciunt
1866 1296 2170 1361 magnam
2224 1276 2793 1362 interpolationurn
2842 1284 2979 1343 tur-

579 1384 730 1449 bam
790 1386 859 1448 in
921 1382 1210 1449 Platonis
1272 1382 1518 1448 codices
1578 1384 1929 1467 irrepsisse.
1994 1379 2089 1448 Cf.
2157 1383 2380 1447 Mnem.
2436 1380 2608 1449 1897
2652 1404 2715 1469 p.
2768 1382 2853 1449 67
2910 1391 2979 1449 et

581 1489 967 1556 Schanzium
1013 1492 1081 1553 in
1128 1488 1376 1554 Studiis
1423 1487 1775 1555 Platonicis
1821 1508 1882 1571 p.
1934 1485 2040 1552 30.

669 1723 831 1789 Ibid.
883 1722 968 1788 58
988 1722 1062 1789 D.
1127 1722 1572 1807 Interrogatus
1636 1720 1891 1786 Phaedo
1954 1726 2177 1786 utrum
2236 1720 2529 1787 Socrates
2576 1723 2753 1788 solus
2797 1722 2976 1787 diem

585 1830 846 1895 obiisset
893 1850 974 1893 an
1021 1830 1246 1893 amicis
1292 1826 1765 1913 praesentibus,
1816 1826 2210 1911 respondisse
2256 1826 2575 1894 creditur:
2627 1828 2977 1905 Οὐδαμῶς,

586 1936 761 2000 ἀλλὰ
811 1933 1097 2012 παρῆσάν
1144 1956 1338 2009 τινες,
1390 1932 1494 1996 καὶ
1537 1933 1757 1996 πολλοί
1794 1956 1896 2008 γε.
1937 1930 2327 1997 Admonitus
2366 1932 2539 1997 haud
2575 1931 2763 1998 facile
2802 1935 2976 2019 quis-

587 2062 783 2127 quam
829 2041 1199 2126 negaverit-,
1243 2037 1599 2103 Phaedonis
1640 2059 1775 2102 esse
1814 2037 1981 2103 illud
2020 2039 2334 2115 οὖδαμῶς,
2373 2045 2518 2103 tum
2556 2038 2975 2103 Echecratem

587 2150 937 2235 perrexisse
1000 2144 1484 2230 interrogando:
1549 2132 1723 2207 ἄλλα
1774 2145 2059 2219 παρῆσάν
2109 2164 2297 2223 unq-3
2347 2143 2705 2208 Phaedonis
2750 2152 2973 2209 autem

587 2272 756 2318 esse:
822 2251 927 2315 καὶ
991 2251 1213 2314 πολλοί
1261 2273 1360 2326 γε.
1411 2247 1554 2334 Ipse
1601 2247 1798 2313 codex
1844 2247 2230 2315 Bodleianus
2277 2248 2525 2315 duobus
2572 2251 2829 2334 punctis
2872 2249 2977 2313 bis

585 2360 812 2443 positis
859 2378 1003 2422 eam
1049 2356 1478 2441 suspicionem
1527 2354 1879 2419 confirmat.

675 2590 835 2656 Ibid.
887 2587 1080 2656 600:
1146 2588 1352 2662 ἐπειδὴ
1404 2588 1518 2652 ὑπὸ
1582 2592 1688 2651 τοῦ
1752 2586 1974 2661 δεσμοῦ
2043 2588 2102 2651 ἐν
2166 2590 2249 2669 τῷ
2312 2588 2519 2654 σκέλει
2572 2590 2854 2670 πρότερον
2900 2592 2972 2656 τὸ

587 2697 899 2774 ἀλγεινὸν,
964 2695 1124 2772 ἥκειν
1189 2693 1257 2768 331
1308 2695 1605 2773 Φαίνεται
1659 2693 2266 2758 ἐπακολουθοῦν
2313 2697 2380 2758 τὸ
2433 2695 2562 2771 ἡδύ.
2612 2695 2975 2782 Supplebot

585 2804 885 2880 Φαίνεται
936 2802 1546 2865 ἐπακολουθοῦν
1595 2803 1781 2878 (νῦν)
1830 2800 1899 2864 τὸ
1951 2798 2059 2873 ἡδύ
2109 2805 2175 2864 et
2220 2800 2602 2867 adverbium
2655 2808 2799 2886 post
2846 2803 2978 2889 syl-

583 2909 796 2974 labam
841 2945 924 2956 —
953 2913 1051 2971 οῦν
1091 2905 1275 2972 facile
1313 2908 1530 2991 potuit
1568 2904 1876 2970 excidere.
1941 2903 2185 2970 Eadem
2224 2905 2453 2972 vocula
2490 2906 2730 2972 excidit
2770 2905 2975 2994 Gorg.

588 3012 829 3079 456A:
877 3010 1025 3078 ὅταν
1074 3009 1299 3090 αἵρεσις
1351 3008 1385 3092 ᾖ
1435 3007 1509 3075 ὧν
1557 3011 1786 3090 (νυν)δῆ
1834 3011 1910 3075 σὺ
1960 3007 2198 3088 ἔλεγες.

678 3263 840 3330 Ibid.
890 3261 1080 3331 610:
1146 3261 1456 3328 κελεύουσι
1524 3261 1653 3342 γὰρ
1717 3262 2145 3336 Ἀθηναῖοι.
2211 3262 2608 3336 Praeferam:
2659 3263 2970 3328 κελεύουσι

590 3370 714 3451 γὰρ
769 3371 834 3434 οἱ
895 3366 1218 3448 ἕνδεκα,
1267 3368 1435 3455 quod
1481 3388 1785 3454 reponam
1830 3388 2035 3453 quum
2084 3370 2281 3433 sciam
2328 3389 2390 3453 p.
2444 3366 2601 3433 591⁴}
2649 3368 2972 3434 undecim-

587 3479 763 3544 viros
822 3495 1009 3540 mane
1072 3474 1326 3540 affuisse
1389 3475 1671 3552 Socrati,
1733 3474 1811 3541 cf.
1866 3471 2083 3540 1160.
2135 3470 2366 3540 Confer
2410 3476 2605 3539 etiam
2652 3473 2971 3560 quomodo

591 3579 868 3648 Cobetns
913 3583 1258 3646 correxerit
1303 3602 1368 3665 p.
1419 3579 1504 3645 85
1524 3580 1596 3646 Β.

679 3824 837 3890 Ibid.
891 3824 974 3891 64
993 3824 1065 3889 Β.
1114 3823 1270 3890 Esse
1308 3822 1494 3889 video
1534 3823 1877 3890 nonnullos
1912 3829 1981 3889 in
2023 3846 2097 3891 ea
2136 3827 2430 3911 opinione
2471 3823 2739 3890 verbum
2780 3825 2973 3892 δοκεῖν

575 3931 847 4012 putandi
887 3929 1352 4015 significatione
1393 3928 1679 3995 alienum
1720 3951 1851 3996 esse
1896 3931 1973 3995 ab
2014 3932 2382 3995 Atticorum
2408 3951 2564 4007 usu;
2599 3952 2781 3996 meus
2805 3940 2973 3999 certe

587 4036 743 4100 olim
777 4039 832 4100 is
859 4057 1031 4100 error
1056 4037 1177 4100 fuit
1204 4056 1274 4100 ac
1299 4041 1634 4122 propterea
1658 4043 1731 4101 ut
1754 4058 1904 4101 eum
1929 4057 2208 4100 errorem
2234 4035 2540 4100 radicitus
2564 4039 2972 4121 extirparem,

585 4141 742 4208 olim
791 4161 968 4205 meos
1015 4143 1080 4204 in
1132 4161 1286 4205 usus
1332 4140 1723 4226 collegeram
1770 4161 2081 4226 magnum
2128 4139 2417 4206 locorum
2468 4162 2844 4220 numerum,
2894 4165 2973 4210 ne

584 4249 815 4312 umbra
861 4245 1281 4312 dubitationis
1323 4267 1655 4331 superesse
1696 4253 1924 4330 posset.
1968 4245 2207 4311 Verum
2248 4246 2317 4311 id
2355 4245 2613 4330 quidem
2654 4251 2753 4311 est
2790 4247 2972 4315 Iones

588 4373 780 4418 suum
846 4351 1025 4418 δοκέω
1083 4350 1440 4416 identidem
1484 4354 1887 4436 interponere
1934 4352 2137 4418 veluti
2186 4354 2253 4417 in
2300 4351 2448 4418 illo:
2496 4351 2675 4418 δοκέω
2722 4353 2859 4432 μὲν,
2908 4355 2969 4428 ἐς
