3246 5085
596 272 729 343 278
1252 307 1261 318 -
1636 291 1950 342 noturus.

684 459 974 545 Denique
1030 459 1241 526 eidem
1304 459 1774 548 adsignandum
1836 465 1935 526 est
1997 459 2093 542 (1)
2159 459 2383 543 „Quod
2445 459 2601 526 ille”
2665 459 2846 526 docte
2907 459 2993 526 ad

592 566 989 653 singularem
1042 589 1389 634 numerum
1436 570 1668 633 transit
1716 588 1753 632 a
1799 565 2060 652 plurali.
2199 567 2373 653 Lege
2419 588 2645 633 versus
2691 587 2996 652 praecen-

593 672 813 738 dentes
875 681 940 740 et
1000 675 1249 741 videbis
1308 696 1505 760 quam
1552 694 1850 760 perverse
1897 693 2272 759 expressum
2320 677 2407 738 sit
2451 673 2553 752 id,
2604 672 2772 759 quod
2819 672 2990 738 Don.

593 779 976 866 simpliciter
1020 784 1109 846 sic
1156 781 1504 847 indicavit:
1554 781 1652 861 (2)
1700 780 1894 846 Redit
1941 781 2018 845 ad
2067 778 2322 846 Getam.

682 885 907 972 Itaque
951 887 1071 952 Ed.
1120 887 1362 954 scholia
1408 886 1655 953 addidit
1693 887 1771 952 ab
1810 889 2000 952 initio
2041 893 2105 952 et
2145 889 2214 952 in
2255 887 2415 965 fine,
2456 893 2647 973 atque
2685 885 2990 972 exemplo

593 995 776 1059 auxit
834 993 954 1075 (4).
1048 993 1120 1058 In
1170 993 1429 1060 scholiis
1476 993 1800 1059 additiciis
1847 992 2076 1080 copula
2122 1001 2199 1071 et,
2248 1014 2445 1078 quam
2491 992 2792 1060 Wessn.
2840 1015 2994 1059 cur-

591 1101 801 1166 sivam
849 1121 1080 1187 ponere
1126 1099 1321 1179 solet,
1360 1099 1644 1166 Editoris
1681 1105 1815 1178 est,
1857 1102 2143 1185 quoties,
2185 1106 2261 1165 ut
2301 1101 2422 1168 hoc
2462 1099 2637 1180 loco,
2678 1100 2994 1166 Donateis

592 1205 709 1272 illa
754 1207 1261 1294 subiunguntur.

682 1312 842 1378 Ibid.
896 1312 974 1378 11
1048 1312 1271 1380 Davus
1319 1315 1413 1380 sic
1459 1315 1708 1400 pergit:

684 1419 755 1484 Id
815 1417 930 1484 illa
989 1421 1369 1484 universum
1433 1420 1740 1506 abripiet,
1805 1418 1979 1486 haud
2044 1421 2425 1486 existimans
2479 1425 2718 1506 quanto
2765 1419 2996 1486 labore

592 1531 874 1612 partum.
954 1525 1151 1592 Porro
1232 1531 1453 1592 autem
1533 1523 1702 1593 Get-a
1783 1526 2052 1592 ferietur
2120 1525 2247 1591 alio
2321 1547 2621 1606 munere,
2693 1527 2804 1592 ubi
2871 1547 2991 1592 era

594 1633 913 1719 pepererit
970 1679 981 1692 .

684 1737 782 1820 (2)
834 1735 1307 1816 „Universum”
1348 1745 1567 1805 contra
1603 1737 1769 1804 illud
1808 1723 1979 1823 quod
2021 1738 2422 1818 „unciatim”
2473 1739 2739 1806 dixerat.
2877 1738 2998 1806 Sic

594 1844 780 1924 Don.,
844 1865 1036 1930 quem
1082 1844 1201 1911 Ed.
1248 1844 1613 1933 supplevit:
1663 1845 1758 1926 (3)
1807 1845 2051 1932 Magna
2098 1847 2304 1911 virtus
2351 1867 2548 1931 paene
2593 1848 2664 1910 in
2709 1845 2997 1932 singulis

596 1949 864 2037 syllabis
895 1950 974 2032 ¹):
1039 1959 1259 2017 contra
1303 1951 1472 2016 illud
1518 1950 1688 2038 quod
1734 1953 1825 2017 ait
1874 1951 2075 2029 „ille”
2130 1951 2375 2030 „illa”
2426 1951 2716 2031 rettulit,
2764 1959 2995 2018 contra

600 2059 956 2136 „unciatim
1002 2059 1156 2124 vix”
1199 2064 1263 2124 et
1304 2058 1424 2136 „de
1462 2058 1756 2124 dimenso
1797 2058 1956 2124 suo”
2001 2057 2583 2136 „universum”
2625 2059 2728 2138 (cf.
2768 2057 2993 2138 Don.),

595 2171 813 2230 contra
854 2162 1016 2256 (id)
1057 2165 1228 2250 quod
1268 2167 1361 2230 ait
1410 2185 1690 2243 „munus
1728 2164 2126 2231 corraditur’'
2170 2165 2628 2251 „arripiet”
2655 2165 2730 2246 ²),
2769 2171 2998 2230 contra

598 2290 837 2348 „suum
876 2268 1260 2336 defraudans
1298 2270 1611 2358 genium”
1657 2276 1722 2336 et
1763 2274 2159 2356 „comparsit
2201 2270 2441 2337 miser”
2485 2272 2570 2350 „h
2592 2270 2743 2336 aud
2783 2273 2998 2337 exis-

596 2379 908 2443 timans
977 2383 1287 2462 quanto
1356 2376 1649 2443 labore
1719 2376 2128 2462 partum’'.
2270 2377 2447 2444 Haec
2513 2380 2752 2464 partim
2823 2375 2996 2443 falsa

596 2484 833 2568 partim
882 2482 1129 2549 futtilia
1176 2489 1347 2550 sunt.
2681 2493 2688 2497 ’

685 2589 864 2654 Idem
904 2588 1187 2655 Donateo
1225 2589 1323 2672 (5)
1365 2592 1824 2669 „existimans”
1859 2612 1974 2678 pro
2015 2591 2587 2671 „aestimans”,
2633 2590 2990 2658 Sallustius

598 2697 718 2775 „si,
782 2694 1083 2777 Quirites,
1131 2696 1360 2783 parum
1398 2697 1926 2775 existimaretis’',
1968 2700 2338 2783 praeposuit
2375 2697 2472 2779 (4)
2515 2697 2988 2777 „existimans”

594 2801 703 2869 vel
739 2801 1265 2889 intelligens
1300 2801 1405 2869 vel
1444 2806 1928 2890 recogitans
1974 2824 2046 2869 ac
2086 2809 2517 2889 reputans.
2567 2802 2665 2871 Of.
2705 2802 2996 2870 Schlee

595 2931 659 2994 p.
714 2908 878 2975 128:
944 2908 1089 2975 Non
1151 2911 1549 2996 recogitanti,
1613 2930 1765 2975 cum
1828 2915 2070 2994 quanto
2133 2909 2346 2977 labore
2407 2913 2799 2996 acquisitum
2859 2912 2990 2990 sit,

594 3014 763 3101 quod
805 3018 943 3101 ipsa
990 3014 1327 3081 libidinose
1371 3014 1708 3101 expendet.
1755 3014 1851 3080 De
1900 3014 2097 3080 schol.
2147 3014 2472 3082 similibus
2517 3016 2596 3081 ad
2643 3038 2708 3083 v.
2761 3016 2992 3094 „ferie-

594 3121 745 3185 tur”
790 3122 937 3187 vide
984 3142 1177 3207 supra
1222 3144 1285 3208 p.
1334 3121 1442 3187 20.

684 3333 716 3399 I
763 3333 825 3403 2.
855 3334 894 3400 3
940 3335 1036 3417 (l)
1086 3336 1400 3414 „Lectum
1447 3338 1586 3402 est’'
1635 3337 1968 3416 absolute,
2015 3358 2166 3403 nam
2213 3360 2340 3404 non
2379 3336 2536 3405 dicit
2573 3338 2747 3424 quid,
2787 3345 2989 3405 utrum

594 3442 849 3506 debitum
892 3465 974 3507 an
1019 3450 1345 3525 amentum.
1441 3441 1728 3509 Wessn.
1788 3443 2302 3511 additamentum
2329 3446 2461 3509 iam
2490 3443 2671 3511 obelo
2709 3448 2983 3512 notavit.

682 3547 845 3614 Ibid.
894 3550 936 3612 4
1004 3550 1173 3616 Amo
1222 3555 1286 3615 te
1332 3556 1397 3617 et
1440 3571 1569 3615 non
1614 3549 1978 3636 neglexisse
2024 3551 2226 3616 habeo
2273 3553 2556 3637 gratiam

684 3654 781 3736 (1)
841 3655 1082 3721 Amat
1144 3655 1313 3741 quod
1374 3655 1720 3722 reddiderit
1777 3658 2155 3743 pecuniam,
2203 3658 2386 3743 agit
2431 3659 2765 3743 gratias
2813 3657 2986 3744 quod

590 3932 797 3987 ferretur
832 3948 965 3982 more
997 3934 1229 3991 veterum,
1262 3946 1358 3981 non
1393 3934 1447 3981 ut
1482 3946 1608 3982 nuuc
1642 3932 2055 3992 annumeraretur,
2091 3931 2207 3982 assis
2243 3930 2416 3982 libra
2450 3935 2555 3982 crat
2593 3932 2786 3997 eiusque
2821 3936 2987 3997 partes

594 4014 784 4075 unciae;
833 4030 1025 4065 rursum
1070 4014 1235 4064 unciae
1282 4014 1422 4064 unius
1464 4013 1744 4064 duodecima
1787 4030 1898 4080 pars
1945 4012 2171 4063 libella
2219 4013 2479 4063 dicebatur.
2517 4014 2703 4063 Merito
2737 4029 2850 4078 ergo
2887 4030 2986 4065 non

590 4111 678 4161 per
723 4096 935 4161 singulos
978 4097 1224 4147 sestertios
1268 4112 1419 4161 neque
1464 4113 1551 4161 per
1586 4096 1801 4161 singulos
1831 4096 2050 4147 denarios
2084 4112 2236 4161 neque
2271 4111 2357 4161 per
2392 4096 2605 4159 singulos
2639 4111 2781 4157 asses,
2816 4098 2900 4146 sed
2937 4098 2990 4148 id

590 4178 717 4245 quod
768 4176 1101 4241 ὑπερβολικῶς
1149 4178 1401 4229 minimum
1451 4179 1560 4240 tuit,
1602 4195 1688 4245 per
1735 4178 1948 4244 singulas
1995 4179 2155 4229 uncias
2205 4178 2500 4229 nunciamus·
2537 4178 2676 4229 dixit.
2723 4180 2792 4229 Et
2830 4180 2994 4232 ὀΐσατο

597 4261 783 4325 ‚ecquis
827 4262 1058 4321 Volcacio,
1092 4262 1137 4310 ri
1168 4278 1257 4311 sua
1289 4265 1451 4326 sponte
1484 4262 1684 4312 venisset
1721 4279 1865 4311 unam
1901 4262 2105 4312 libellam
2139 4262 2392 4313 dedisset?
2425 4262 2521 4323 (W.
2555 4266 2618 4321 c.)

662 4343 719 4407 1)
752 4342 827 4395 De
858 4343 947 4393 hoe
980 4344 1195 4393 encomio
1230 4343 1335 4393 vide
1368 4360 1513 4409 supra
1547 4360 1593 4409 p.
1636 4344 1700 4394 50
1735 4345 1794 4393 ad
1831 4344 1956 4395 Eun.
1989 4345 2040 4393 11
2077 4346 2123 4393 3.
2146 4344 2208 4394 69
2227 4346 2312 4407 (2).

660 4426 717 4491 2)
750 4426 809 4475 In
843 4426 1046 4475 citandis
1076 4424 1288 4477 versibus
1320 4426 1716 4495 orthographiam
1748 4427 2005 4477 commenti
2041 4426 2174 4491 sequi
2208 4426 2355 4488 soleo,
2389 4427 2480 4477 nisi
2516 4427 2660 4479 nimis
2693 4427 2812 4478 falsa
2847 4429 2928 4480 sit.
