3246 5085
611 292 744 362 160
1401 298 1404 303 ’
1621 310 1994 359 rumorum.

697 478 857 545 Ibid.
908 475 1029 543 95:
1094 479 1276 553 ἧμεῒς
1321 476 1384 541 δὲ
1431 478 1781 555 Ὁμηρικῶς
1829 474 2087 553 ἐγγὺς
2134 474 2345 547 ἰόντες.
2410 474 2536 541 Hic
2582 478 2784 541 miror
2830 475 2991 543 Her-

609 587 973 651 werdenum
1035 586 1145 669 qui
1210 584 1306 648 bis
1369 582 1559 660 adeO,
1633 583 1788 647 Dect.
1852 582 1974 645 Bb.
2046 580 2211 645 Trai.
2262 580 2349 646 22
2412 588 2477 646 et
2538 583 2761 645 Mnem.
2816 582 2989 649 1906

605 714 667 778 p.
725 690 872 769 144,
937 690 1414 755 commendavit
1475 684 1665 753 ἆσσον
1730 689 1941 760 ἰόντες.
2008 686 2243 752 Malim
2290 688 2624 774 equidem:
2690 689 2991 768 σχεδὸν

607 796 800 869 ἰόντες
844 802 909 861 et
955 797 1249 881 frequens
1297 801 1394 861 est
1440 793 1644 860 illud:
1700 796 1751 859 οἰ
1800 793 1850 857 δ’
1901 792 2001 859 ’ὅτε
2054 793 2122 867 δὴ
2172 792 2395 875 σχεδὸν
2442 791 2599 869 ἦσαν
2648 795 2748 859 ἐπ’
2796 795 2997 870 ἀλλή-

606 917 792 967 λοισιν
839 900 1051 974 ἰόντες.

692 1114 851 1180 Ibid.
902 1113 989 1179 96
1007 1115 1081 1179 Β.
1145 1112 1512 1179 Miseranda
1574 1132 1709 1177 sors
1772 1109 2025 1177 Platoni
2088 1113 2353 1177 obvenit
2398 1110 2619 1198 quales
2666 1113 2996 1179 interdum

600 1222 980 1305 interpretes
1019 1225 1244 1285 nactus
1284 1224 1399 1284 est.
1442 1218 1677 1284 Narrat
1717 1216 2008 1283 Socrates
2047 1238 2113 1281 se
2150 1220 2218 1281 in
2256 1216 2690 1283 adulescentia
2726 1226 2997 1285 naturae

601 1326 814 1391 studio
876 1327 1072 1391 fuisse
1137 1324 1426 1390 deditum
1489 1328 1707 1409 itaque
1764 1324 2035 1388 iuvabat
2095 1344 2395 1408 quaerere
2455 1320 2552 1402 ἄρ’
2618 1326 2871 1389 ἐπειδὰν
2918 1325 2992 1390 τὸ

601 1434 813 1510 θερμὸν
880 1432 985 1497 naci
1049 1430 1118 1497 τὸ
1181 1432 1500 1510 ψυχρὸν
1561 1430 1867 1503 σηπεδόνα
1932 1428 2073 1492 τινὰ
2134 1429 2351 1509 λάβῃ,
2414 1429 2556 1493 τότε
2606 1428 2676 1501 331
2727 1430 2810 1493 τὰ
2862 1430 2991 1511 ζῷα

599 1535 1030 1615 ξυντρέφετοει.
1078 1535 1478 1619 Quicumque
1526 1535 1645 1599 hoc
1683 1533 1988 1599 meditate
2024 1533 2225 1619 legit,
2266 1536 2562 1599 coniiciat
2599 1556 2851 1601 necesse
2888 1540 2992 1601 est

603 1644 838 1723 ὑγρὸν
895 1663 1008 1727 pro
1055 1639 1292 1718 ψυχρόν
1337 1640 1814 1705 rescribendum
1861 1660 2013 1704 esse.
2067 1638 2329 1704 Primus
2376 1640 2495 1705 hoc
2542 1644 2848 1725 reperisse
2894 1644 2994 1707 vi-

601 1748 791 1813 detur
827 1746 1242 1832 Sprengelius
1279 1766 1474 1831 quem
1499 1745 2036 1831 wyttenbachius
2068 1743 2293 1811 laudat
2318 1746 2681 1812 Philomath.
2710 1745 2805 1810 III
2836 1746 2990 1811 101.

601 1852 775 1917 Audi
836 1874 1005 1917 nunc
1065 1852 1220 1936 quid
1276 1854 1379 1916 vir
1440 1851 1702 1936 quidam
1751 1851 2008 1928 doctus,
2056 1853 2169 1936 qui
2215 1850 2291 1917 de
2340 1850 2609 1916 Platone
2654 1852 2813 1917 bene
2860 1872 2991 1917 me-

598 1960 764 2023 ritus
832 1963 964 2035 est,
1041 1956 1122 2021 ad
1191 1957 1361 2022 hunc
1422 1955 1640 2022 locum
1706 1956 2140 2021 adnotaverit:
2218 1954 2725 2042 „Intelliguntur
2784 1956 2989 2023 Ionici

600 2062 1005 2148 philosophi,
1053 2061 1259 2127 veluti
1300 2062 1651 2129 Archelaus
1691 2068 1753 2127 et
1790 2064 2223 2148 Anaxagoras.
2273 2061 2368 2127 De
2404 2061 2519 2127 illo
2556 2062 2767 2128 Laert.
2809 2062 2871 2127 II
2914 2062 2989 2129 9:

599 2170 686 2234 τὰ
750 2166 872 2248 ζῷοι
938 2166 1223 2245 γενέσθαι
1290 2167 1358 2245 ἐξ
1419 2169 1600 2246 ὑγροῦ
1652 2191 1720 2233 τε
1770 2168 1871 2231 καὶ
1923 2171 2158 2246 θερμοῦ.
2224 2167 2320 2232 De
2369 2168 2486 2233 hoc
2533 2168 2707 2234 idem
2756 2168 2817 2233 II
2862 2168 2983 2235 16:

600 2271 786 2351 ἔλεγε
824 2273 926 2337 δύο
965 2274 1175 2345 αἰτίοις
1216 2269 1370 2338 εἷνοιι
1411 2274 1710 2350 γενέσεως
1753 2272 1963 2351 θερμὸν
2003 2274 2107 2338 καὶ
2144 2272 2403 2354 ψυχρόν.
2448 2272 2747 2339 Alterum
2768 2274 2985 2341 locum

595 2375 1004 2443 laudavimus
1044 2384 1120 2443 ut
1153 2376 1634 2466 intelligeretur
1669 2401 1795 2464 quo
1828 2382 1969 2443 iure
2006 2377 2420 2466 Sprengelius
2436 2379 2680 2459 ψυχρόν
2706 2381 2777 2445 in
2804 2380 2987 2457 ὑγρόν

599 2486 841 2549 mutari
900 2483 1068 2570 apud
1129 2483 1468 2550 Platonem
1530 2483 1875 2550 voluerit”.
1939 2482 2193 2550 Dixeris
2255 2505 2334 2549 ex
2398 2486 2607 2570 priore
2668 2484 2981 2572 Diogenis

595 2589 736 2657 loco
802 2589 1173 2675 planissime
1243 2590 1465 2656 confici
1535 2610 1715 2675 posse
1784 2589 2061 2655 alterum
2122 2589 2347 2655 eodem
2410 2592 2633 2656 morbo
2696 2591 2983 2658 laborare

598 2716 790 2782 quem
852 2694 1268 2781 Sprengelius
1328 2699 1396 2760 in
1455 2695 1725 2760 Platone
1789 2716 2009 2760 sanare
2063 2694 2296 2790 vellet:
2370 2696 2533 2760 nihil
2594 2718 2730 2762 esse
2792 2719 2985 2784 supra

597 2822 818 2867 sanam
866 2804 1214 2867 rationem:
1263 2822 1387 2866 non
1434 2800 1843 2887 persuadebis
1882 2821 1961 2866 ne
2001 2799 2193 2866 allato
2232 2801 2492 2886 quidem
2532 2801 2985 2869 Valckenaerio

596 2909 675 2973 ad
725 2908 879 2972 Eur.
930 2907 1168 2972 Phoen.
1226 2906 1419 2984 1448,
1469 2911 1580 2992 qui
1626 2908 1823 2992 probe
1874 2907 2129 2972 tenebat
2175 2907 2415 2987 ψυχρόν
2463 2913 2528 2972 et
2577 2909 2755 2986 ὑγρόν
2800 2908 2985 2974 facile

594 3033 780 3100 posse
827 3013 1150 3078 confundi.
1202 3011 1482 3076 Unicum
1527 3021 1744 3078 tamen
1795 3012 1998 3077 telum
2047 3033 2173 3097 quo
2218 3012 2623 3078 adversarius
2660 3017 2989 3100 imprimis

595 3118 857 3184 confidit
887 3121 946 3182 ei
972 3121 1213 3203 eripere
1237 3137 1537 3204 possum:
1577 3121 1647 3183 in
1674 3118 1983 3206 Diogenis
2006 3117 2282 3184 editione
2306 3119 2595 3184 Parisina
2618 3118 2820 3185 altero
2844 3119 2985 3187 loco

593 3228 765 3288 recte
787 3222 998 3287 editur
1025 3222 1202 3300 ὑγρόν
1228 3245 1343 3308 pro
1368 3224 1632 3306 ψυχρόν,
1657 3227 1977 3289 incertum
2005 3222 2080 3288 de
2104 3226 2463 3289 coniectura
2486 3245 2564 3288 an
2590 3223 2775 3290 libris
2798 3226 2985 3292 Italis

595 3325 1054 3393 addicentibus.
1103 3327 1227 3393 Sed
1273 3329 1380 3395 hic
1425 3327 1602 3395 locus
1652 3329 1806 3395 facit
1854 3336 1928 3395 ut
1974 3331 2381 3395 meminerim
2428 3328 2687 3396 Theaet.
2741 3331 2981 3397 1713:

595 3433 709 3497 ubi
771 3431 940 3500 male
1001 3433 1213 3499 editur
1269 3434 1498 3514 θερμοὶ,
1547 3432 1740 3512 ξηροί,
1793 3433 2037 3512 γλυκέσι
2088 3435 2333 3534 ποκ’ποκ’
2384 3437 2695 3501 rescribo:
2744 3437 2981 3516 θερμά,

597 3539 842 3618 ψυχρά,
907 3539 1181 3617 αὐςηροί,
1245 3539 1510 3617 γλυκέσι.
1579 3539 1815 3605 Multis
1876 3541 2257 3626 ambagibus
2318 3544 2384 3605 in
2428 3542 2796 3607 istiusmodi
2844 3565 2983 3608 cor-

593 3644 980 3709 rectionibus
1021 3665 1182 3729 opus
1221 3652 1316 3710 est
1351 3652 1427 3710 ut
1466 3666 1543 3710 ex
1581 3648 1724 3732 ipsa
1763 3649 2222 3711 sententiarum
2247 3644 2649 3713 conclusione
2676 3659 2985 3733 appareat

594 3771 789 3834 quam
829 3753 958 3815 sint
993 3753 1379 3817 necessariae
1418 3755 1484 3817 et
1521 3751 1709 3816 Plato
1748 3753 1886 3837 ipse
1924 3752 2045 3818 hoc
2090 3751 2320 3817 melius
2343 3757 2695 3819 monstrare
2720 3757 2985 3839 poterit.

593 3853 887 3920 Indicabo
969 3861 1183 3920 tamen
1257 3855 1541 3921 similem
1607 3854 1822 3922 locum
1896 3879 1957 3942 p.
2027 3855 2157 3922 178
2191 3857 2278 3922 B:
2368 3860 2628 3938 λευκῶν,
2699 3859 2984 3940 βαρέων,

594 3960 856 4038 κούφων,
908 3962 1020 4025 ubi
1067 3958 1410 4027 Gornarius
1457 3967 1629 4026 recte
1678 3963 2037 4048 suspicatus
2084 3969 2182 4028 est
2218 3969 2363 4048 post
2408 3971 2637 4028 λευκῶν
2671 3965 2987 4034 excidisse

593 4065 990 4140 μελάνων.
1053 4059 1302 4144 Pariter
1364 4089 1424 4152 p.
1481 4067 1680 4133 172ss
1742 4070 1809 4132 in
1876 4065 2217 4134 Bodleiano
2265 4066 2496 4136 Codice
2542 4077 2689 4156 post
2738 4071 2795 4135 ἕν
2844 4080 2983 4144 τοῖς

591 4170 845 4242 δικαίοις
891 4171 1131 4238 excidit
1178 4173 1283 4237 xa}
1335 4173 1587 4245 ἀδίκοις.

678 4380 838 4448 Ibid.
882 4381 1078 4450 98A:
1125 4393 1388 4450 ποιεῖν
1433 4386 1536 4451 xxi
1579 4385 1855 4466 πάσχειν
1900 4377 1942 4452 ἃ
1984 4385 2245 4468 πάσχει.
2286 4387 2429 4454 Nisi
2468 4391 2681 4455 omnia
2716 4389 2978 4470 fallunt,
