3246 5085
620 335 754 402 342
1675 353 1926 403 numus.

617 525 749 587 tine
797 523 1151 609 perfectum
1199 523 1317 588 tali
1364 523 1550 588 modo
1600 518 1946 607 usurpari?
2011 520 2219 587 Immo
2267 519 2543 599 adsolet,
2591 523 2661 586 in
2709 519 3036 586 clausulis

616 650 779 714 quae
835 633 1155 716 incipiunt
1226 631 1303 695 ab
1354 637 1696 715 postquam,
1757 629 1860 692 ubi
1909 627 2073 695 aliie.
2147 627 2616 694 Planeeodem
2665 627 2859 694 modo
2917 628 3033 692 hic

618 737 887 813 recessit,
942 740 1146 822 ipsius
1198 740 1417 801 aoristi
1478 737 1714 813 forma,
1765 737 1988 801 aoristi
2033 735 2498 821 significatione
2545 737 2828 819 positum
2883 755 3034 799 esse

618 843 822 908 credo.
872 841 1051 910 Oonf.
1102 845 1259 908 Aen.
1310 842 1406 907 XI
1453 865 1551 908 vs.
1610 843 1786 907 1—4
1834 863 1984 907 cum
2029 843 2118 906 ib.
2170 863 2266 906 vs.
2323 840 2699 907 182—185.

710 948 933 1034 Itaque
998 957 1185 1034 poeta
1229 957 1445 1014 noster
1486 957 1782 1035 tempora
1827 947 2156 1013 intercidit
2200 947 2422 1014 eodem
2471 947 2600 1012 fere
2647 947 2836 1013 modo
2889 967 3031 1032 quo

620 1055 693 1120 fit
736 1058 803 1119 in
848 1058 1039 1120 initio
1086 1076 1297 1121 sacrae
1344 1058 1715 1140 scripturae.

710 1161 887 1227 Haec
926 1162 1003 1227 de
1042 1167 1385 1241 contextu,
1425 1183 1592 1227 nunc
1634 1182 1836 1247 pauca
1875 1161 1951 1226 de
1990 1163 2182 1226 unius
2226 1181 2446 1227 versus
2479 1161 2712 1226 verbis,
2762 1160 3028 1226 Haereo

617 1269 685 1333 in
749 1289 936 1332 versu
1003 1267 1122 1345 90;
1188 1268 1344 1353 quid
1408 1269 1531 1333 sibi
1584 1267 1744 1333 velit
1792 1270 1899 1331 lux
1947 1267 2145 1332 radiis
2193 1268 2316 1332 ieta
2363 1269 2596 1332 nescio.
2649 1267 2790 1331 Lux
2837 1269 3032 1332 enim

617 1373 829 1438 radios
876 1375 1138 1438 mittere
1186 1373 1385 1453 solet,
1435 1376 1575 1459 ipsa
1621 1374 1816 1438 radiis
1865 1395 1990 1438 non
2037 1375 2253 1438 icitur.
2302 1372 2545 1437 Vahlen
2595 1373 3030 1459 explicatione

620 1482 799 1544 omni
857 1479 1249 1565 supersedit,
1315 1483 1425 1544 vix
1488 1487 1738 1558 tamen,
1801 1482 1855 1544 ei
1921 1480 2077 1564 quid
2140 1479 2362 1555 vide0,
2412 1479 2580 1564 quod
2627 1487 2759 1545 tam
2807 1477 3032 1545 facilis

620 1589 724 1651 sit.
785 1585 1007 1672 Neque
1069 1585 1305 1652 melius
1349 1585 1593 1671 placet,
1643 1587 1814 1671 quod
1861 1585 2037 1651 dedit
2089 1585 2436 1652 Wakefield
2479 1593 2616 1650 aeta
2649 1588 2838 1671 foras
2887 1586 3028 1649 lux.

620 1689 791 1757 Satis
840 1695 999 1757 mire
1050 1693 1301 1758 dicatur
1344 1692 1461 1757 lux
1507 1693 1704 1758 radiis
1752 1698 2040 1758 rotarum
2088 1695 2156 1757 in
2203 1714 2396 1758 curru
2434 1690 2629 1757 solari
2667 1692 2832 1758 foras
2873 1693 3028 1778 agi,

620 1819 825 1882 neque
886 1802 942 1864 si
999 1802 1313 1885 iungatur
1359 1800 1617 1863 candida
1663 1800 1897 1879 radiis,
1947 1801 2291 1885 quicquam
2340 1797 2575 1864 melius
2624 1798 2857 1864 evadit.
2910 1797 3026 1864 Sic

622 1909 795 1970 enim
847 1904 1013 1970 illud
1064 1914 1235 1984 acta,
1288 1928 1414 1972 non
1469 1906 1684 1972 addito
1742 1928 1868 1992 quo
1923 1915 2035 1972 aut
2081 1907 2250 1972 unde
2289 1915 2541 1993 agatur,
2587 1905 3022 1992 languidum,

622 2033 1164 2097 supervacaneum
1214 2012 1725 2078 additamentum
1771 2019 1888 2078 eet.

710 2117 955 2184 Locum
995 2119 1460 2203 quadamtenus
1508 2118 1792 2184 similem
1840 2117 2034 2185 Ovidi
2076 2119 2422 2198 ascribam,
2468 2119 2634 2185 unde
2673 2119 2740 2184 id
2779 2119 3016 2185 saltem

624 2224 873 2290 elucere
935 2232 1178 2311 potest,
1244 2247 1405 2310 quae
1466 2228 1686 2312 imago
1735 2231 1958 2312 poetae
2005 2229 2222 2292 animo
2272 2229 2594 2313 proposita
2638 2227 2853 2291 fuerit.
2921 2225 3022 2291 De

621 2330 753 2396 sole
802 2337 1021 2396 autem
1071 2332 1224 2397 haec
1274 2333 1464 2412 (Met.
1516 2329 1577 2396 II
1629 2331 1756 2395 122
1781 2339 1979 2418 sqq.):

988 2439 1129 2504 Tum
1160 2445 1347 2522 pater
1393 2461 1497 2503 ora
1542 2439 1642 2502 eui
1685 2461 1854 2504 sacro
1899 2441 2284 2505 medicamine
2335 2441 2470 2505 uati

992 2547 1251 2630 Gontiqit
1296 2553 1354 2611 et
1397 2546 1650 2629 rapidae
1682 2547 1853 2633 fecit
1885 2547 2200 2630 patientia
2229 2550 2515 2633 flammae

984 2652 1390 2739 Imposuitque
1436 2675 1632 2717 comae
1674 2654 1902 2719 radios.

620 2758 711 2823 Ut
757 2756 1029 2825 Ovidius
1076 2767 1270 2846 caput
1316 2758 1771 2839 Phaethontis,
1823 2762 1913 2826 sic
1961 2758 2111 2826 solis
2150 2759 2364 2826 lucem
2402 2760 2650 2825 Ennius
2687 2760 3019 2826 radiorum

619 2885 847 2930 corona
891 2868 1165 2931 cinctam
1216 2864 1421 2931 finxit.
1470 2865 1696 2951 Itaque
1747 2867 1908 2932 hanc
1953 2866 2296 2932 lectionem
2343 2888 2623 2952 propono

984 2971 1149 3035 Exin
1198 2966 1461 3035 candide
1508 2994 1569 3035 ee
1614 2972 1810 3036 radiis
1855 2973 2025 3037 ded-it
2073 2990 2242 3037 ΔΡΤΔ
2274 2974 2463 3057 forae
2507 2974 2633 3037 lux.

622 3074 802 3143 Gonf.
852 3078 1016 3143 Ann.
1070 3076 1199 3143 339
1258 3078 1398 3142 Nox
1447 3125 1462 3143 .
1493 3125 1507 3143 .
1540 3126 1554 3144 .
1602 3078 1802 3142 stellis
1848 3080 2197 3143 ardentibus
2241 3086 2421 3163 apta,
2467 3080 2556 3144 ib.
2609 3078 2736 3143 341
2789 3078 3014 3143 vinclis

618 3182 895 3247 venatica
943 3230 957 3249 .
990 3229 1005 3248 .
1035 3230 1050 3248 .
1096 3190 1266 3266 apta.

712 3396 819 3463 Vs·
870 3397 955 3463 99

982 3506 1111 3569 Nec
1144 3505 1263 3588 pol
1303 3506 1466 3569 homo
1513 3505 1822 3590 quisquam
1852 3504 2062 3590 faciet
2106 3504 2346 3588 impune
2389 3504 2688 3570 animatust

980 3612 1115 3676 Hoc
1158 3611 1282 3675 uisi
1328 3619 1430 3676 tu.-
1475 3634 1611 3675 uam
1656 3612 1737 3675 mi
1782 3612 1982 3675 calido
2029 3612 2140 3674 das
2186 3612 2476 3693 swnyuiue
2510 3634 2760 3694 poenae.

709 3718 929 3783 Primo
993 3723 1256 3803 aspectu
1317 3717 1472 3782 haec
1533 3716 1799 3782 Romuli
1860 3717 2054 3783 verba
2100 3719 2257 3782 satis
2303 3720 2469 3784 mira
2515 3717 2836 3783 videntur.
2899 3718 3010 3783 An

620 3825 776 3890 dicit
836 3846 1022 3903 eum,
1073 3844 1266 3910 quem
1312 3822 1686 3909 alloquitur,
1735 3827 1788 3888 si
1836 3822 2043 3889 calido
2087 3827 2400 3909 sanguine
2447 3846 2678 3909 poenas
2727 3825 3012 3905 dederit,

618 3932 945 4018 quidpiam
1008 3935 1274 4017 impune
1336 3928 1537 3996 ferre?
1599 3930 1824 4016 Itaque
1885 3931 2015 3995 fere
2079 3952 2298 3997 omnes
2343 3933 2552 3996 critici
2597 3932 2754 3997 haee
2791 3934 3014 4019 spuria

618 4038 1015 4115 habuerunt,
1080 4041 1275 4104 etiam
1341 4037 1585 4103 Vahlen
1646 4040 1714 4102 in
1770 4040 1979 4122 priore
2041 4036 2335 4103 editione.
2397 4036 2585 4102 Nunc
2634 4059 2784 4103 vero
2831 4040 3011 4104 viam

616 4146 935 4209 invenisse
1000 4145 1124 4208 sibi
1183 4144 1460 4222 videtur,
1527 4165 1654 4228 qua
1712 4143 2007 4208 codicum'
2053 4142 2396 4209 lectionem
2445 4148 2724 4209 tueatur.
2776 4144 3014 4211 Vocem

615 4250 855 4331 impune
916 4253 1091 4315 enim
1137 4272 1287 4315 cum
1336 4250 1636 4314 animatus
1705 4253 2041 4336 coniungit
2089 4256 2154 4315 et
2201 4251 2356 4315 haec
2402 4252 2532 4315 fere
2577 4251 2753 4315 idem
2803 4251 3016 4319 valere

617 4355 764 4422 vult
818 4356 985 4442 quod
1050 4358 1301 4421 licentia
1356 4358 1675 4439 praeditus
1721 4357 1862 4435 vel,
1913 4364 1989 4421 ut
2035 4377 2260 4442 graece
2308 4364 2592 4434 vertam,
2643 4358 3012 4431 ἀκολάστως

620 4463 799 4544 ἔχων.
865 4462 954 4529 Ut
1017 4466 1385 4550 opinionem
1447 4485 1632 4530 suam
1699 4471 1958 4531 tueatur
2019 4462 2265 4549 aliquos
2324 4463 2494 4532 locos
2558 4486 2634 4531 ex
2699 4461 3006 4533 Cicerone
