3246 5085
614 331 743 397 356
1407 349 1489 397 nn
1538 347 1858 399 anamma
1904 349 2221 398 muruco.

612 515 688 580 de
750 515 1029 580 Pirithoi
1092 513 1350 580 tandem
1415 523 1837 600 argumento,
1886 513 2306 601 sagacitatem
2354 517 2665 590 auctoris,
2715 519 3018 578 constan-

609 622 810 699 tiam,
872 619 1221 686 sollertiam
1284 641 1408 684 non
1466 623 1651 707 potui
1697 623 1852 707 quin
1901 624 2189 700 mirarer,
2239 625 2305 686 et
2353 657 2437 670 —
2483 626 2561 686 ut
2609 619 2682 683 fit
2731 656 2816 668 -
2863 622 3018 682 tum

503 751 508 758 ·
610 727 742 792 fere
810 727 1093 791 maxime
1162 726 1544 805 admirabar,
1617 749 1767 792 cum
1838 726 2208 813 persuaderi
2277 727 2445 791 mihi
2508 747 2634 790 non
2696 724 3014 790 sinebam.

612 832 991 901 crescebant
1038 838 1325 919 tempore
1374 833 1569 898 dubia
1616 854 1762 899 mea
1809 841 1874 900 et
1919 855 2070 900 cum
2119 855 2281 898 anno
2334 832 2510 898 1888
2553 868 2640 880 -
2680 829 3018 897 volumine

610 942 912 1026 spissiore
958 940 1223 1004 fortasse
1272 960 1468 1024 quam
1516 938 1680 1006 utile
1729 941 1890 1018 fuit,
1931 949 2031 1022 et,
2072 941 2241 1027 quod
2283 942 2552 1027 gravius
2590 945 2762 1018 erat,
2805 941 3022 1024 pati-ia

611 1067 754 1111 mea
792 1046 1020 1132 lingua
1058 1047 1411 1131 conscripto
1454 1085 1539 1096 —
1580 1047 1967 1113 disserebam
2008 1047 2084 1112 de
2117 1047 2453 1132 ,Euripidis
2493 1045 2901 1132 philosophia
2941 1063 3016 1107 ac

607 1151 965 1239 theologia,
1038 1151 1328 1218 refellere
1399 1151 1882 1220 Wilamowitzii
1950 1153 2185 1239 placita
2255 1154 2332 1219 de
2401 1153 2681 1219 Pirithoi
2749 1161 3014 1216 auctore

608 1265 870 1324 conatus
914 1280 1083 1324 sum.
1133 1258 1432 1337 Frustra;
1484 1263 1725 1326 etenim
1774 1282 1848 1326 ea
1895 1281 2055 1346 quae
2105 1266 2262 1326 tunc
2312 1259 2389 1325 de
2428 1257 2738 1344 Euripide
2779 1258 3013 1342 scripsi

606 1365 701 1446 (id
746 1365 916 1450 quod
962 1387 1088 1431 non
1134 1368 1334 1431 miror
1380 1368 1708 1452 equidem)
1756 1389 2018 1453 prorsus
2064 1365 2399 1432 latuerunt
2443 1387 2551 1432 eos
2600 1365 2713 1452 qui
2753 1362 3014 1450 Belgici

606 1475 917 1539 sermonis
1001 1475 1195 1559 periti
1270 1495 1394 1539 non
1465 1480 1680 1554 erant;
1753 1477 1900 1560 quis
1970 1480 2188 1541 autem
2261 1472 2449 1538 hodie
2518 1475 2586 1538 in
2658 1467 3014 1536 Germania

606 1576 904 1645 Galliave
974 1577 1272 1666 linguam
1350 1578 1538 1645 callet
1609 1577 1928 1646 nostram!
2004 1580 2130 1646 Sed
2194 1579 2524 1664 hucusque
2585 1579 3014 1663 perstiterunt

605 1685 819 1751 dubia.
883 1684 1096 1750 Lectis
1150 1687 1359 1771 igitur
1419 1688 1502 1751 iis
1565 1708 1727 1773 quae
1789 1707 1958 1752 nunc
2019 1687 2096 1752 de
2161 1687 2452 1752 Pirithoo
2499 1685 2760 1769 scripsit
2804 1679 3010 1746 wila-

604 1793 998 1868 mowitzius,
1036 1789 1401 1877 relectoque
1439 1791 1895 1858 Analectorum
1934 1791 2098 1858 libro
2142 1791 2374 1868 altere,
2415 1794 2657 1857 iterum
2691 1791 3010 1875 quaestio-

608 1918 757 1965 nem
778 1946 793 1974 ,
865 1917 1028 1982 quae
1091 1896 1168 1962 ad
1231 1897 1545 1963 iudicium
1613 1899 1690 1964 de
1753 1897 2081 1985 Euripidis
2133 1897 2729 1984 philosophumenis
2777 1896 3014 1961 consti-

610 2001 922 2070 tuendum
971 2003 1145 2068 haud
1191 2005 1451 2069 minimi
1497 2009 1595 2070 est
1643 2006 2025 2083 adiumenti,
2077 2004 2471 2070 tractandam
2518 2002 2682 2068 mihi
2729 2003 2961 2067 sumsi.

702 2110 775 2175 In
820 2109 1163 2175 referendis
1206 2112 1287 2176 iis
1337 2131 1496 2196 quae
1543 2110 1625 2176 ad
1671 2133 1810 2178 rem
1858 2112 2060 2178 facere
2110 2113 2274 2176 mihi
2319 2111 2621 2178 videntur
2667 2108 2744 2174 de
2799 2107 3009 2176 Critia

610 2216 827 2282 tacebo
846 2263 862 2294 ,
941 2217 1178 2301 quippe
1238 2219 1422 2282 cuius
1482 2217 1663 2283 labor
1723 2218 2112 2284 dramaticus
2178 2222 2440 2304 excepto
2503 2215 2769 2304 Sisyphi
2829 2214 3008 2299 frag-

611 2327 829 2388 mento
869 2324 961 2387 ita
1002 2324 1262 2407 perierit
1301 2330 1377 2388 ut
1422 2322 1498 2388 de
1545 2345 1619 2389 eo
1665 2324 1983 2390 iudicium
2029 2329 2278 2390 certum
2322 2325 2524 2389 facere
2571 2341 3003 2408 nequeamus,

608 2431 817 2514 ipsam
886 2434 1105 2493 autem
1177 2427 1678 2514 disputationem
1738 2452 1866 2497 non
1925 2434 2018 2496 ita
2076 2433 2416 2496 instituam
2480 2435 2556 2494 ut
2617 2432 3006 2514 argumenta

612 2534 1093 2601 Wilamowitzii
1154 2535 1413 2623 singula
1458 2535 1750 2625 deinceps
1796 2536 2222 2624 oppugnanda
2266 2557 2640 2622 proponam.
2689 2533 3004 2601 Taedium

611 2642 789 2708 affert
843 2663 969 2706 non
1017 2646 1271 2707 tantum
1316 2642 1668 2709 lectoribus
1714 2644 1826 2709 sed
1871 2646 2162 2729 scriptori
2209 2663 2459 2729 quoque
2506 2642 2824 2709 eiusmodi
2871 2662 3004 2707 cer-

612 2747 790 2813 tandi
852 2750 1054 2827 ratio,
1120 2754 1183 2813 et
1244 2770 1411 2814 nunc
1472 2750 1733 2836 quidem
1797 2772 1868 2817 eo
1917 2753 2135 2815 minus
2181 2749 2410 2835 placet,
2460 2770 2610 2815 cum
2659 2748 3004 2814 dicendum

611 2857 697 2919 sit
760 2860 981 2919 contra
1042 2858 1425 2920 sententiam
1489 2857 1651 2933 viri,
1717 2859 1901 2922 cuius
1959 2858 2297 2943 ingenium
2345 2858 2412 2920 in
2459 2858 2678 2941 paucis
2729 2853 3002 2941 diligam

612 2958 968 3044 colamque.
1016 2960 1148 3025 Nec
1195 2982 1346 3026 vero
1393 2983 1646 3027 necesse
1692 2965 1816 3027 erit
1862 2964 2160 3027 continuo
2209 2982 2467 3027 monere
2506 2960 2839 3039 lectorem,
2884 2960 3005 3026 hoc

611 3066 986 3131 contendere
1047 3065 1616 3133 Wilamowitzium
1694 3074 1760 3133 et
1818 3067 1984 3133 illud
2045 3068 2377 3154 perhibere
2439 3088 2626 3146 eum,
2699 3069 3003 3152 quoniam

610 3174 853 3237 summi
898 3174 1024 3238 viri
1073 3172 1379 3239 Analecta
1420 3176 1487 3238 in
1538 3178 1832 3240 omnium
1883 3179 2033 3239 sunt
2081 3175 2397 3239 manibus.
2471 3173 2668 3239 Porro
2715 3176 2769 3238 si
2813 3192 3005 3257 saepe

610 3300 779 3343 nunc
840 3279 1120 3344 breviter
1179 3282 1495 3345 iteravero
1558 3301 1719 3366 quae
1780 3288 1927 3347 ante
1974 3280 2214 3345 multos
2260 3302 2455 3345 annos
2504 3279 2674 3358 dixi,
2723 3278 2790 3343 id
2837 3278 3004 3343 mihi

608 3386 943 3470 ignoscant
1004 3382 1303 3463 lectores;
1369 3408 1599 3452 moneo
1648 3386 1712 3451 id
1765 3387 2249 3465 tantummode,
2299 3408 2378 3451 ne
2424 3384 2630 3451 aliena
2678 3407 2792 3472 pro
2840 3386 3004 3450 meis

611 3490 937 3556 venditare
999 3490 1239 3556 videar.
1322 3491 1735 3578 Saepiuscule
1797 3494 1961 3558 mihi
2023 3494 2300 3579 contigit
2364 3499 2439 3557 ut
2499 3495 2568 3557 in
2630 3512 2776 3557 meo
2837 3490 3000 3556 libro

609 3596 832 3662 eadem
895 3597 1023 3663 fere
1080 3598 1156 3663 de
1204 3597 1532 3684 Euripidis
1578 3598 1986 3686 philosophia
2035 3602 2527 3676 constituerem,
2576 3619 2735 3684 quae
2779 3603 3002 3683 postea

607 3703 687 3769 ab
727 3702 907 3779 aliie,
957 3703 1268 3769 Leontem
1310 3704 1448 3770 dico
1490 3704 1915 3785 Parmentier,
1955 3704 2237 3771 Paulum
2277 3704 2632 3770 Decharme
2657 3703 3001 3769 Emilium-

608 3830 731 3895 que
777 3808 1035 3889 Nestle,
1084 3808 1256 3877 dicta
1305 3816 1475 3877 sunt.

1763 4025 1844 4092 H.

698 4234 917 4301 Primo
977 4235 1116 4303 loco
1177 4239 1612 4324 quaerendum
1675 4244 1806 4317 eet,
1871 4260 2031 4305 num
2097 4242 2401 4305 constitui
2464 4240 2662 4324 possit
2720 4258 2999 4323 quonam

606 4341 1024 4407 fundamento
1070 4345 1315 4409 nitatur
1364 4348 1578 4431 opinio
1629 4366 1850 4411 eorum
1889 4348 2002 4431 qui
2041 4348 2211 4411 inter
2249 4347 2546 4429 antiquos
2583 4343 3000 4431 Euripideam

606 4470 741 4515 esse
800 4447 1083 4514 fabulam
1148 4449 1513 4516 Pirithoum
1576 4455 1954 4539 negaverint
2017 4459 2081 4518 et
2138 4454 2402 4537 quinam
2448 4454 2542 4517 ita
2588 4454 3000 4529 censuerint3
