3246 5085
621 299 758 367 '200
1665 317 1981 366 nonnus.

621 529 626 534 ι
712 485 810 566 (1)
876 485 1195 572 „Liquet”
1261 483 1585 572 liquidum
1650 489 1783 562 est,
1848 489 2147 550 constans
2192 489 2259 549 et
2303 482 2724 549 manifestum
2770 487 2842 548 et
2887 503 3027 549 cer-

621 597 786 657 tum.
837 631 922 641 -
971 592 1067 673 (2)
1113 591 1199 657 Et
1246 594 1336 656 sic
1385 589 1663 677 „liquit”
1712 612 1826 676 pro
1871 589 2192 677 liquidum
2240 595 2375 667 est,
2414 594 2491 654 ut
2534 587 2859 667 „claudit”
2902 610 3027 674 pro

621 697 924 765 claudum
972 705 1102 775 est,
1151 702 1227 764 ut
1274 697 1444 784 apud
1489 695 1877 763 Sallustium
1928 695 2135 775 „nihil
2174 695 2459 765 socordia
2498 693 2875 761 claudebat''
2928 734 3023 745 —

621 811 688 870 et
755 810 853 870 est
925 802 1217 889 „liquet”
1295 804 1565 870 verbum
1636 805 1832 881 iuris,
1905 825 2031 889 quo
2102 803 2449 868 utebantur
2518 801 2792 876 iudices,
2862 823 3025 867 cum

621 911 988 997 amplius
1025 911 1743 997 pronuntiabant,
1784 911 2174 975 obscuritate
2212 911 2521 975 commoti
2549 929 2775 974 causae
2799 911 3023 995 magis

622 1015 817 1105 quam
879 1020 1126 1104 neg-otii
1183 1015 1618 1102 simplicitate.
1759 1015 1857 1097 (3)
1916 1016 2310 1095 „Deierarc”
2376 1015 2561 1082 valde
2628 1019 2839 1081 iurare
2858 1066 2874 1094 ,
2938 1021 3023 1080 nt

621 1115 806 1204 (Hoc.
860 1123 949 1189 IV
1000 1123 1220 1200 1.14)-
1271 1121 1633 1200 „demiror”
1698 1128 1764 1187 et
1828 1122 2095 1201 „deamo
2161 1127 2258 1202 te,
2324 1121 2531 1209 Syre''
2596 1121 2861 1201 (Heaut.
2925 1120 3022 1186 IV

627 1231 686 1295 6.
715 1229 852 1311 21),
914 1269 998 1280 -
1061 1231 1116 1295 si
1180 1229 1272 1295 de
1319 1229 1631 1314 producta
1675 1228 1947 1315 legeris,
1996 1231 2052 1294 si
2099 1233 2419 1314 correpta,
2468 1227 2617 1293 deos
2661 1228 2874 1293 iurare
2919 1231 3027 1292 in·

626 1335 969 1422 telligitur.

712 1439 1046 1508 Scholium
1108 1442 1342 1507 Donati
1389 1444 1767 1507 continuum
1814 1443 1891 1508 de
1941 1441 2230 1528 „liquet”
2280 1442 2701 1527 deturpatum
2742 1448 2841 1507 est
2886 1463 3027 1508 em·

620 1550 898 1615 blemate
959 1571 996 1614 a
1057 1548 1390 1614 Wessnero
1450 1569 1704 1635 quoque
1750 1549 2120 1636 designato,
2167 1549 2336 1635 quod
2384 1570 2511 1614 non
2560 1553 2775 1614 tamen
2825 1547 3029 1616 Gom-

620 1655 858 1743 pilator
926 1645 1039 1741 per
1107 1676 1389 1721 errorem
1460 1654 1755 1721 alicunde
1824 1657 1953 1722 buc
2012 1655 2278 1733 intulit,
2352 1655 2463 1721 sed
2526 1653 2820 1721 consulto
2879 1658 3027 1740 ipse

622 1762 868 1840 Editor,
908 1765 1151 1828 iactans
1189 1782 1256 1827 se
1296 1762 1541 1848 plumis
1583 1763 1765 1829 Aelio
1804 1765 2119 1848 surreptis
2138 1812 2155 1842 ,
2198 1764 2309 1849 qui
2350 1761 2621 1828 Sallusti
2644 1761 3023 1848 exemplum

623 1863 786 1954 'apte
831 1870 1173 1953 usurpavit
1233 1868 1312 1933 ad
1372 1868 1403 1933 1
1451 1868 1513 1934 2.
1541 1868 1649 1947 84,
1713 1870 1871 1935 dum
1922 1871 1986 1935 h.
2035 1869 2079 1936 l.
2128 1872 2425 1956 ineptum
2466 1874 2597 1946 est,
2647 1871 2791 1954 quis
2838 1871 3024 1934 enim

624 1974 882 2061 putabit
952 1973 1372 2052 „claudebat”
1441 1975 1546 2040 hic
1616 1998 1734 2061 pro
1807 1975 2152 2054 „claudum
2224 1975 2403 2042 erat'’
2479 1978 2760 2060 positum
2832 1973 3023 2040 esse?

625 2082 849 2146 Minus
910 2079 1071 2144 bene
1118 2079 1641 2159 wesenerus,
1703 2082 1939 2148 Sabb.
2004 2088 2294 2159 secutus,
2345 2102 2479 2147 rem
2528 2084 2731 2168 gessit
2776 2083 2842 2146 in
2892 2080 3021 2162 (3),

622 2188 736 2252 ubi
783 2185 1167 2262 „Deierare”
1209 2185 1398 2252 valde
1439 2187 1733 2264 „iurare”
1777 2209 1927 2253 cum
1966 2188 2277 2274 exemplis
2312 2190 2691 2253 iustissimis
2721 2188 3025 2274 Hecyrae

621 2299 688 2360 et
735 2290 1492 2368 Heautontimorumeni,
1542 2315 1705 2380 quae
1756 2294 1999 2360 Wessn.
2046 2294 2371 2360 inclinatis
2411 2294 2648 2360 litteris
2684 2297 3023 2379 expressit,

622 2398 805 2466 Aelio
867 2399 1076 2464 danda
1135 2404 1319 2477 sunt,
1384 2398 1631 2485 reliqua
1695 2402 1824 2479 („si
1870 2400 1961 2465 de
2008 2420 2069 2485 p.
2119 2399 2163 2464 l.
2212 2405 2392 2478 cett.)
2438 2398 2709 2464 Editori.
2778 2398 2886 2465 De
2945 2403 3023 2466 in

623 2507 993 2592 compositis
1058 2504 1418 2593 significare
1480 2504 1760 2584 valde,
1832 2507 2063 2571 tritum
2134 2511 2233 2573 est
2295 2503 2759 2572 Grammaticis
2822 2511 2889 2571 et
2948 2509 3025 2571 in

622 2618 987 2677 commento
1029 2611 1220 2693 (Eun.
1268 2610 1331 2675 ΙΙ
1379 2610 1440 2676 2.
1471 2610 1582 2688 49,
1646 2612 1761 2677 ubi
1808 2611 1957 2678 vide
1997 2611 2120 2690 W„
2171 2613 2290 2677 Ad.
2336 2612 2425 2677 IV
2476 2611 2539 2677 6.
2571 2612 2636 2692 1)
2683 2612 2794 2677 sed
2842 2612 3026 2680 diffe-

619 2720 828 2783 rentia
889 2718 1270 2783 deierare
1332 2718 1432 2794 „si
1494 2716 1643 2782 deos
1702 2718 1914 2781 iurare
1977 2715 2426 2803 intellegitur”
2485 2717 2737 2784 Donato
2782 2717 3021 2785 saltem

622 2847 747 2891 non
795 2822 1042 2901 valuit,
1091 2826 1203 2909 qui
1250 2824 1505 2907 scripsit
1553 2822 1632 2887 ad
1673 2822 1827 2887 Hec.
1871 2822 1925 2885 V
1968 2822 2029 2888 1.
2058 2822 2097 2887 5
2124 2824 2221 2903 (1)
2264 2824 2591 2901 „deierat”
2632 2824 2782 2891 deos
2820 2827 3023 2893 iurat.

711 2930 845 2997 Nec
909 2951 1032 2995 non
1095 2929 1339 2995 ibidem
1402 2928 1827 3015 Interpolator
1888 2928 2167 2995 addidit:
2233 2927 2331 3010 (3)
2384 2932 2441 2995 si
2486 2936 2773 3016 correpte
2820 2931 3021 2999 deos

620 3041 882 3114 iurat,
946 3039 1000 3101 si
1062 3037 1367 3123 producte
1436 3035 1677 3101 valde
1722 3039 1994 3115 iurat,
2041 3036 2213 3123 quod
2259 3037 2528 3103 fortasse
2574 3038 2711 3122 ipse
2756 3040 3014 3123 primus

622 3146 989 3229 proposuit,
1055 3148 1130 3207 ut
1191 3147 1289 3207 est
1347 3142 1554 3208 audax
1618 3142 2126 3209 differentiarum
2178 3145 2501 3209 inventor.
2578 3143 2783 3220 Alibi,
2841 3144 3015 3230 quod

621 3251 850 3326 sciam,
898 3248 1053 3313 haec
1099 3248 1454 3315 differentia
1498 3269 1817 3335 nusquam
1863 3252 2200 3337 reperitur.
2864 3243 2874 3251 ’

621 3380 626 3384 ·
711 3354 872 3420 Ibid.
926 3354 1010 3418 45
1075 3352 1394 3422 Continuo
1457 3358 1733 3422 accurrit
1791 3355 1873 3421 ad
1935 3377 2041 3422 me
2244 3358 2586 3435 incurvus,
2650 3356 3015 3436 tremulus,

621 3460 816 3527 labris
863 3459 1191 3541 demissis,
1238 3483 1524 3548 gemens.

711 3567 809 3648 (1)
848 3568 938 3633 Ut
977 3570 1193 3631 omnia
1229 3568 1521 3633 ostendat
1555 3571 1622 3633 in
1664 3572 2049 3635 contrarium
2093 3570 2217 3635 sibi
2255 3589 2469 3645 versa,
2510 3572 2707 3635 etiam
2746 3590 3010 3635 cursum

619 3674 920 3740 attribuit
973 3676 1135 3739 cani.
1321 3674 1418 3756 (2)
1481 3673 1745 3740 Labra
1794 3682 1947 3740 sunt
1980 3679 2357 3762 superiora,
2406 3674 2629 3741 labia
2672 3676 3013 3754 inferiora,

620 3818 707 3829 —
769 3780 904 3845 lab
927 3800 1066 3845 eae
1129 3782 1456 3845 asinorum
1521 3783 1777 3867 proprie
1838 3781 2140 3846 dicuntur
2188 3804 2308 3861 -3
2378 3782 2724 3868 „gemens”
2788 3787 3015 3848 autem

622 3888 702 3951 ob
767 3890 1136 3951 continuam
1183 3888 1453 3965 tussim,
1501 3888 1592 3951 sic
1640 3886 1929 3952 Lucilius
1980 3935 1995 3953 .
2024 3939 2038 3954 .
2071 3937 2085 3952 .
2225 3887 2321 3969 (3)
2373 3887 2771 3965 „Incurvas”
2820 3887 3014 3954 valde

621 4013 891 4070 curvus,
941 3998 1018 4057 ut
1066 3990 1391 4078 Vergilius
1442 3992 1740 4069 „Turnus
1788 4001 1863 4058 ut
1907 3994 2253 4060 infractos”
2303 3994 2557 4074 (12.1),
2620 3993 3012 4072 „infractos”

621 4100 794 4163 enim
857 4097 1044 4164 valde
1105 4099 1335 4164 fractos
1397 4100 1753 4186 significat,
1816 4121 1964 4166 nam
2028 4104 2112 4166 in
2159 4104 2549 4188 praepositio
2597 4122 2767 4166 nunc
2812 4106 3015 4186 auget

621 4225 791 4269 nunc
850 4207 1091 4269 minuit
1138 4204 1493 4271 dictionem
1527 4205 1621 4287 ¹).'
1778 4207 1876 4288 (4)
1936 4207 2023 4273 Et
2069 4215 2239 4274 recte
2288 4210 2486 4273 etiam
2535 4208 3011 4273 deformitatem

693 4453 742 4511 1)
783 4451 952 4501 Festus
991 4451 1085 4500 114
1119 4451 1349 4516 Ingens
1383 4452 1561 4504 dicitur
1597 4452 1801 4517 augendi
1836 4452 2192 4512 consuetudine,
2228 4454 2282 4502 ut
2312 4452 2587 4511 inclamare,
2616 4451 2852 4501 invocaro.
2884 4452 3014 4519 Quia
