3246 5085
622 268 756 335 422
1666 288 1975 339 nonnus.

712 453 848 519 Iam
900 454 1385 521 Wessnerus
1433 456 1600 521 vidit
1646 457 1914 520 initium
1964 461 2029 520 et
2075 454 2266 521 finem
2318 476 2523 521 unum
2565 454 2800 521 Donati
2841 454 3045 521 scho-

620 560 786 625 lium
824 561 1091 641 referre,
1132 565 1238 627 cui
1274 565 1514 629 inserta
1553 569 1650 627 est
1693 562 2054 628 observatio
2101 563 2434 648 magistri3
2483 562 2591 626 hic
2638 566 2862 627 antem
2912 581 3046 647 per

619 674 812 747 errat,
876 668 982 753 qui
1039 669 1445 754 reprehendit
1508 668 1833 734 Donatum
1898 670 1967 733 in
2028 668 2125 748 (1)
2174 668 2507 753 aliumque
2555 670 2667 753 qui
2716 667 3040 733 distinxit

609 774 892 860 plerique
935 797 1162 857 omnem
1213 797 1336 862 qua
1385 776 1461 841 de
1509 798 1575 841 re
1621 776 1702 841 cf.
1752 774 1935 841 Serv.
1984 775 2064 841 ad
2112 778 2268 841 Aen.
2322 774 2351 839 1
2404 774 2555 839 181.

711 941 774 1007 II
825 942 882 1007 l.
911 940 997 1006 24
1067 943 1163 1008 Ne
1209 945 1330 1009 iste
1377 943 1550 1008 haud
1599 964 1857 1008 mecum
1904 944 2119 1008 sentit.

713 1048 810 1130 (6)
859 1048 1040 1126 „Ne”
1095 1048 1337 1115 valde
1386 1055 1532 1131 aut,
1581 1057 1659 1116 ut
1694 1050 1972 1135 -quidam
2017 1048 2279 1127 volunt,
2328 1070 2366 1114 o
2405 1069 2672 1135 quam,
2716 1046 3027 1113 Lucilius

624 1158 685 1219 in
734 1155 981 1220 decimo
1033 1155 1200 1233 „Ne,
1241 1144 1502 1235 Marce,
1553 1157 1787 1223 bovem
1838 1156 2143 1241 descripsi
2188 1154 2596 1242 magnifice'’,
2645 1156 2882 1240 inquit.

713 1260 1085 1329 Wessnerus
1131 1285 1191 1349 p.
1238 1262 1322 1327 33
1347 1284 1438 1348 sq.
1487 1262 1821 1331 Luciliana
1860 1284 1936 1328 ex
1978 1264 2170 1348 Aspri
2210 1263 2689 1329 commentariis
2720 1262 3027 1327 derivata

619 1388 756 1434 esse
801 1374 1015 1433 censet
1047 1369 1113 1448 ¹).

709 1534 774 1601 II
822 1534 882 1601 3.
911 1534 951 1601 6
1022 1534 1292 1617 Quidvis
1337 1539 1546 1622 patiar

709 1641 805 1724 (6)
865 1641 1030 1708 Sunt
1087 1645 1200 1729 qui
1264 1641 1606 1729 „quidvis”
1672 1663 1785 1728 pro
1852 1640 2260 1727 quicquid
2309 1642 2710 1708 evenerit
2756 1638 3019 1704 intelle-

620 1754 812 1834 gant,
878 1750 1028 1833 quia
1089 1748 1337 1813 dixerat
1403 1748 1600 1827 „adeo
1663 1770 1766 1814 me
1827 1751 2142 1835 ignavum
2191 1743 2451 1833 putas?'’
2500 1746 2567 1825 (4
2623 1744 2684 1811 5.
2712 1746 2848 1827 42),
2898 1746 3019 1811 alfi

619 1857 1068 1939 pronuntiant,
1131 1861 1205 1918 ut
1266 1858 1351 1920 sit
1413 1875 1669 1921 sensus:
1738 1854 1934 1940 „quid
1995 1875 2100 1919 me
2164 1856 2263 1919 vis
2330 1855 2533 1919 facere
2597 1874 2676 1918 an
2741 1853 2883 1930 hoc,
2936 1861 3013 1917 ut

619 1958 715 2041 (11.
766 1982 845 2025 an
897 1968 970 2025 ut
1015 1960 1171 2039 hoc,
1219 1967 1400 2041 corr.)
1448 1964 1654 2047 patiar
1700 1962 1863 2026 mihi
1909 1982 2175 2027 uxorem
2224 1960 2362 2025 dari
2378 1956 2470 2024 ?''.

710 2065 934 2131 Denuo
980 2065 1142 2131 Don.
1192 2065 1358 2131 nihil
1405 2066 1721 2144 decernit,
1772 2068 1879 2133 sed
1916 2068 2070 2152 quid
2111 2067 2233 2131 sibi
2272 2066 2589 2143 videatur,
2632 2072 2707 2130 ut
2746 2064 3007 2142 assolet,

616 2172 903 2257 primum
951 2175 1190 2257 posuit.
1241 2172 1527 2238 Alterius
1574 2176 1887 2259 opinionis
1936 2178 2225 2239 auctores
2272 2180 2583 2238 errarunt.

707 2276 867 2343 Ibid.
918 2279 1000 2343 21
1074 2279 1244 2345 Nam
1291 2279 1461 2365 quod
1510 2286 1582 2345 tu
1630 2301 1839 2365 speres
1890 2279 2317 2366 „propulsabo
2363 2277 2550 2344 facile
2596 2300 2863 2344 uxorem
2904 2280 3008 2345 his

620 2384 928 2461 moribus,
979 2384 1155 2449 dabit
1199 2385 1431 2450 nemo’'

708 2489 806 2570 (1)
861 2489 1027 2556 Sunt
1071 2494 1184 2576 qui
1231 2492 1527 2578 „speres”
1579 2514 1692 2578 pro
1740 2494 2036 2558 timeas
2083 2492 2376 2558 habeant.
2473 2492 2817 2578 Perperam
2865 2490 3001 2570 illi,

619 2595 785 2661 unde
832 2599 1027 2661 etiam
1074 2597 1525 2684 Eugraphius:
1574 2601 1618 2663 i.
1645 2621 1699 2665 e.
1752 2601 2036 2675 times,
2086 2598 2485 2680 ἀκυρολογία.

706 2701 866 2768 Ibid.
915 2703 1002 2767 22
1074 2702 1364 2769 Inveniat
1410 2706 1668 2790 inopem
1717 2707 1934 2790 potius
1984 2726 2179 2798 quam
2223 2712 2287 2770 te
2337 2707 2663 2790 corrumpi
2708 2706 2876 2768 sinat

704 2807 802 2889 (3)
847 2808 1012 2874 Sunt
1057 2813 1167 2896 qui
1215 2812 1386 2874 κατὰ
1435 2812 1861 2890 &vauro-vop&
1908 2811 2035 2876 dici
2080 2815 2371 2898 putant,
2368 2814 2681 2890 ,inveniet
2716 2813 3000 2896 inopem,

612 2916 828 3000 potius
876 2936 1071 3001 quam
1121 2921 1184 2981 te
1231 2919 1556 3002 corrumpi
1601 2917 1833 2983 sinat'’.

703 3019 864 3086 Don.
926 3026 1063 3107 ipse
1125 3025 1188 3086 in
1253 3023 1350 3102 (1)
1417 3025 1699 3104 ὑποφορὰ
1768 3023 2088 3102 εὔστοχος.
2152 3023 2429 3110 Figurae
2494 3027 2606 3089 vix
2655 3023 2991 3102 differunt3

611 3135 1002 3212 usurpantur
1063 3127 1138 3194 de
1186 3150 1259 3194 eo
1307 3133 1418 3213 qui
1465 3131 1885 3196 obiectionem
1933 3128 2277 3196 adversarii
2323 3133 2454 3196 iam
2502 3132 2640 3216 ipse
2688 3130 2993 3215 praeripit

609 3243 674 3298 et
711 3237 802 3298 sic
841 3234 1170 3319 praecidit.
1212 3233 1345 3314 (Vo
1367 3257 1463 3301 ss.
1507 3237 1670 3302 rhet.
1698 3234 1811 3304 Gr.
1846 3259 1909 3323 p.
1938 3236 2047 3316 24,
2076 3235 2229 3302 369.
2272 3236 2413 3302 Lat.
2440 3235 2621 3316 377).
2660 3233 2870 3302 Schol.
2896 3233 2991 3315 (3)

609 3340 814 3430 Aspro
861 3340 1114 3406 concedi
1160 3348 1388 3426 potest.

697 3505 763 3571 11
810 3504 1061 3588 4.7(5)
1130 3507 1270 3595 Ego
1333 3515 1491 3594 puto
1559 3515 1998 3587 „commutare
2059 3507 2294 3575 verba’'
2360 3529 2497 3574 esse
2554 3529 2697 3595 pro
2749 3509 2987 3574 bonis

607 3612 866 3678 dictis
912 3612 1084 3679 mala
1126 3616 1450 3700 ingerere,
1501 3615 1620 3680 hoc
1668 3621 1765 3680 est
1813 3614 2137 3680 iracundia
2175 3617 2243 3679 in
2282 3613 2628 3681 maledicta
2666 3613 2988 3701 compelli.

696 3717 836 3784 Hoc
897 3719 1246 3798 scholium,
1312 3719 1482 3804 quod
1545 3718 1919 3805 obloquitur
1982 3719 2230 3785 Donato
2291 3723 2360 3784 in
2421 3721 2542 3802 (4),
2604 3713 2989 3807 iampridem

603 3824 857 3890 Editori
905 3823 1296 3891 reddendum
1345 3846 1480 3890 esse
1526 3825 1716 3891 docui
1762 3825 2038 3908 (Mnem.
2084 3826 2340 3892 XXXII
2386 3849 2447 3913 p.
2499 3826 2677 3908 223).

673 4086 726 4150 1)
761 4085 928 4134 Utitur
965 4084 1038 4132 W.
1073 4084 1354 4148 praesertim
1390 4085 1477 4133 hoc
1509 4085 1610 4134 loco
1645 4089 1698 4134 ut
1727 4083 1847 4134 illud
1874 4083 2044 4150 probet
2073 4084 2131 4134 de
2150 4085 2369 4136 omnibus
2386 4086 2693 4138 citationibus
2708 4087 2988 4148 Lucilinni03

599 4171 649 4215 et
665 4181 791 4215 sane
824 4167 856 4214 11
878 4183 907 4216 ιι
926 4166 944 4214 1
965 4183 994 4215 ιι
1011 4181 1033 4214 s
1065 4165 1235 4214 acholii
1262 4167 1529 4231 exemplum
1565 4166 1752 4216 invenit
1782 4166 1842 4217 D.
1871 4167 1996 4232 apud
2030 4184 2060 4233 q
2081 4184 2111 4217 ιι
2132 4184 2157 4217 c
2176 4183 2206 4218 n
2224 4168 2254 4217 d
2273 4183 2303 4218 a
2320 4184 2368 4218 m
2382 4207 2396 4228 ,
2426 4169 2636 4220 dicamus
2664 4172 2892 4236 Asprum,
2912 4171 2992 4220 ned

601 4263 708 4297 cnm
759 4248 835 4296 W.
884 4247 954 4296 ita
1000 4247 1182 4312 pergitz
1233 4248 1380 4296 „Wu
1423 4248 1530 4297 hier
1575 4248 1625 4300 in
1672 4249 1826 4299 einem
1871 4249 2005 4300 Faue
2039 4250 2202 4300 direkt
2230 4249 2428 4315 bezengt
2464 4252 2542 4311 ist.
2580 4253 2610 4301 d
2628 4256 2659 4301 fi
2678 4267 2704 4302 r
2720 4253 2746 4301 f
2756 4267 2783 4301 e
2800 4269 2833 4302 n
2868 4269 2909 4302 w
2926 4253 2942 4302 i
2961 4267 2986 4301 r

601 4329 758 4378 wohl
796 4328 1321 4379 nnbcdenklich
1354 4330 1524 4379 anch
1562 4331 1677 4379 fiir
1711 4332 2015 4382 anderen
2052 4331 2247 4382 Falla
2283 4331 2679 4393 annehmcn,”
2708 4333 2985 4384 mihioffam

607 4410 810 4477 logicam
842 4412 1086 4478 proponit,
1121 4427 1264 4476 quam
1297 4412 1374 4462 vel
1407 4415 1604 4464 centeno
1639 4417 1837 4478 gutture
1871 4431 2038 4466 vorare
2072 4430 2316 4480 nequeam.
