3246 5085
1287 362 1600 412 nonnus.
2550 344 2635 410 25

253 527 584 610 illustrare
622 534 684 593 et
728 527 1056 594 defendere
1096 529 1384 594 conabor.
1443 529 1794 613 Persequar
1834 530 2048 594 omnia
2086 527 2355 606 scholia,
2396 549 2555 613 quae
2578 531 2647 593 in

257 633 660 700 Eunucho
710 640 778 699 et
823 634 1324 699 Phormione
1367 637 1426 699 ei
1467 634 1855 719 adsignanda
1895 654 2031 699 esse
2070 639 2329 720 putem,
2372 655 2646 718 quorum

257 738 422 803 duae
467 741 704 823 species
753 738 1240 825 distinguendae
1286 744 1457 803 sunt.
1507 740 1807 803 Primum
1846 742 1902 803 is
1940 759 2192 824 quoque
2231 741 2639 823 repetitiones

261 842 437 907 dedit
481 850 673 927 atque
720 851 1010 929 excerpta
1061 850 1125 908 et
1169 843 1541 928 compendia
1588 842 1981 908 scholiorum
2029 843 2299 922 Donati,
2340 844 2450 908 sed
2488 843 2638 908 stilo

253 947 447 1033 longe
509 947 761 1013 diverso
819 954 1072 1014 exarata
1119 954 1183 1013 et
1229 969 1390 1034 quae
1436 948 1638 1035 vulgo
1683 948 2015 1013 aemulum
2063 949 2332 1034 prodant
2375 948 2635 1014 Aelium

257 1056 571 1140 corrigere
635 1058 699 1119 et
761 1075 1060 1140 superare
1120 1058 1505 1139 cupientem.
1557 1054 1886 1119 Accedunt
1934 1054 2080 1118 dein
2122 1053 2645 1138 interpolationes

254 1162 717 1243 cuiuscumque
779 1162 1034 1245 generis
1095 1163 1498 1235 innumerae,
1549 1159 1855 1225 Donateis
1902 1159 2158 1225 scholiis
2206 1159 2504 1235 suffixae,
2553 1161 2650 1222 in-

256 1269 516 1352 sertae„
541 1267 726 1327 iuxta
762 1267 1004 1348 positae
1041 1270 1155 1329 aut
1193 1269 1537 1349 oppositae.
1587 1265 1875 1349 Utraque
1900 1268 2139 1351 species
2162 1284 2645 1349 nonnumquam

257 1377 396 1433 tam
456 1389 686 1452 parum
747 1369 986 1446 differt,
1049 1377 1122 1434 ut
1185 1391 1314 1434 non
1375 1373 1713 1455 separatim
1766 1371 1875 1435 sed
1922 1390 2050 1434 una
2096 1372 2257 1434 serie
2304 1377 2645 1454 utramque

254 1479 527 1537 tractare
599 1476 800 1538 satius
873 1477 978 1538 sit.
1049 1473 1340 1539 Efficiam
1411 1481 1626 1538 tamen
1689 1480 1761 1538 ut
1824 1473 2040 1558 aliqua
2100 1475 2341 1537 ratione
2404 1472 2646 1537 scholia

255 1578 455 1642 altera
493 1578 570 1642 ab
611 1577 828 1643 alteris
865 1578 1369 1664 distinguantur.
1442 1578 1618 1644 Haec
1660 1584 1879 1644 autem
1920 1576 2398 1662 Interpolatoris
2444 1580 2646 1642 nostri

256 1685 604 1766 specimina
649 1683 1045 1748 inducuntur
1090 1705 1202 1768 per
1249 1669 1594 1769 particulas
1642 1704 1833 1768 supra
1880 1682 2109 1747 relatas
2156 1688 2221 1746 et
2265 1685 2639 1767 praesertim

255 1809 368 1873 per
413 1788 795 1864 antitheses,
844 1811 962 1852 non
991 1825 1074 1837 —
1097 1791 1204 1852 sed
1240 1792 1408 1866 sim„
1458 1792 2014 1874 interrogationes,
2056 1811 2155 1864 an,
2196 1793 2396 1850 utrum
2424 1823 2507 1835 —
2534 1811 2633 1863 an,

255 1896 424 1968 sim„
473 1893 814 1969 formulas,
864 1895 1101 1957 rettulit
1145 1896 1228 1956 ad
1254 1932 1334 1943 —-
1363 1897 1447 1958 ad
1491 1901 1556 1959 et
1601 1893 1955 1979 permultas
2000 1893 2175 1958 alias.

347 1999 469 2062 His
511 1998 1104 2083 interpolationibus
1147 2003 1216 2063 in
1254 2000 1528 2064 editione
1568 2021 1686 2064 sua
1720 1998 1935 2064 locum
1977 1998 2183 2074 dedit,
2222 2002 2299 2062 ut
2336 2000 2640 2081 suspicor,

252 2107 496 2168 iuxta
535 2103 846 2168 Donati
891 2104 1220 2170 scholia
1260 2112 1325 2170 et
1365 2105 1563 2170 talem
1603 2105 1951 2170 editionem
1991 2104 2289 2168 adhibuit
2328 2101 2647 2188 Compi-

254 2209 499 2273 lator.
563 2207 692 2272 Ubi
738 2217 953 2274 tamen
1002 2210 1104 2274 IP
1152 2231 1265 2294 pro
1313 2210 1613 2275 Donateis
1660 2231 1829 2275 nova
1874 2210 2210 2275 substituit
2255 2214 2318 2272 et
2362 2210 2644 2293 genuina

262 2316 518 2390 omisit,
585 2311 982 2398 Gompilator
1039 2315 1194 2380 haec
1241 2336 1318 2379 ex
1365 2314 1490 2380 alio
1537 2316 1712 2380 fonte
1755 2314 2000 2396 intulit..
2048 2313 2191 2377 Hoc
2239 2318 2455 2377 tamen
2500 2333 2644 2378 raro

260 2418 527 2495 accidit,
591 2420 928 2503 quoniam,
991 2426 1067 2483 ut
1112 2439 1305 2505 supra
1353 2419 1674 2496 vidimus,
1724 2418 2148 2502 Interpolator
2192 2438 2457 2482 suarum
2499 2420 2646 2482 imi-

260 2525 580 2588 tationum
627 2527 1166 2608 comparationem
1215 2546 1363 2590 cum
1410 2523 1670 2590 scholiis
1716 2526 2037 2611 germanis
2084 2544 2209 2588 non
2263 2522 2471 2609 fugit,
2534 2521 2646 2587 sed

260 2630 477 2712 potius
545 2632 864 2712 quaesivit
933 2636 998 2694 et
1070 2637 1490 2713 utrorumque
1561 2632 1860 2693 notitiam
1920 2627 2261 2693 lectoribus
2323 2628 2637 2711 praebuit.

259 2730 658 2817 Compilator
703 2742 920 2798 autem
967 2742 1294 2819 praeterea
1341 2735 1671 2800 transtulit
1717 2755 2026 2820 magnum
2074 2754 2416 2797 numerum
2465 2732 2639 2797 addi-

259 2843 730 2915 tamentorum,
780 2850 1220 2924 excerptorum
1243 2887 1256 2913 ,
1305 2839 1827 2923 compendiorum
1848 2888 1863 2917 ,
1916 2858 2074 2923 quae
2113 2839 2419 2922 temporis
2455 2836 2639 2921 lapsu

256 2963 394 3007 sese
439 2945 920 3009 insinuaverant
960 2947 1030 3007 in
1077 2950 1514 3009 commentum
1561 2944 1641 3009 ab
1687 2942 2141 3026 interpolatore
2186 2947 2632 3018 retractatum,

265 3082 352 3095 —-
396 3067 543 3111 nam
591 3050 807 3132 ipsum
855 3058 1294 3114 commentum
1340 3049 1574 3115 Donati
1621 3050 1983 3135 genuinum
2032 3068 2106 3112 ex
2144 3066 2289 3111 mea
2327 3049 2642 3111 sententia

257 3171 382 3216 non
443 3151 773 3230 adhibuit,
821 3188 905 3202 --
946 3161 1059 3218 aut
1119 3153 1502 3240 legebantur
1562 3157 1633 3218 in
1678 3154 2081 3239 marginibus
2128 3152 2479 3217 editionum
2528 3151 2643 3215 'I'e-

257 3258 711 3322 rentianarum.
775 3258 914 3338 Qua
974 3262 1215 3324 ratione
1272 3281 1349 3324 ex
1412 3260 1516 3324 his
1563 3259 1898 3325 elementis
1946 3265 2196 3323 nostrae
2244 3256 2639 3321 scholiorum

260 3361 665 3427 collectiones
724 3367 1000 3428 maiores
1060 3368 1457 3444 exstiterint,
1505 3366 1620 3429 ubi
1680 3385 1839 3449 opus
1888 3370 1983 3427 est
2031 3362 2385 3427 identidem
2447 3360 2645 3426 decla-

255 3488 396 3531 rare
459 3469 748 3533 conabor.
813 3468 1265 3554 Gompilatoris
1328 3490 1586 3556 operam
1648 3471 1718 3534 in
1778 3475 2139 3534 commento
2202 3467 2644 3532 constituendo

255 3594 387 3637 non
433 3592 740 3658 magnam
786 3574 982 3638 fuisse
1031 3575 1376 3659 apparebit.

350 3806 386 3887 ᾗ
428 3803 490 3868 3.
538 3803 1267 3900 Interpplationes
1313 3808 1397 3869 in
1444 3805 1845 3870 Eunucho
1896 3811 1975 3869 et
2021 3804 2542 3870 Phormione.

349 4000 548 4080 Quale
606 4002 1176 4086 interpolationum
1224 4022 1436 4087 genus
1483 4000 1852 4087 intelligam
1896 4022 2089 4108 supra
2132 4000 2449 4066 declaravi
2488 4023 2547 4085 p.
2601 4002 2641 4066 9

257 4272 660 4324 Parallelamcnte
693 4288 720 4322 ι
755 4276 942 4324 Donato
975 4272 1188 4323 abbiamo
1222 4271 1402 4337 l'opera
1434 4272 1484 4321 di
1521 4288 1586 4322 un
1619 4286 1706 4321 suo
1736 4272 2119 4337 compendiatore
2145 4274 2242 4335 (sed
2271 4272 2381 4337 plus
2409 4276 2481 4323 cst
2496 4288 2641 4337 quam

257 4355 648 4419 compendiorum
698 4354 970 4415 conlector),
1024 4354 1110 4403 che
1143 4354 1211 4417 gli
1245 4370 1307 4404 va
1337 4354 1472 4418 qnasi
1504 4370 1691 4419 semprc
1725 4354 1775 4403 di
1808 4354 1911 4419 pari
1948 4370 2111 4419 passu:
2148 4370 2175 4401 e
2208 4352 2303 4402 cosi
2338 4370 2453 4403 sono
2487 4355 2589 4403 nati
2623 4355 2640 4403 i

263 4435 506 4502 doppioni.
541 4438 674 4486 Stud.
710 4435 819 4485 Ital.
855 4434 937 4485 ΠΙ
972 4436 1062 4485 841
1104 4435 1164 4484 al.
1201 4436 1328 4485 hunc
1362 4435 1667 4485 scholiastam
1702 4435 1961 4501 appellavit
2000 4434 2065 4485 .ss
2095 4434 2477 4485 continuatore‘’.
