3246 5085
1307 344 1685 395 rumorum.
2555 328 2684 396 169

283 515 398 603 gia
460 511 824 580 Aristotelis
886 512 1214 579 doctrinae
1276 532 1604 599 superesse
1666 511 1835 598 apud
1898 511 2211 578 Photium
2272 533 2333 578 v.
2398 510 2549 586 Ῐννος
2618 519 2685 579 et

287 625 484 691 νᾶνος.
532 620 757 707 Itaque
806 619 1012 687 foetus
1057 622 1126 683 in
1175 624 1356 685 utero
1395 623 1734 706 aegrotans
1754 668 1769 697 ‚
1810 620 1996 684 cuius
2036 625 2230 705 caput
2268 624 2335 685 et
2369 618 2682 707 genitalia

287 748 483 814 supra
547 726 814 793 modum
875 730 1248 805 creverunt,
1313 724 1563 810 reliquo
1609 723 1985 812 corpusculo
2034 724 2230 791 debili
2277 733 2343 791 et
2386 725 2644 793 infirmo
2666 776 2681 803 ‚

289 834 529 901 dicitur
591 837 764 906 νοῖνος
827 833 897 899 id
943 837 1040 898 est
1085 838 1424 899 monstrum.
1476 832 1661 912 Quod
1704 852 1906 919 quum
1954 833 2264 898 obstetrix
2314 831 2400 898 ali
2447 832 2649 899 credit
2665 882 2682 913 ,

284 943 428 1005 sive
494 944 664 1006 certa
727 942 913 1027 signa
959 945 1211 1016 secuta,
1261 940 1400 1005 sive
1445 940 1707 1003 incertis
1754 939 2226 1024 suspicionibus
2271 944 2338 1004 et
2383 942 2687 1026 supersti-

283 1048 571 1112 tionibus
633 1044 905 1123 confisa,
968 1051 1045 1110 ut
1097 1051 1429 1110 succurrat
1474 1053 1554 1125 τῇ
1611 1043 2118 1125 μαλακιζομένῃ,
2167 1043 2321 1110 facit
2364 1045 2685 1111 abortum.

285 1154 582 1221 Admove
625 1174 794 1219 nunc
836 1152 1126 1218 Platonis
1162 1151 1380 1217 locum
1421 1157 1486 1217 et
1523 1150 1791 1217 fortasse
1830 1151 1996 1216 mihi
2034 1150 2215 1217 dabis
2244 1138 2470 1217 verum
2513 1170 2683 1217 esse:

288 1260 394 1325 καὶ
463 1264 696 1325 νᾶνον
759 1257 838 1325 ἂν
899 1257 1039 1340 δόξῃ
1103 1258 1508 1337 ὦμβλίσκειν,
1559 1257 2046 1335 ἆμβλίσκουσιν.
2102 1258 2341 1334 Σεμναὶ
2392 1252 2565 1323 οὖσαι
2618 1260 2686 1323 αἱ

285 1373 480 1445 μαῖαι
528 1388 654 1432 non
701 1365 1008 1431 necabant
1054 1366 1179 1430 nisi
1225 1364 1396 1451 quod
1443 1383 1567 1430 non
1617 1362 1818 1430 vitale
1864 1364 2046 1430 foret.

373 1586 536 1653 Ibid.
584 1607 646 1672 p.
697 1582 933 1651 155B:
982 1582 1134 1651 ὅταν
1183 1591 1401 1666 Φῶμεν
1449 1584 1558 1660 ἐμὲ
1602 1582 1903 1658 τηλικόνδ·
1944 1582 2089 1648 ὄντα
2130 1582 2291 1659 μήτε
2333 1580 2674 1659 αὐξηθέντα

282 1694 449 1773 μήτε
489 1694 834 1759 τούναντίον
873 1692 1189 1770 παθόντα,
1229 1693 1308 1756 ἐν
1348 1692 1689 1771 ἐνιαυτῷ
1729 1693 1835 1755 σοῦ
1878 1694 1984 1755 τοῦ
2024 1688 2153 1755 νέου
2194 1694 2295 1755 νῦν
2332 1690 2446 1768 μὲν
2487 1688 2675 1770 μείζω

283 1796 473 1878 εἶναι,
538 1797 738 1877 ὕστερον
800 1800 852 1863 δ’
917 1798 1183 1864 ἐλάττω.
1253 1797 1644 1863 Admonitus
1708 1818 1897 1863 nemo
1958 1796 2171 1862 credet
2218 1799 2309 1862 sic
2356 1798 2684 1882 scripsisse

282 1906 619 1973 Platonem
661 1910 727 1972 et
763 1908 972 1991 primo
1011 1906 1248 1971 obtutu
1288 1908 1731 1991 unusquisque
1769 1902 2009 1970 incidet
2042 1906 2111 1969 in
2155 1904 2213 1967 ἐν
2256 1902 2365 1968 ἓν)
2408 1903 2679 1984 ἐνιαυτῷ.

282 2012 478 2079 Feret
522 2012 642 2078 hoc
687 2032 836 2078 sane
883 2009 1283 2077 tolerabilius
1322 2031 1517 2097 quam
1555 2010 1831 2097 vulgata
1868 2009 2059 2076 lectio
2077 2058 2094 2089 ‚
2136 2010 2245 2076 sed
2284 2007 2451 2104 nibil
2492 2012 2681 2077 otiosi

283 2119 758 2203 admittendum
821 2124 916 2183 est
976 2120 1046 2183 in
1109 2139 1326 2205 pressa
1386 2124 1452 2183 et
1513 2119 1819 2183 concinna
1881 2116 2164 2183 Socratis
2225 2117 2675 2203 disputatione.

279 2228 556 2293 Prorsus
595 2222 760 2290 nihil
799 2224 878 2290 ad
915 2246 1086 2302 rem,
1129 2229 1353 2290 utrum
1393 2244 1556 2289 anno
1599 2229 1887 2290 vertente
1924 2222 2310 2289 Theaetetus
2349 2223 2678 2289 Socratem

283 2340 532 2399 statura
599 2336 861 2417 superet
919 2353 1000 2396 an
1063 2338 1300 2418 postea.
1371 2330 1610 2397 Reseca
1672 2336 1973 2416 corrupta
2035 2330 2230 2397 verba
2294 2334 2359 2395 et
2420 2350 2681 2416 prorsus

279 2437 448 2505 nibil
495 2440 808 2524 requires:
857 2436 1169 2523 quidquid
1211 2436 1530 2503 addideris
1549 2485 1565 2515 ,
1608 2435 1793 2503 facile
1832 2435 2161 2523 intelliges
2198 2436 2267 2502 id
2304 2435 2473 2503 male
2507 2436 2674 2503 addi.

283 2547 508 2632 Itaque
566 2568 690 2612 non
721 2545 1075 2614 ,intercedo
1137 2547 1483 2631 quominus
1531 2545 1598 2610 id
1647 2545 1817 2631 quod
1864 2544 2147 2610 abundat
2191 2551 2256 2611 et
2298 2544 2559 2611 offendit
2604 2547 2673 2610 in

280 2655 648 2740 marginem
691 2651 1036 2738 relegetur,
1085 2651 1274 2718 modo
1323 2653 1516 2718 verba
1560 2654 1655 2717 ita
1702 2652 2061 2717 scribantur
2097 2657 2171 2716 ut
2210 2651 2497 2736 intelligi
2535 2673 2675 2737 pos-

277 2763 366 2826 sit
427 2758 598 2824 unde
658 2758 950 2824 Platonis
1013 2765 1230 2824 textus
1295 2763 1428 2824 tam
1475 2761 1643 2823 mire
1692 2761 1973 2844 potuerit
2018 2760 2361 2844 inquinari.
2411 2757 2577 2837 Quid
2620 2761 2675 2824 si

277 2865 360 2932 ad
405 2865 475 2931 id
521 2863 691 2951 quod
735 2871 833 2931 est
879 2865 1226 2930 τούναντίον
1274 2864 1672 2950 adscriptum
1721 2865 1847 2928 fuit
1894 2863 2088 2929 olim:
2140 2865 2199 2927 ἒν
2249 2864 2417 2936 ἐνίοις
2472 2865 2500 2928 ε’
2515 2889 2679 2928 ναν-

280 2975 360 3038 τί
376 2997 419 3036 ω
441 2996 492 3042 ς.
556 2970 880 3037 Incertum
943 2971 1062 3037 hoc
1122 2992 1258 3038 esse
1321 2969 1532 3037 dices?
1580 2969 1876 3038 Concedo
1925 2977 1989 3036 et
2034 2970 2387 3058 amplectar
2431 2973 2487 3036 si
2533 2973 2679 3058 quis

275 3074 774 3165 probabiliorem
820 3080 1138 3143 rationem
1184 3075 1498 3156 attulerit,
1546 3077 1657 3142 sed
1704 3097 1777 3143 ea
1824 3083 1921 3142 est
1960 3083 2323 3142 nostrorum
2365 3075 2676 3145 Codicum

279 3185 586 3264 conditio,
650 3190 725 3249 ut
773 3187 1026 3271 saepius
1071 3205 1268 3270 quam
1314 3182 1517 3250 velles
1541 3233 1558 3262 ,
1603 3186 1865 3250 incertis
1910 3185 2378 3270 suspicionibus
2428 3192 2677 3251 conten-

280 3299 390 3357 tus
437 3313 571 3358 esse
621 3291 866 3357 debeas.
917 3291 1088 3356 Mihi
1137 3304 1304 3357 certe
1349 3313 1470 3357 non
1521 3292 1839 3378 persuasit
1883 3290 2283 3358 Schmidtius
2329 3291 2409 3356 ad
2444 3290 2680 3358 ‘I'beae-

282 3403 498 3464 tetum
543 3419 606 3484 p.
658 3396 811 3464 454.
1323 3403 1330 3412 “

372 3617 536 3685 Ibid.
592 3615 830 3684 155D:
897 3618 1086 3695 μάλα
1133 3619 1260 3696 γὰρ
1305 3617 1776 3697 Φιλοσόφου
1825 3621 2001 3683 τοῦτο
2050 3618 2131 3698 τὸ,
2171 3618 2383 3692 ποὶθος.
2434 3619 2671 3685 Malim

279 3725 678 3792 adiectivum
720 3725 1183 3806 Φιλόσοφον
1224 3730 1288 3790 et
1327 3725 1448 3790 hoc
1484 3727 1739 3811 ipsum,
1776 3725 2120 3806 Φιλόσοφον
2161 3725 2390 3805 πάθος,
2429 3725 2675 3813 legitur

282 3831 444 3918 Rep.
491 3830 558 3896 ΙΙ
607 3827 738 3897 376
755 3831 829 3896 Β.

370 4034 535 4101 Ibid.
587 4034 824 4101 158B:
889 4031 1042 4100 ὅταν
1103 4037 1155 4100 οἱ
1217 4036 1331 4111 μὲν
1397 4035 1510 4100 θεοὶ
1575 4033 1811 4101 οἴωνται
1872 4032 2066 4116 εἶναι,
2129 4038 2181 4100 οἱ
2231 4036 2291 4101 δὲ
2341 4038 2559 4112 πτηνοί
2604 4061 2672 4103 τε

274 4143 381 4209 καὶ
430 4146 507 4215 ὥς
556 4143 877 4219 πετόμενοι
927 4143 1442 4209 διανοῶνται.
1489 4141 1721 4221 Miror,
1767 4143 1938 4229 quod
1984 4144 2276 4210 nondum
2316 4150 2676 4212 correctum

271 4251 404 4316 fuit
475 4249 1076 4326 διαλέγωνται,
1147 4251 1338 4314 sicuti
1411 4247 1601 4335 paulo
1672 4256 1816 4334 post
1878 4255 2048 4316 recte
2116 4252 2451 4318 scribitur:
2516 4252 2679 4317 οὐδὲν

270 4356 493 4422 κωλύει
563 4356 667 4420 καὶ
719 4357 775 4419 ἐν
824 4357 909 4435 τῷ
961 4353 1122 4434 ὕπνῳ
1172 4358 1473 4428 ἀλλήλοις
1524 4354 1943 4432 διαλέγεσθαι.
1997 4356 2089 4422 De
2136 4357 2458 4424 adverbiis
2506 4355 2670 4437 ὕπαρ

271 4469 338 4531 et
384 4461 524 4542 ὄναρ
571 4464 790 4529 omnia
835 4469 986 4528 nota
1030 4468 1096 4529 et
1144 4462 1291 4530 vide
1339 4483 1500 4549 quae
1548 4460 1789 4548 protuli
1836 4464 2064 4528 Muem.
2120 4463 2294 4530 1888
2338 4487 2401 4551 p.
2457 4462 2605 4530 100.
