3246 5085
644 304 732 372 66
1501 324 1759 372 uncus
1805 323 2181 374 Amonmus.

640 507 778 551 esse
844 491 910 550 et
969 488 1337 553 criticorum
1405 489 1742 573 ingenium
1811 510 1937 554 non
1995 493 2215 557 minus
2274 510 2466 575 quam
2528 490 2607 556 ad
2669 493 3047 557 veritatem

640 592 986 657 eruendam
1005 640 1021 671 ‚
1068 592 1148 658 ad
1193 595 1356 659 vitia
1398 595 1539 678 ipsa
1583 593 1950 680 indaganda
1994 616 2129 661 esse
2176 595 2630 662 adhibendum.

1618 873 2010 882 ᾑ-

1790 1079 1873 1146 ΙΙ.

725 1315 1000 1380 Transeo
1059 1317 1192 1379 iam
1253 1313 1333 1379 ad
1396 1312 1687 1400 singulos
1746 1313 2373 1380 Commentariorum
2417 1313 2620 1391 locos,
2670 1316 2741 1378 in
2786 1315 3047 1400 quibus

633 1421 978 1486 tractandis
1037 1427 1103 1486 et
1162 1440 1235 1485 ea
1293 1441 1454 1505 quae
1515 1441 1709 1505 supra
1772 1422 2109 1505 proposui,
2157 1422 2283 1484 nisi
2330 1422 2548 1484 omnia
2593 1440 2699 1484 me
2744 1418 2995 1486 fallunt
3018 1469 3043 1500 ,

631 1526 1173 1591 confirmabuntur
1234 1531 1300 1590 et
1361 1524 1560 1590 simul
1619 1525 1747 1590 alia
1800 1545 2035 1610 pauca,
2086 1546 2247 1610 quae
2290 1524 2371 1590 ad
2416 1526 2723 1590 Antonini
2766 1532 3039 1590 textum

632 1634 983 1716 pertinent,
1034 1634 1457 1719 attingentur.

722 1735 772 1801 Ι.
829 1735 932 1801 15.
1001 1784 1051 1801 ..
1085 1783 1099 1800 .
1164 1737 1270 1799 καὶ
1320 1738 1387 1800 τὸ
1435 1735 2019 1816 εὐχαριεντίζεσθαι.
2067 1737 2385 1801 Asterisco
2430 1734 2707 1802 notanda
2753 1758 2877 1802 vox
2926 1737 3037 1800 εὖ-

633 1839 1160 1920 χαριεντίζεσθαι,
1208 1861 1370 1924 quae
1415 1847 1481 1904 et
1525 1861 1639 1924 per
1685 1861 1751 1906 se
1799 1846 2094 1926 suspecta
2138 1845 2237 1906 est
2282 1849 2347 1906 et
2392 1842 2470 1906 ab
2515 1841 2637 1906 hoc
2673 1840 2811 1906 loco
2848 1863 3041 1926 pror-

629 1965 740 2008 sus
787 1941 1010 2009 aliena.
1061 1943 1445 2009 Dubitanter
1491 1943 1640 2010 Gat.
1686 1948 1750 2010 οὐ
1790 1947 2279 2027 χαριεντίζεσθαι
2319 1949 2679 2033 proposuit;
2720 1946 3033 2031 equidem

630 2052 941 2114 maiorem
1002 2070 1138 2114 esse
1201 2049 1631 2135 corruptelam
1696 2054 1982 2136 suspicor
2026 2058 2093 2117 et
2137 2051 2335 2117 latere
2380 2051 2509 2118 tale
2554 2051 2743 2136 quid:
2793 2053 2898 2116 καὶ
2951 2053 3031 2116 τὸ

635 2156 856 2234 εὔχαρι
920 2157 980 2220 ἐν
1043 2163 1237 2232 τ<αῒς
1299 2157 1627 2231 ὁμιλίαις)
1672 2156 1780 2222 vel
1839 2156 2051 2223 simile
2099 2157 2284 2242 quid;
2334 2159 2413 2223 cf.
2459 2158 2510 2222 Ι.
2564 2156 2647 2223 17
2698 2157 2787 2222 ἔτι
2834 2159 2897 2223 32
2949 2161 3029 2225 τὸ

636 2263 916 2337 εὐόμιλον
966 2262 1067 2327 καὶ
1119 2261 1340 2342 εὔχαρι
1391 2265 1456 2328 οὐ
1504 2263 1885 2344 κατακόρως.

727 2478 888 2544 Ibid.
941 2478 1047 2545 16.
1098 2479 1199 2544 καὶ
1249 2481 1316 2544 τὸ
1365 2487 1494 2553 τοῖς
1533 2483 1621 2554 εἰς
1670 2481 2003 2560 εὐμάρειαν
2044 2479 2185 2558 βίον
2224 2481 2475 2562 φέρουσί
2515 2505 2610 2559 τι,
2654 2479 2730 2547 ὧν
2771 2485 2804 2557 ἦ
2843 2485 3021 2564 τύχη

634 2586 900 2665 παρέχει
971 2586 1325 2664 δαψίλειαν,
1394 2587 1725 2667 χρηστικὸν
1795 2588 2056 2664 ἀτύφως
2130 2586 2271 2663 ἅμα
2336 2587 2439 2650 καὶ
2504 2589 3023 2666 ἀπροφασίστως.

632 2690 1056 2757 Vehementer
1093 2694 1380 2777 suspicor
1417 2691 1928 2758 emendationem
1966 2700 2232 2771 παρεῖχε
2254 2742 2270 2767 ,
2311 2713 2505 2778 quam
2545 2700 3025 2778 proposuerunt

633 2795 776 2865 Cas.
818 2795 963 2863 Gor.
1003 2796 1148 2863 Sch.
1190 2818 1327 2862 rem
1366 2818 1483 2863 acu
1519 2801 1815 2885 tetigisse
1833 2848 1849 2878 ,
1889 2798 2042 2864 licet
2080 2798 2261 2864 Stich
2300 2820 2440 2864 eam
2464 2820 2544 2863 ne
2567 2801 3029 2866 memoraverit

635 2902 917 2988 quidem.

724 3120 886 3187 Ibid.
923 3120 1082 3186 ibid.
1122 3121 1253 3186 οὐδὲ
1295 3120 1548 3199 λάβρον,
1590 3120 1722 3186 οὐδὲ
1767 3123 1846 3194 ὥς
1888 3120 1963 3185 ἄν
2006 3144 2145 3186 τινα
2188 3122 2381 3187 εἰπεῖν
2406 3143 2591 3186 ποτε·
2620 3118 2730 3194 ἕως
2755 3121 3025 3202 ἱδρῶτος.

634 3226 951 3293 Notabilis
997 3226 1188 3293 lectio
1227 3227 1365 3292 cod.
1415 3227 1471 3291 A
1517 3226 1594 3299 ὥς
1642 3232 1700 3290 τ’
1750 3220 1939 3305 iusi.
1966 3248 2020 3293 e.
2069 3224 2211 3291 ὥστ’
2258 3225 2353 3293 ἄν.

723 3445 882 3511 Ibid.
938 3443 1041 3510 17.
1113 3493 1126 3509 .
1157 3493 1170 3509 .
1200 3493 1214 3510 .
1263 3440 1353 3510 ὅτι
1404 3444 1658 3509 δυνατόν
1709 3444 1891 3521 ἔστιν,
1944 3444 2002 3507 ἐν
2046 3446 2212 3525 αὐλῇ
2259 3445 2517 3521 βιοῦντα
2564 3446 2727 3520 μήτε
2775 3443 3027 3523 δορυφο-

635 3552 855 3630 ρῆσεων
903 3549 1170 3632 χρῄζειν,
1219 3551 1379 3625 μήτε
1429 3551 1688 3623 ἐσθήτων
1735 3555 2103 3626 σημειωτῶν,
2162 3550 2321 3625 μήτε
2371 3550 2718 3624 λαμπάδων
2767 3548 2870 3612 καὶ
2923 3550 3027 3613 ἆν-

633 3654 919 3735 δριοέντων
968 3655 1200 3720 τοιῶνδέ
1243 3679 1414 3720 τινων
1455 3656 1554 3719 καὶ
1597 3660 1702 3719 τοῦ
1748 3656 1949 3731 ὁμοίου
1992 3654 2250 3729 κόμπου.
2291 3655 2499 3720 Locus
2537 3658 2712 3721 varie
2734 3660 3023 3719 ‘tentatus

631 3760 896 3826 fortasse
945 3763 1189 3845 optime
1235 3781 1302 3824 se
1346 3760 1555 3841 habet,
1604 3760 1867 3825 Etenim
1914 3767 1990 3825 ut
2036 3782 2147 3846 per
2196 3782 2421 3827 vocem
2461 3756 2650 3837 οὗτος,
2691 3762 2781 3824 sic
2817 3761 3021 3826 etiam

633 3887 747 3952 per
797 3866 1024 3931 τοιόσδε
1075 3872 1140 3933 et
1186 3867 1454 3938 τοιοῦτός
1502 3890 1597 3939 τις
1647 3867 2007 3931 Antoninus
2054 3866 2396 3953 aliquoties
2442 3886 2568 3929 non
2614 3872 2746 3930 tam
2793 3886 3021 3932 vocem

632 3969 917 4055 aliquam
978 3976 1045 4036 in
1089 3975 1232 4057 ipsa
1277 3974 1596 4039 sententia
1641 3972 2125 4057 praecedentem
2171 3970 2276 4037 vel
2325 3978 2695 4056 sequentem
2743 3970 3025 4035 indicare

633 4076 742 4141 sed
778 4068 887 4141 ‘res
933 4082 1114 4142 notas
1161 4083 1226 4142 et
1270 4082 1336 4142 in
1386 4081 1523 4144 vita
1569 4078 1888 4143 cotidiana
1935 4082 2331 4143 occurrentes
2370 4077 2705 4163 designare
2742 4076 3023 4153 videtur,

632 4184 727 4248 ita
772 4187 848 4246 ut
896 4204 1120 4249 vocem
1167 4188 1434 4256 τοιοῦτος
1481 4184 1611 4257 fere
1648 4183 1874 4249 reddas
1914 4203 2025 4267 per
2061 4183 2365 4264 vulqaris,
2403 4182 2650 4261 solitu-33
2712 4182 2789 4247 cf.
2814 4180 2892 4245 V.
2938 4179 3020 4247 17

635 4286 703 4349 τὸ
753 4286 838 4351 τὰ
887 4289 1168 4352 ἀδύνατα
1217 4288 1443 4353 διώκειν
1491 4287 1785 4363 μανικόν·
1838 4288 2139 4352 ἀδύνατον
2188 4288 2250 4351 δὲ
2300 4289 2369 4351 τὸ
2416 4287 2557 4359 τοὺς
2602 4286 2890 4362 Φαύλους
2932 4287 3020 4359 μὴ

633 4392 896 4455 τοιαῦτα
958 4417 1097 4456 τινα
1159 4402 1368 4459 ποιεῖν.
1431 4394 1655 4477 Itaque
1712 4391 1892 4457 locus
1955 4402 2169 4459 noster
2214 4394 2304 4457 sic
2353 4392 2697 4460 vertendus
2744 4412 2881 4456 esse
2928 4393 3022 4456 vi-
