3246 5085
590 314 723 384 376
1382 334 1467 381 ns
1510 332 1832 383 summme
1875 333 2198 383 mammo.

592 501 831 589 penda,
896 504 1137 587 quippe
1194 520 1357 586 quae
1414 507 1640 586 pareat
1681 522 1806 567 non
1852 499 2110 588 legibus
2155 503 2412 587 scriptis
2457 501 2568 568 s'ed
2609 506 2806 568 unius
2865 503 3018 567 viri

588 607 879 686 libidini,
925 610 1039 693 qui
1085 606 1261 673 801118
1305 613 1537 693 regnet
1582 606 1686 671 τὸν
1731 607 1910 683 νόμον
1959 608 2325 683 κεκτημένος
2367 608 2560 681 αὐτὸς
2599 611 2748 689 παρ’
2783 608 3012 688 αὐτῷ.

586 714 828 781 Verum
876 736 999 779 non
1046 735 1119 779 eo
1163 713 1333 799 quod
1378 713 1621 799 placuit
1668 713 1940 799 populo,
1983 713 2091 779 vel
2127 735 2203 780 eo
2251 714 2424 800 quod
2461 717 2698 801 scripta
2731 720 2834 781 est
2883 714 3014 779 lex

588 823 729 887 sive
772 820 1015 886 Theseo
1062 822 1199 908 sive
1246 822 1385 886 eius
1432 825 1656 907 poetae
1701 826 1918 886 sancta
1966 820 2246 886 videtur.
2297 820 2582 887 Eatenus
2618 822 2722 887 lex
2763 820 3010 887 valeat

588 932 874 1015 oportet,
916 934 1231 1012 quatenus
1267 948 1419 992 cum
1457 948 1533 993 eo
1572 928 1745 1013 quod
1781 930 1850 992 in
1888 926 2232 994 hominum
2269 931 2504 995 animis
2536 931 2703 996 vivit
2733 930 3006 1009 νομίμῳ

587 1036 909 1101 convenit.
2409 1050 2416 1055 ·

679 1140 847 1222 Quid
882 1139 1045 1205 illud
1084 1146 1183 1205 est
1220 1138 1513 1216 νόμιμονῗ
1560 1140 1838 1207 Insitum
1877 1142 2096 1222 nobis,
2137 1140 2562 1208 innatumve?
2605 1142 2704 1207 Ex
2740 1148 3000 1207 natura

584 1252 725 1335 ipsa
786 1268 867 1312 an
930 1268 1007 1311 ex
1067 1244 1441 1312 educatione
1503 1245 1949 1333 procreatum?
2005 1247 2170 1314 Nolo
2215 1247 2334 1314 hoc
2379 1250 2604 1313 statim
2648 1268 3000 1333 quaerere.

586 1354 884 1419 Primum
923 1373 1179 1418 monere
1214 1352 1485 1418 lectores
1525 1351 1760 1433 velim,
1803 1358 1916 1419 vix
1947 1344 2298 1440 quidquam
2336 1354 2711 1441 Euripidem
2736 1353 3000 1421 vidisse

586 1464 656 1526 in
703 1466 918 1525 mente
966 1461 1248 1525 humana
1292 1462 1561 1545 gravius
1612 1459 2012 1527 excelsiusve
2059 1482 2256 1548 quam
2297 1460 2482 1526 illud.
2529 1460 2650 1526 Est
2695 1462 2872 1527 enim
2927 1464 2994 1527 is

585 1588 808 1633 sensus
850 1569 1010 1632 iusti
1054 1566 1364 1653 probique
1408 1566 1587 1647 (ἱερὸν
1635 1577 1743 1642 τῆς
1795 1569 1985 1641 Δίκης
2034 1567 2102 1632 id
2147 1573 2334 1634 vocat
2379 1566 2678 1633 Theonoe
2710 1569 2781 1632 in
2819 1566 2988 1633 Hel.

592 1672 795 1751 1003)
843 1675 955 1759 qui
1000 1675 1067 1738 in
1112 1670 1591 1739 calamitatibus
1637 1674 1966 1759 desperare
2011 1678 2190 1739 vetet
2237 1694 2381 1752 nos,
2423 1680 2499 1738 ut
2538 1677 2634 1739 est
2671 1676 2734 1737 in
2773 1671 2996 1739 Belle-

586 1780 899 1865 rophonte
946 1779 1049 1860 (fr.
1099 1777 1259 1859 292)

950 1887 1106 1951 νόσοι
1154 1885 1217 1951 δὲ
1264 1886 1486 1958 θνητῶν
1531 1910 1597 1950 αι
1646 1886 1760 1964 μέν
1807 1887 1922 1951 eia-⁹
1970 1887 2313 1971 αὐθαίρετοι

952 1984 1019 2057 αἳ
1064 1993 1117 2059 δ’
1165 1993 1234 2058 ἐκ
1283 1992 1423 2059 θεῶν
1468 1992 1769 2074 πάρεισιν,
1819 1994 1992 2059 ἀλλὰ
2041 1996 2124 2074 τᾷ·
2173 1991 2335 2073 νόμῳ

950 2098 1155 2176 1ὦμεθ·
1205 2098 1429 2178 αὐτάς,

587 2209 743 2293 quin
804 2205 1295 2272 fundamentum
1356 2204 1472 2271 illa
1532 2207 1633 2273 vis
1686 2209 1846 2271 iusti
1893 2206 2156 2292 praebet-
2201 2227 2328 2292 quo
2371 2207 2621 2273 nitatur
2665 2208 2778 2292 qui
2823 2206 2978 2271 deos

588 2335 723 2380 esse
792 2312 1025 2380 credat.
1095 2312 1303 2393 Quam
1364 2315 1493 2377 sint
1550 2312 1821 2398 proclivi
1886 2313 2178 2379 homines
2239 2313 2578 2400 Euripidei
2637 2312 2718 2378 ad
2777 2312 2974 2379 fidem

587 2420 853 2486 deorum
916 2418 1345 2504 proiciendam
1408 2418 1682 2484 simulac
1734 2420 1907 2485 iusta
1952 2421 2213 2485 iniustis
2258 2422 2434 2485 vinci
2478 2421 2570 2485 eis
2613 2420 2974 2497 videantur,

584 2524 655 2592 id
708 2524 1019 2612 exemplis
1064 2525 1496 2593 demonstrare
1544 2528 1848 2592 otiosum.
1899 2523 2270 2594 Consentiet
2317 2524 2518 2592 lector
2563 2528 2776 2611 quivis
2821 2547 2972 2592 cum

587 2633 1001 2719 Athenagora
1050 2633 1233 2719 (Leg.
1286 2654 1398 2719 pro
1444 2630 1683 2699 Christ.
1730 2654 1784 2698 c.
1835 2632 1918 2698 25
1969 2655 2032 2718 p.
2087 2632 2235 2698 144.
2261 2630 2350 2697 22
2397 2629 2642 2712 Geffk.)
2700 2631 2773 2696 τὸ
2825 2635 2974 2712 παρ’

587 2729 819 2804 {aa-ih
868 2737 970 2803 καὶ
1022 2738 1189 2814 δίκην
1228 2735 1294 2804 εὖ
1336 2739 1632 2816 πράττειν
1669 2741 1703 2816 ἢ
1746 2745 1946 2811 κακῶς
1989 2739 2048 2802 ἐν
2087 2741 2344 2823 ἀφασίᾳ
2385 2739 2488 2804 τὸν
2527 2738 2858 2819 Εὐριπίδην
2887 2776 2970 2789 -

584 2849 789 2913 11111110
851 2847 1146 2912 homines
1205 2847 1285 2912 ab
1343 2845 1654 2932 Euripide
1713 2848 1783 2911 in
1841 2865 2096 2912 scenam
2154 2847 2488 2913 arcessitos
2535 2881 2622 2896 —-
2670 2845 2972 2925 ἐποίησεν,

586 2955 741 3025 τίνος
794 2955 829 3028 ἦ
878 2952 1131 3026 τοιαύτη
1182 2957 1299 3016 τῶν
1345 2953 1670 3032 marsim
1716 2952 2003 3027 διοίκησις
2051 2953 2111 3016 ἐν
2159 2948 2196 3033 ἦ
2241 2950 2397 3017 εἴποι
2443 2975 2537 3024 τις
2584 2949 2694 3015 ἄν·

948 3066 1073 3131 πῶς
1124 3055 1221 3125 οὖν
1267 3057 1407 3123 τάδ’
1456 3060 1797 3140 εἷσορῶντες
1846 3059 1879 3135 ἢ
1928 3061 2070 3124 θεῶν
2118 3057 2296 3138 γένος

946 3161 1101 3231 εἶναι
1148 3163 1453 3250 λέγωμεν,
1505 3165 1540 3241 ἢ
1588 3163 1818 3242 νόμοισι
1862 3166 2192 3246 χρώμεθας

675 3273 807 3339 Nec
870 3279 1086 3339 tamen
1130 3277 1419 3359 perstant
1465 3275 1533 3337 in
1576 3271 1974 3339 dubitatione
2015 3271 2133 3338 illa
2179 3293 2340 3359 quae
2385 3271 2463 3338 de
2509 3271 2608 3338 dis
2653 3271 2964 3360 desperat.

584 3379 817 3446 Omnia
855 3401 1072 3461 ruere,
1121 3379 1394 3446 simulac
1442 3380 1611 3446 absit
1655 3379 1725 3444 τὸ
1773 3378 2048 3458 νόμιμον,
2095 3379 2368 3446 simulac
2407 3381 2476 3444 τὸ
2515 3378 2790 3445 ἄσεπτον
2829 3377 2964 3461 ἔχει

586 3485 845 3564 δύναμιν
888 3484 1057 3572 (Iph.
1107 3486 1183 3552 A.
1238 3484 1412 3551 1089
1438 3492 1604 3572 sqq.)
1650 3507 1723 3552 ac
1771 3491 2084 3574 tyrannus
2130 3485 2384 3552 libidini
2432 3484 2772 3574 indulgeat

946 3590 1123 3670 νόμον
1171 3590 1508 3672 παρέμενος
1556 3593 1786 3676 ανομία
1830 3592 2015 3672 χάριν
2064 3592 2253 3665 διδούς

581 3701 721 3785 ipsa
767 3700 905 3765 vita
950 3695 1158 3764 edocti
1201 3695 1585 3784 plerumque
1632 3704 2007 3784 agnoscunt.

674 3801 936 3891 Cogitat
973 3805 1192 3890 itaque
1229 3802 1569 3890 Euripides
1608 3803 1853 3890 Legem
1893 3802 2240 3890 duplicem.
2281 3763 2398 3870 Est
2437 3803 2677 3882 νόμος”
2637 3827 2962 3885 atypus-roc

582 3912 695 3997 qui
738 3911 919 3996 viget
966 3907 1265 3996 valetque
1309 3913 1375 3974 in
1422 3915 1637 3975 mente
1683 3909 1962 3976 hominis
2002 3948 2086 3961 —-
2127 3911 2266 3976 sive
2304 3912 2518 3976 mavis
2557 3931 2710 3976 eum
2757 3910 2966 3978 dicere

587 4015 780 4090 Δίκην
818 4014 1101 4096 (Heracl.
1149 4009 1304 4096 104)
1341 4017 1477 4082 sive
1510 4017 1756 4095 Ὀσίαν,
1800 3991 2316 4102 quandoquidem
2350 4015 2548 4082 deus
2528 4037 2668 4102 ipse
2687 4017 2759 4080 in
2781 4017 2966 4082 nobis

584 4130 681 4188 est
718 4121 824 4186 vel
862 4121 1067 4188 divini
1104 4123 1391 4188 numinis
1428 4124 1499 4186 in
1537 4123 1753 4188 animo
1791 4129 2004 4189 nostro
2033 4124 2251 4209 imago
2276 4122 2590 4207 quaedam
2613 4127 2678 4188 et
2703 4122 2962 4200 umbra,

946 4227 973 4292 ὃ
1024 4232 1150 4299 νοῦς
1199 4227 1327 4309 γὰρ
1375 4230 1541 4306 ημῶν
1593 4231 1759 4293 ἐστιν
1807 4230 1867 4294 ἐν
1915 4229 2156 4310 ἑκάστῳ
2203 4231 2329 4301 θεός
2377 4228 2484 4310 (fr.
2537 4227 2740 4310 1018)
2790 4265 2876 4278 —-

580 4333 700 4400 illa
760 4335 976 4420 itaque
1034 4333 1171 4413 lex,
1236 4355 1397 4422 quae
1458 4335 1536 4400 ab
1583 4336 2022 4413 ἀγνωμοσύνης
2071 4337 2436 4422 arrogantia
2482 4333 2820 4401 mortalem
2865 4335 2970 4400 de·

580 4445 775 4508 terret
818 4447 883 4508 et
930 4440 1251 4510 dissuadet
1297 4463 1377 4508 ne
1422 4447 1682 4528 spernat

3225 8 3230 245 4
