3246 5085
1175 340 1259 390 nn
1306 342 1459 389 man
1503 340 1783 389 nomano.
2520 322 2662 389 ’391

278 510 385 570 cui
442 508 795 571 intervenit
852 507 1405 573 accommodatum
1471 528 1626 573 esse.
1691 506 2008 573 Similiter
2069 510 2316 575 turbari
2377 516 2589 575 censet
2615 508 2666 589 ¹)

274 614 633 689 rationem,
684 633 887 697 quum
936 620 1147 678 totum
1196 620 1453 699 petatur
1492 620 1558 680 et
1595 634 1740 699 pars
1779 614 2174 693 defendatur,
2217 636 2420 701 neque
2461 620 2665 696 enim,

276 738 481 803 quum
542 722 717 783 actor
786 718 1019 784 dixerit
1085 721 1287 783 hunc
1354 743 1485 803 eqo
1547 721 1924 785 hominem
1982 744 2210 786 meum
2272 744 2443 785 esse
2503 723 2664 801 aie,

272 824 497 889 eadem
538 824 777 903 dicere,
819 828 930 910 qui
968 826 1348 911 respondeat
1382 827 1583 890 hunc
1622 850 1752 908 eqo
1793 827 2164 891 hominem
2213 834 2385 909 (pro
2423 836 2668 911 parte

274 929 653 1009 dimidia)
701 952 931 994 meum
978 954 1147 995 esse
1202 932 1347 997 ai0.
1396 933 1570 1012 Quae
1611 932 1934 999 cavillatio
1983 941 2116 1013 est;
2165 941 2418 1019 praetor
2454 937 2665 1013 enim,

272 1056 480 1121 quum
549 1045 725 1103 actor
792 1044 1002 1102 totum
1075 1038 1530 1117 vindicaverit,
1602 1042 1996 1125 interrogato
2059 1040 2421 1105 adversario
2449 1038 2520 1121 ²),
2586 1064 2668 1104 an

272 1150 483 1207 contra
538 1144 833 1222 vindicet,
887 1164 1091 1229 quum
1136 1148 1193 1208 is
1239 1144 1636 1230 responderit
1682 1152 1932 1230 partem
1978 1145 2316 1211 dimidiam
2364 1154 2666 1231 paratum

270 1271 341 1315 se
402 1250 759 1328 vindicare,
821 1257 1069 1335 partem
1118 1250 1455 1316 dimidiam
1504 1255 1708 1318 actori
1755 1251 2039 1331 addicet,
2088 1273 2213 1337 quo
2259 1252 2426 1317 facto
2473 1256 2667 1319 semis

270 1356 613 1421 dumtaxat
656 1359 725 1421 in
773 1356 1201 1423 vindicatione
1250 1358 1626 1423 remanebit.
1682 1357 1886 1437 Quid,
1934 1362 1991 1423 si
2036 1362 2181 1443 quis
2227 1358 2370 1425 ideo
2419 1364 2667 1424 recuset

272 1467 784 1539 sacramentum,
855 1463 1024 1548 quod
1095 1463 1614 1529 usufructuariae
1679 1466 1816 1549 ipse
1878 1466 1966 1529 sit
2025 1464 2131 1529 vel
2194 1465 2364 1549 quod
2426 1466 2666 1550 pignus

273 1574 491 1634 teneat
518 1566 569 1648 3)
629 1568 775 1654 lege
836 1575 1097 1654 captum
1162 1568 1263 1634 vel
1326 1570 1612 1635 moribus
1633 1617 1650 1648 ,
1712 1569 1921 1635 veluti
1986 1569 2203 1650 (aeris)
2253 1570 2541 1634 militarie
2567 1567 2665 1649 Ὗ.)

272 1674 557 1739 Debetne
618 1682 869 1760 praetor
929 1675 1282 1741 vindicanti
1345 1672 1751 1741 adiudicare?
1796 1674 1896 1741 Ita
1941 1676 2200 1742 videtur
2245 1696 2394 1743 sane
2441 1675 2664 1741 Ottoui

272 1780 576 1847 Karlowa
603 1782 654 1861 ³)
704 1788 769 1847 et
812 1784 1069 1869 integra
1113 1804 1248 1848 esse
1296 1782 1662 1850 adversario
1709 1784 2106 1849 confessoria.
2158 1781 2400 1848 Verum
2447 1785 2667 1869 pigne-

268 1889 472 1953 ratori
530 1887 649 1953 hoc
696 1888 885 1955 modo
931 1889 1305 1955 consultum
1351 1911 1479 1955 nou
1527 1893 1670 1955 erit.
1719 1889 1895 1955 Num
1943 1892 2152 1976 igitur
2195 1898 2665 1955 sacramentum

272 1992 763 2080 denegandum?
824 1993 948 2060 Vix
1008 1996 1074 2059 id
1121 1994 1421 2061 credibile
1467 2002 1599 2074 est,
1652 1998 1804 2080 quia
1847 1998 1959 2080 qui
2008 1996 2488 2060 usumfructum
2525 1998 2666 2060 iure

276 2102 600 2186 quaesivit
664 2100 770 2167 vel
832 2102 944 2186 qui
1008 2104 1247 2189 pignus
1309 2101 1684 2189 legitimum
1751 2108 1956 2181 tenet,
2005 2104 2061 2167 is
2105 2104 2246 2188 ipso
2292 2104 2432 2166 iure
2480 2108 2664 2167 tutus

270 2212 401 2285 est,
467 2226 581 2271 nec
640 2206 893 2293 indiget
954 2206 1194 2273 auxilio
1240 2207 1597 2273 honorario.
1648 2207 1970 2293 Suspicor,
2023 2207 2133 2273 ubi
2182 2207 2480 2272 domiuus
2527 2229 2664 2272 rem

270 2313 692 2377 fructuariam
750 2312 858 2379 vel
906 2316 1161 2400 pig-nori
1206 2320 1459 2400 captam
1509 2312 1891 2391 vindicaret,
1940 2318 2298 2398 praetorem
2347 2312 2664 2379 addixisse

274 2418 473 2485 salva·
520 2420 925 2485 ususfructus
970 2419 1077 2486 vel
1124 2422 1415 2505 pignoris
1460 2440 1650 2485 causa
1697 2426 1887 2505 atque
1935 2422 2026 2484 sic
2051 2418 2103 2497 6)
2151 2418 2412 2485 domino
2457 2441 2664 2485 neces-

276 2530 536 2593 sitatem
584 2528 959 2613 impositam
1006 2526 1086 2592 ad
1132 2528 1449 2593 actionem
1494 2528 1898 2613 negatoriam
1946 2525 2023 2591 de
2061 2526 2404 2591 usufructu
2443 2525 2546 2592 vel
2584 2526 2662 2592 ad

270 2636 586 2700 actionem
642 2632 1041 2719 personalem
1090 2635 1166 2700 de
1212 2635 1478 2719 pig-nore
1525 2633 1852 2699 liberando
1882 2631 1933 2713 ⁷)
1981 2633 2417 2698 descendendi.
2473 2631 2665 2699 Simi-

265 2740 420 2806 liter
480 2739 661 2805 nulla
723 2741 1063 2827 denegatio
1125 2741 1477 2826 requiritur
1503 2738 1575 2821 ⁸),
1641 2739 1753 2804 ubi
1814 2741 1958 2824 quis
2020 2760 2148 2823 qua
2209 2739 2286 2803 de
2349 2761 2416 2804 re
2465 2738 2662 2804 semel

268 2851 489 2912 actum
556 2849 675 2930 sit,
742 2866 817 2912 ea
879 2847 957 2912 de
1017 2866 1084 2911 re
1146 2849 1386 2912 iterum
1434 2867 1623 2932 agere
1674 2844 1869 2923 velit,
1918 2865 2106 2922 nam,
2155 2846 2306 2929 quia
2351 2846 2482 2927 ipso
2527 2846 2662 2909 iure

336 3079 395 3222 ἐξ
431 3077 601 3226 Ilgssat
644 3159 840 3224 quidem
885 3159 1083 3208 Lotmar
1129 3160 1233 3219 (tur
1274 3157 1397 3222 legia
1444 3156 1569 3207 actio
1601 3172 1650 3222 p.
1685 3157 1791 3218 44),
1827 3154 2200 3220 interrogationi
2235 3154 2287 3204 in
2323 3169 2436 3204 vera
2469 3153 2558 3204 lite
2591 3154 2660 3204 lo·

264 3259 731 3392 ι31111111)θΙῗιὶλρίςιιοιὌ
766 3324 1093 3390 quaestionem
1127 3322 1260 3373 tollit
1296 3323 1505 3382 Herzen‚
1542 3321 1674 3386 On'q.
1708 3323 1767 3371 de
1801 3319 2030 3384 rhypoth.
2060 3320 2230 3382 (1899)
2264 3337 2310 3386 p.
2341 3319 2482 3386 4718,
2512 3336 2660 3385 quum

266 3408 448 3461 scribat
492 3411 623 3474 (post
668 3407 937 3456 Henricnm
986 3403 1258 3468 Dernburg,
1300 3405 1516 3468 Psandr.
1552 3405 1577 3452 1
1611 3403 1786 3465 (1860)
1821 3419 1866 3467 p.
1904 3403 1994 3467 48)
2032 3401 2248 3468 pignoris
2283 3402 2478 3468 capione
2514 3403 2663 3452 domi·

266 3507 407 3636 ”¹¹:3¹
432 3505 625 3622 {3³³3-
638 3571 762 3637 apud
798 3569 971 3620 Gaium
1006 3569 1103 3632 (IV
1141 3567 1267 3631 527)
1299 3567 1370 3618 rei
1402 3567 1647 3617 militarie.
1683 3567 1755 3616 Cf.
1795 3567 1916 3616 Cato
1951 3531 2032 3632 sip.
2060 3565 2184 3616 Gen.
2208 3565 2277 3614 v1
2305 3565 2445 3630 (vll)
2475 3567 2540 3616 10
2570 3567 2661 3629 52.

342 3657 399 3720 5)
438 3655 739 3719 Ct'vilproeeu
771 3652 953 3717 (1872)
986 3668 1033 3716 p.
1071 3652 1131 3700 91
1170 3654 1270 3702 not.
1310 3652 1336 3699 1
1375 3651 1446 3716 (p.
1485 3651 1589 3713 92).

340 3739 395 3799 6)
443 3736 553 3786 Alio
602 3735 745 3786 modo
788 3737 929 3800 putat
974 3733 1219 3792 Huschke,
1250 3733 1331 3782 dio
1364 3731 1517 3782 multa
1552 3731 1736 3794 (1874)
1771 3748 1817 3797 p.
1851 3733 2069 3790 428¹⁰⁸,
2103 3730 2296 3779 domino
2329 3730 2654 3780 necessitatem

148 3823 165 3838 ⁸
264 3821 545 3885 impositam
593 3819 651 3868 ad
698 3817 965 3880 negativam
1010 3814 1343 3879 confugiendi,
1387 3815 1513 3879 quod
1548 3814 1753 3863 intentio
1787 3813 1968 3863 scilicet
2003 3812 2262 3862 adversarii
2295 3811 2520 3877 petitioni
2553 3829 2656 3862 con·

266 3902 423 3951 traria
458 3917 552 3950 non
590 3901 652 3949 sit
686 3899 895 3963 (tmqen
923 3899 1009 3947 der
1038 3899 1365 3960 Inconqruoenz
1392 3896 1550 3946 heidor
1577 3895 2031 3959 Bekaaptunyon”),
2057 3893 2192 3957 qnasi
2219 3908 2314 3941 non
2343 3893 2403 3941 ob
2432 3893 2484 3942 id
2501 3894 2657 3960 ipsum

264 3984 525 4033 addicenda
561 3998 637 4032 ree
668 3982 733 4031 ait
766 3981 933 4032 actori.
970 3981 1143 4028 Eadem
1179 3979 1369 4028 videtur
1404 3995 1502 4027 esse
1536 3979 1774 4027 sententia
1811 3977 2001 4026 Ernesti
2035 3977 2145 4034 Scir,
2171 3977 2440 4040 doppeheit.
2472 3977 2655 4041 Klaqen

266 4065 447 4131 (1870)
482 4082 527 4131 p.
566 4066 647 4124 21,
684 4065 741 4112 de
772 4062 1111 4122 servitutibu23
1144 4063 1202 4110 de
1236 4061 1547 4110 servitutibus
1580 4061 1709 4110 enim
1746 4061 1938 4109 domino
1973 4059 2078 4124 ipso
2117 4059 2224 4108 iure
2259 4059 2403 4123 (aevon
2437 4061 2656 4110 vernher-

263 4148 403 4212 οὐθ’)
437 4147 711 4213 impositam
743 4161 841 4195 ease
876 4146 1013 4195 docet
1044 4144 1389 4204 necessitatem,
1426 4147 1482 4193 ut
1515 4147 1627 4206 agat
1661 4143 1896 4206 negativa.
1934 4141 2026 4194 Sed
2061 4141 2237 4206 excipit
2271 4142 2470 4208 (p.·23)
2502 4159 2658 4194 naum·

262 4231 493 4281 fructum.

334 4313 391 4376 7)
426 4313 551 4372 Sive,
586 4311 711 4377 qnod
747 4310 879 4360 nullo
916 4309 1020 4358 inre
1056 4309 1227 4374 pignus
1258 4311 1451 4373 captum
1486 4312 1611 4357 esset
1639 4307 1900 4368 (Karlowa,
1937 4306 2240 4368 OEvilprozeu
2266 4305 2452 4370 (1872)
2479 4324 2524 4374 p.
2556 4307 2652 4360 207

265 4397 317 4461 (ς
334 4397 449 4457 23);
485 4395 546 4444 cf.
583 4394 617 4446 1.
654 4395 713 4443 11
754 4393 827 4456 §2
865 4395 919 4441 D.
961 4393 1037 4441 18.
1057 4391 1129 4454 7),
1164 4391 1277 4448 nive,
1314 4391 1439 4455 quod
1474 4390 1675 4454 pecunia
1706 4389 1864 4444 uoluta
1897 4393 2018 4438 esset
2049 4389 2178 4457 (Gai.
2218 4389 2290 4438 IV
2327 4391 2474 4456 5³2).

334 4479 391 4544 8)
428 4476 628 4544 Requiri
660 4479 801 4544 putat
838 4473 1073 4535 Karima,
1106 4491 1185 4542 op.
1218 4473 1299 4524 cit.
1336 4489 1383 4540 1».
1416 4473 1528 4526 347.
