3246 5085
603 340 690 407 42
1640 353 1945 403 nom-ms.

702 523 866 588 Ibid.
923 521 1007 587 14
1054 521 1148 588 D:
1197 521 1294 602 (2)
1344 519 1667 608 „Ing-ratis
1714 526 1785 585 ut
1833 519 2191 586 dormiam'’
2236 519 2303 584 id
2351 524 2449 586 est
2484 522 2678 586 etiam
2718 521 2993 597 invitus,

609 633 863 714 [etiam]
925 632 1197 694 coactus.
1337 627 1675 712 Sequitur:
1738 625 1835 707 (3)
1896 627 2064 692 Nam
2129 626 2485 713 „ingratis”
2546 647 2700 691 non
2761 623 2995 691 ultro

615 736 970 823 significat,
1010 736 1159 822 quia
1196 734 1487 800 ultronea
1531 739 1810 819 grata,
1856 735 2197 819 ingrata
2242 753 2401 818 quae
2446 733 2525 798 ab
2560 735 2788 798 invitis
2824 731 2996 796 fiunt

613 847 728 908 aut
771 841 1229 906 recusantibus,
1369 838 1696 904 Scholium
1746 837 1933 904 valde
1978 843 2365 924 suspectum.
2727 837 2793 903 S.
2840 859 2891 903 c.

705 946 868 1013 Ibid.
923 945 1006 1011 18
1030 945 1128 1027 (3)
1191 945 1374 1024 „Stat
1431 943 1790 1010 sententia''
1848 951 1913 1008 et
1970 942 2164 1008 vultu
2210 949 2276 1008 et
2318 951 2507 1030 gestu
2557 945 2770 1029 magis
2812 963 2993 1028 spec-

619 1051 819 1119 tabile
879 1051 1038 1130 (scil.
1100 1051 1200 1132 fit)
1261 1049 1432 1136 quod
1494 1049 1659 1114 dixit
1720 1053 1889 1126 „stat
1932 1050 2306 1115 sententia’'.
2400 1051 2495 1129 (4)
2541 1047 2657 1114 Vel
2703 1051 2991 1114 maxime

613 1179 688 1224 eo
707 1205 723 1236 ,
789 1157 956 1242 quod
1017 1162 1216 1222 tanto·
1253 1157 1467 1221 sonitu
1527 1154 1647 1220 hoc
1707 1154 1783 1220 de
1829 1175 1897 1220 se
1944 1157 2283 1240 promittat
2324 1153 2640 1220 Phaedria
2684 1156 2991 1219 continuo

617 1263 941 1328 rediturus
1009 1261 1115 1327 vel
1175 1263 1390 1346 potius
1444 1282 1567 1326 non
1615 1281 1981 1326 accessurus
2024 1259 2104 1324 ad
2148 1259 2395 1326 villam.
2442 1258 2721 1324 Tantum
2768 1267 2995 1325 autem

615 1369 854 1446 aberit,
904 1371 1220 1452 quantum
1267 1387 1426 1451 opus
1474 1371 1568 1430 est
1615 1365 1696 1431 ad
1742 1365 2097 1432 vitiandam
2143 1368 2486 1451 virginem.

702 1473 868 1552 Quid
925 1472 1291 1558 significant
1354 1473 1576 1537 verba:
1645 1469 1803 1550 „Vel
1853 1473 2133 1535 maxime
2180 1468 2339 1536 eo''?
2399 1469 2629 1536 Sabb.
2679 1470 2833 1536 haec
2880 1470 2993 1536 ad-

603 1582 890 1665 signavit
935 1577 1414 1663 Interpolatori,
1465 1598 1658 1662 quem
1704 1577 1767 1642 h.
1803 1576 1847 1642 1.
1898 1575 2017 1655 (ΙΙΙ
2061 1597 2124 1661 p.
2176 1576 2334 1656 341)
2378 1575 2660 1662 appellat
2708 1575 2800 1654 „il
2840 1598 2989 1642 con-

602 1684 986 1749 tinuatore”.
1047 1682 1216 1748 Tum
1263 1686 1354 1748 sic
1397 1682 1828 1768 supplendum
1876 1688 2007 1748 ests
2056 1680 2175 1747 Vel
2220 1682 2389 1767 quod
2429 1681 2593 1746 dixit
2642 1689 2813 1760 „stat
2850 1703 2983 1748 sen·

602 1789 845 1854 tentia'’
887 1791 1168 1852 maxime
1208 1808 1281 1852 eo
1321 1787 1394 1851 fit
1432 1785 1773 1871 spectabile
1813 1786 2000 1871 quod,
2040 1791 2188 1852 cett.
2260 1785 2328 1851 Si
2351 1787 2505 1853 haec
2528 1794 2624 1852 est
2648 1789 2984 1864 sententia,

601 1891 1026 1977 Interpolator
1088 1891 1478 1957 adiectivum
1531 1890 1957 1976 „spectabile”
2006 1891 2132 1957 alio
2170 1912 2353 1956 sensu
2407 1895 2746 1976 usurpavit
2792 1913 2991 1977 quam

604 1998 765 2064 Don.
827 2001 895 2062 in
958 1997 1065 2076 (3).
1131 1994 1256 2062 Hic
1317 1999 1487 2063 enim
1553 1997 1719 2062 dixit
1779 2004 1969 2082 gestu
2032 2005 2097 2063 et
2157 2018 2313 2062 voce
2358 2003 2616 2063 auctam
2660 2019 2795 2063 esse
2841 2001 2983 2063 vim

604 2103 1044 2169 affirmationis
1093 2108 1264 2180 „stat
1308 2101 1537 2180 sent.'',
1585 2101 1701 2168 ille
1747 2107 1999 2180 contra,
2046 2101 2529 2168 affirmationem
2580 2123 2655 2168 eo
2701 2105 2984 2169 maxime

602 2208 1050 2275 admirabilem
1113 2214 1176 2273 et
1234 2211 1673 2292 importunam
1734 2228 1907 2285 esse,
1974 2208 2142 2293 quod
2188 2207 2500 2274 Phaedria
2546 2210 2847 2273 continuo
2893 2229 2989 2273 re-

603 2314 856 2379 diturus
902 2317 1025 2391 sit,
1071 2320 1220 2379 cett.
1269 2314 1516 2379 Donato
1561 2335 1712 2380 sane
1756 2314 1876 2378 hoc
1924 2313 2446 2399 supplementum
2492 2313 2625 2378 dari
2670 2316 2912 2398 nequit.

692 2419 855 2484 Ibid.
903 2419 986 2482 21
1037 2419 1255 2504 Magis
1300 2439 1560 2483 severus
1606 2421 1948 2504 quisquam
1992 2439 2107 2483 nec
2153 2421 2363 2504 mag-is
2407 2420 2737 2483 continens

694 2523 856 2589 Dou.
921 2523 1018 2603 (2)
1089 2523 1542 2589 Animadverte
1611 2529 1689 2587 ut
1755 2530 1929 2589 amet
1997 2523 2334 2590 Terentius
2397 2524 2690 2611 „magis”
2754 2522 2983 2589 addere

604 2634 885 2716 positivo
955 2650 1148 2716 quam
1211 2632 1729 2714 comparativum
1791 2629 2011 2695 facere.
2194 2629 2296 2694 ΙΡ
2352 2633 2552 2696 otiose
2612 2631 2979 2695 subiunxit:

603 2736 700 2817 (3)
763 2736 931 2801 Nam
978 2756 1183 2821 neque
1233 2735 1597 2814 „severior”
1650 2756 1853 2821 neque
1902 2737 2410 2813 „continentior”
2460 2744 2592 2801 tam
2643 2734 2853 2801 voluit
2896 2736 2985 2800 di·

603 2862 743 2907 cere
782 2862 974 2927 quam
1020 2844 1271 2927 „magis
1311 2841 1655 2907 severum'’
1695 2846 1761 2907 et
1803 2844 2055 2927 „magis
2092 2842 2590 2908 continentem''.
2752 2841 2797 2907 S
2836 2863 2889 2907 c.

693 2945 863 3013 Cum
921 2948 1022 3012 his
1085 2967 1385 3031 compara
1444 2945 1498 3010 V
1547 2945 1725 3011 4.12
1750 2968 1841 3031 sq.
1910 2945 2134 3023 „Nihil
2182 2946 2437 3013 videtur
2483 2947 2819 3025 mundius,
2867 2968 2979 3013 nec

601 3054 813 3138 magis
852 3054 1283 3136 compositum
1328 3055 1708 3137 quicquam,
1756 3073 1871 3117 nec
1916 3054 2128 3138 magis
2174 3052 2497 3138 elegans’'‚
2547 3054 2661 3117 ubi
2696 3051 2857 3119 Don.
2900 3052 2979 3118 ad

601 3178 700 3225 vs.
747 3156 863 3221 13:
914 3157 1091 3221 Bona
1125 3159 1429 3234 varietas,
1471 3178 1550 3221 ne
1590 3157 1826 3222 diceret
1868 3158 2370 3242 „compositius”
2398 3166 2512 3223 aut
2536 3156 2977 3245 „elegantius”

601 3283 779 3328 more
827 3283 978 3340 suo,
1029 3266 1104 3325 ut
1151 3281 1342 3345 supra
1387 3259 1476 3342 (ΙΙ
1530 3262 1585 3327 1.
1613 3261 1749 3341 21).
1798 3261 1894 3326 IP
1940 3269 2159 3327 autem
2206 3270 2351 3348 post
2400 3264 2615 3341 „Bona
2662 3262 2978 3329 varietas”

600 3369 722 3434 hoc
767 3370 1072 3433 inseruit:
1117 3366 1283 3431 Nam
1333 3387 1445 3431 nec
1492 3370 1709 3432 omnia
1755 3388 1868 3451 per
1914 3371 2126 3453 magis
2170 3368 2546 3433 adverbium
2595 3370 2833 3453 profert
2867 3388 2981 3433 nec

603 3476 819 3539 omnia
863 3494 975 3558 per
1020 3474 1529 3557 comparativum
1576 3472 1872 3558 gradum.
1936 3470 2035 3538 of.
2083 3476 2279 3539 etiam
2325 3471 2379 3536 V
2428 3472 2492 3538 8.
2518 3472 2603 3541 47
2639 3474 2760 3555 (2),
2807 3494 2980 3558 repe-

601 3580 749 3644 titio
794 3580 1093 3664 magistri
1137 3576 1410 3642 alicuius
1454 3598 1530 3641 ex
1577 3577 1698 3643 hoc
1743 3577 1884 3644 loco
1933 3579 2217 3643 oriunda.

692 3681 854 3747 Ibid.
898 3682 984 3747 25
1010 3682 1105 3761 (2)
1153 3681 1238 3747 Et
1281 3684 1412 3746 iam
1461 3686 1860 3768 praeparatio
1901 3688 1999 3748 est
2036 3683 2116 3749 ad
2154 3682 2593 3750 deducendum
2632 3681 2981 3752 Chaeream

601 3790 872 3873 (potius)
919 3808 1114 3872 quam
1159 3787 1513 3853 deformem
1558 3790 1946 3854 eunuchum.

695 3891 890 3959 Nulla
933 3897 1001 3957 in
1050 3894 1167 3959 hoc
1214 3914 1404 3959 versu
1446 3898 1843 3981 praeparatio
1884 3901 1981 3960 est
2017 3895 2445 3961 substituendi
2482 3893 2830 3963 Chaeream
2866 3916 2983 3980 pro

602 4000 913 4066 eunucho.

694 4210 755 4275 11
803 4210 864 4275 2.
899 4210 931 4273 1
959 4210 1046 4289 (3)
1109 4210 1503 4276 Admirantis
1564 4210 1944 4277 exclamatio
1998 4218 2145 4277 cett.
2221 4211 2383 4277 Ibid.
2434 4216 2477 4277 4
2502 4212 2589 4291 (3)
2633 4212 2983 4299 Eleganter

603 4336 680 4381 ex
721 4336 1014 4400 persona,
1057 4324 1206 4381 cett.
1344 4316 1578 4381 Sabb.
1619 4316 1983 4401 Utrumque
2022 4318 2346 4383 inclinatis
2370 4317 2604 4383 litteris
2628 4321 2978 4403 expressit3

598 4420 770 4486 haud
817 4423 946 4485 scio
990 4442 1069 4486 an
1115 4424 1329 4487 minus
1373 4425 1561 4487 iuste.
