3246 5085
1075 387 1163 434 iu
1173 385 1332 434 nous
1381 384 1757 431 sumamus.
2530 361 2616 429 69

323 550 484 618 Ibid.
537 550 640 616 12.
701 573 840 614 τινα
901 553 980 620 ὥς
1045 552 1284 625 ἀληθῶς
1345 548 1588 627 ἀγαθά,
1648 545 1765 612 οἷον
1830 547 2139 629 Φρόνησιν,
2204 543 2614 624 σωφροσύνην,

234 657 634 734 δικαιοσύνην,
681 658 951 734 ἀνδρίαν.
1016 655 1187 724 Cum
1233 655 1472 741 ubique
1515 655 1793 720 formam
1840 653 2118 732 ἀνδρείαν
2166 653 2398 717 merito
2446 673 2620 738 prae-

233 761 464 828 tulerit
517 761 635 839 St„
696 763 894 828 etiam
954 762 1058 827 hic
1121 761 1396 839 ἀνδρείαν
1452 760 1660 825 scribe
1720 761 2095 845 praesertim
2158 759 2227 822 in
2287 756 2619 822 decantata

231 867 348 932 illa
391 871 867 933 enumeratione
912 870 1236 932 virtutum
1281 873 1587 951 quattuor
1631 863 2077 931 cardinalium.

325 1069 488 1135 Ibid.
536 1069 640 1135 11.
713 1075 860 1150 παρ’
923 1065 1182 1133 ἕκαστον
1240 1073 1418 1134 τοῦτο
1480 1069 1874 1145 ἐπανερωτᾶν
1938 1065 2172 1131 ἑαυτόν.
2233 1068 2321 1132 At
2366 1069 2423 1131 A
2470 1067 2615 1144 παρ’

236 1171 476 1238 ἕκαστα
515 1175 730 1250 habet,
774 1175 940 1260 quod
975 1177 1116 1240 iure
1153 1177 1394 1261 recepit
1431 1174 1526 1240 St.
1567 1173 1749 1239 Adde
1788 1173 1957 1259 quod
1996 1171 2173 1239 codd.
2194 1171 2301 1238 VI.
2330 1171 2415 1236 44
2457 1168 2617 1249 ἅπερ

234 1279 473 1344 ’ἕκαστα
519 1282 899 1358 πράσσομεν,
951 1280 1103 1365 quid
1149 1279 1318 1366 quod
1363 1279 1470 1344 VI.
1525 1279 1606 1344 15
1648 1275 1793 1356 ὅπερ
1840 1278 2231 1357 παρέκαστον
2277 1276 2614 1353 exhibent,

235 1389 326 1450 ita
383 1393 462 1450 ut
520 1389 762 1451 vitium
822 1406 1120 1472 grassans
1167 1387 1348 1470 quasi
1395 1384 1597 1450 oculis
1644 1387 1953 1449 intuearis
1998 1389 2065 1450 et
2110 1382 2618 1448 emendationem

237 1489 422 1558 Corui
481 1492 721 1577 ubique
782 1494 930 1570 παρ’
976 1489 1222 1555 ἕκαστα
1267 1491 1602 1556 scribentis
1652 1489 1901 1554 dudum
1946 1488 2371 1574 recipiendam
2418 1489 2616 1553 fuisse

237 1596 497 1663 eluceat.

322 1781 422 1850 VI.
493 1783 600 1849 16.
677 1783 714 1860 ἷὶ
776 1809 846 1849 τε
908 1786 1036 1862 γὰρ
1096 1784 1292 1864 τέχνη
1361 1787 1543 1848 πᾶσα
1607 1784 1822 1848 τούτου
1886 1781 2313 1864 στοχάζεται,
2378 1780 2475 1846 ἵνα
2545 1784 2614 1846 τὸ

237 1891 738 1955 κατασκευασθὲν
779 1888 1132 1965 ἐπιτηδείως
1171 1888 1291 1969 ἔχη
1330 1890 1473 1968 πρὸς
1517 1891 1586 1954 τὸ
1628 1885 1821 1966 ἔργον,
1849 1889 1995 1967 πρὸς
2018 1885 2047 1952 ὃ
2074 1888 2613 1954 κατεσκεύασται·

235 1993 270 2060 ὅ
321 2020 390 2060 τε
439 1999 792 2076 Φυτουργὸς
853 1996 882 2061 ὃ
947 1996 1430 2072 ἐπιμελούμενος
1477 2002 1590 2069 τῆς
1638 1994 1927 2070 ἀμπέλου
1974 1995 2079 2058 καὶ
2126 1993 2155 2058 ὃ
2207 1992 2615 2068 πωλοδοὶμνης

237 2102 334 2166 καὶ
380 2101 408 2166 ὅ
457 2106 564 2165 τοῦ
614 2105 786 2172 κυνὸς
835 2102 1317 2176 ἐπιμελούμενος
1364 2104 1540 2164 τοῦτο
1589 2097 1780 2179 ζητεῖ.
1830 2097 2048 2164 Scribe
2088 2093 2125 2161 ὅ
2158 2121 2228 2162 τε
2266 2101 2612 2176 Φυτουργὸς
2708 2169 2713 2176 ,

241 2205 438 2282 (καὶ)
504 2209 532 2270 ὁ
597 2207 1077 2282 ἐπιμελούμενος
1133 2211 1246 2278 τῆς
1309 2206 1620 2281 ἀμπέλου,
1686 2211 1759 2269 ut
1812 2207 2269 2268 sententiarum
2317 2204 2616 2291 legitima

241 2310 350 2376 fiat
389 2314 718 2398 responsio
764 2318 832 2376 et
876 2315 999 2377 rite
1045 2310 1533 2397 distinguantur
1577 2308 1959 2375 hortulanus
2002 2318 2067 2375 et
2113 2311 2377 2376 vinitor.
2436 2307 2616 2376 Codi-

239 2438 334 2481 ces
393 2420 596 2482 nostri
658 2420 998 2486 sescenties
1059 2421 1320 2502 peccant
1379 2419 1445 2480 in
1508 2415 1743 2482 vocula
1789 2417 1897 2478 καί
1943 2414 2228 2480 addenda
2273 2414 2379 2481 vel
2424 2418 2615 2481 omit-

237 2521 456 2601 tenda,
500 2525 580 2589 cf.
629 2545 685 2589 e.
732 2545 833 2610 gr.
882 2521 990 2589 IV.
1043 2523 1102 2587 1.
1151 2521 1298 2587 XII.
1355 2521 1456 2587 12.
1512 2521 1596 2586 13
1642 2527 1709 2586 et
1752 2523 2013 2607 passim.

326 2710 486 2777 Ibid.
533 2710 644 2775 41.
715 2708 750 2775 ὅ
806 2734 866 2775 τι
929 2708 1005 2775 ἂν
1054 2716 1170 2773 τῶν
1217 2692 1625 2787 ἀπροαιρέτων
1677 2710 2020 2788 ὑποστήσῃς
2068 2710 2235 2788 abr&
2293 2710 2529 2787 ἀγαθὸν
2576 2708 2611 2783 ἢ

239 2818 421 2881 κακόν
486 2818 664 2883 usk.
728 2815 834 2882 Sic
880 2814 1084 2893 codd„
1133 2810 1279 2881 Cor.
1327 2816 1536 2894 σαυτῷ
1585 2817 1881 2880 correxit.
1932 2813 2247 2901 Disiunge
2296 2815 2611 2892 ὑποστήσω

240 2924 440 3003 σαυτῷ
459 2970 476 3001 ,
517 2922 808 2987 medium
847 2923 1022 2985 enim
1045 2941 1250 3007 genus
1273 2919 1689 2997 desideratur,
1730 2920 1809 2985 cf.
1836 2919 1949 2985 XI.
1978 2918 2083 2985 21.
2109 2918 2318 3005 Epict.
2344 2917 2427 2985 ΙΙ.
2456 2917 2517 2983 5.
2546 2917 2609 2983 9.

325 3110 484 3177 Ibid.
533 3108 642 3175 4¹7.
705 3109 905 3185 μέτιθι
970 3114 1069 3174 νῦν
1132 3108 1232 3171 ἐπὶ
1300 3108 1382 3173 τὰ
1430 3104 1608 3171 ἄλλα
1655 3111 1873 3185 Φῦλα,
1925 3108 2053 3172 ἐκεῖ
2096 3108 2164 3179 33,
2214 3106 2611 3185 μεταβαλεῖν

243 3219 408 3291 ἡμᾶς
465 3218 592 3293 δεῖ,
655 3212 804 3279 ὅπου
868 3214 1043 3281 κακὲ.
1103 3212 1210 3280 Sic
1263 3212 1360 3279 St.
1409 3234 1488 3279 ex
1533 3213 1632 3279 ed.
1681 3213 1732 3292 I,
1780 3219 1847 3278 at
1890 3213 2068 3279 codd.
2119 3214 2250 3278 ἐκεῖ
2290 3212 2389 3292 δέ,
2441 3214 2612 3300 quod

240 3321 428 3409 longe
468 3326 769 3408 praestat.

330 3507 488 3574 Ibid.
535 3508 692 3574 ibid.
759 3509 822 3571 τί
867 3503 965 3571 οὖν
1015 3510 1194 3570 τοῦτο
1241 3504 1426 3569 δεινὸν
1473 3508 1721 3584 αὖτοῒςς
1771 3506 1836 3570 τί
1881 3504 1982 3569 δαὶ
2032 3514 2164 3578 τοῖς
2210 3507 2355 3583 μηδ’
2402 3509 2615 3581 ὄνομα·

239 3612 502 3692 ζομένοις
563 3610 713 3681 ὅλως
730 3634 748 3692 ;
813 3610 1091 3688 Vocula,
1159 3631 1320 3694 quae
1365 3614 1464 3676 est
1509 3610 1611 3675 δαί
1630 3658 1646 3688 ,
1692 3614 2005 3676 incertam
2053 3614 2253 3677 vitam
2302 3612 2501 3677 trahit
2545 3615 2612 3677 in

243 3716 856 3785 Commentariorum
895 3723 1230 3793 contextu,
1269 3718 1475 3782 sexies
1514 3718 1774 3781 omnino
1806 3738 2157 3783 occurrens.
2200 3718 2367 3784 Loco
2392 3724 2613 3783 autem

241 3822 488 3890 laudato
535 3826 602 3889 δέ
648 3823 996 3911 legendum
1043 3844 1178 3889 esse
1223 3844 1338 3909 per
1382 3844 1449 3888 se
1497 3830 1705 3909 patet3
1750 3846 1937 3909 porro
1974 3824 2112 3889 vll.
2159 3824 2261 3901 18,
2306 3824 2473 3891 VIII.
2504 3825 2611 3903 50,

245 3928 386 3994 XII.
445 3929 529 3996 29
588 3934 719 3995 iam
783 3929 966 3995 Stich
1025 3928 1214 3993 modo
1269 3928 1514 3994 codices
1559 3936 1817 3994 secutus
1862 3930 2051 3996 modo
2096 3932 2353 4016 proprio
2400 3931 2614 3996 Marte

245 4034 304 4099 δέ
363 4039 707 4101 rectissime
763 4037 1069 4100 restituit.
1133 4033 1494 4120 Supersunt
1554 4033 1669 4099 IX.
1720 4035 1806 4099 42
1854 4037 1918 4099 τί
1964 4035 2028 4099 δὲ
2079 4037 2181 4099 καὶ
2231 4034 2610 4114 βέβλαψαις

249 4188 472 4206 ......
515 4143 578 4205 τί
618 4142 716 4204 δαὶ
759 4140 944 4205 κακὸν
990 4139 1032 4213 ἢ.
1063 4137 1226 4213 ξένον
1269 4140 1553 4218 styma
1597 4141 1711 4205 ubi
1746 4140 1851 4206 vel
1874 4140 2348 4226 parallelismus
2372 4144 2613 4207 vitium

242 4250 477 4331 arguit3
538 4246 686 4311 XII.
740 4245 823 4310 16
885 4247 947 4308 τί
1010 4245 1108 4308 δαὶ
1173 4240 1345 4322 οἶδα,
1395 4248 1444 4309 εἰ
1497 4251 1675 4310 τοῦτο
1727 4247 2119 4325 ἁμάρτημα,
2167 4249 2278 4313 ubi
2329 4250 2492 4312 item
2543 4246 2611 4311 δέ

245 4350 422 4416 facile
477 4352 876 4439 praetuleris.
939 4350 1146 4431 Quam
1193 4349 1501 4417 sollemne
1545 4359 1766 4417 aut-em
1814 4356 1900 4418 sit
1943 4352 2219 4418 librariis
2266 4357 2333 4418 in
2382 4354 2499 4417 hac
2544 4374 2612 4418 re

249 4455 538 4523 offendere
558 4506 576 4536 ,
622 4478 880 4522 monere
925 4460 1036 4522 vix
1083 4478 1243 4543 opus
1290 4464 1404 4523 est.
