3246 5085
580 299 715 366 306
1622 315 1934 366 Donusa.

577 483 824 550 facere’'
888 505 951 569 p.
1004 479 1133 547 154
1193 486 1260 547 et
1321 503 1387 567 p.
1436 481 1593 561 288,
1659 482 1774 547 ubi
1834 483 1992 548 citat
2053 481 2248 567 Apul.
2312 482 2475 548 Met.
2525 480 2579 546 V
2625 479 2668 546 2
2731 479 2976 566 „paulo

578 587 877 656 fidentior
934 590 1105 654 intra
1166 587 1365 654 limen
1416 609 1552 654 sese
1599 587 1819 654 facit'’.
1867 586 2136 654 Tertull.
2186 587 2264 654 de
2311 587 2464 674 pall.
2516 586 2580 652 3.
2607 586 2730 667 „ad
2773 585 2980 652 illum

580 717 661 761 ex
708 696 918 783 Libya
962 693 1289 760 Hammon
1338 694 1560 761 facit''.

630 801 828 870 .1bid.
884 800 989 867 63.
1060 800 1403 868 Sexcentas
1451 800 1714 886 proinde
1759 803 1976 888 potius
2023 802 2189 866 mihi
2233 803 2364 867 iam
2411 801 2676 866 scribito

668 908 785 990 (1)Χ
825 909 1196 994 Pei-spicere
1255 909 1405 974 hinc
1465 906 1618 974 licet
1665 907 2193 974 consuetudinem
2241 909 2580 993 utriusque
2625 907 2980 984 sermonis,

576 1035 728 1080 nam
788 1013 1215 1101 Apollodorus
1276 1015 1499 1096 μυρίας
1566 1014 1734 1080 dixit
1793 1036 1908 1101 pro
1969 1012 2222 1079 multia.
2271 1051 2356 1062 ——·
2403 1012 2503 1093 (2)
2548 1013 2632 1078 Et
2680 1017 2756 1077 ut
2799 1011 2982 1098 apud

578 1119 855 1190 Graecos
899 1121 1089 1203 μύριαι
1134 1123 1227 1186 ita
1273 1120 1445 1208 apud
1489 1143 1602 1187 nos
1656 1120 2036 1219 „sexcenta”
2086 1120 2294 1186 dicere
2341 1141 2456 1206 pro
2503 1118 2730 1185 multis
2777 1121 2988 1184 usita-

576 1233 723 1294 tum
782 1233 899 1296 est.
965 1265 1049 1278 -—
1115 1226 1337 1299 Cicero
1403 1234 1742 1307 „sexcenta
1785 1249 2046 1314 possum
2096 1227 2346 1294 decreta
2391 1225 2714 1313 proferre''
2763 1223 2980 1306 (Verr-

666 1439 936 1506 Initium
999 1445 1065 1507 et
1111 1439 1303 1509 finem
1353 1462 1559 1508 unum
1606 1441 1848 1508 Donati
1895 1439 2216 1507 scholium
2263 1438 2583 1518 efficiunt,
2631 1440 2738 1504 cui
2783 1435 2987 1504 Com-

572 1546 810 1634 pilator
856 1568 891 1613 e
936 1547 1215 1633 quodam
1262 1551 1556 1635 margine
1592 1548 1847 1614 infersit
1881 1549 2148 1612 initium
2186 1544 2414 1612 scholii
2437 1545 2556 1630 (2),
2595 1549 2984 1631 excerptum

573 1674 612 1720 a
670 1656 986 1741 magistro
1046 1675 1125 1720 ex
1187 1654 1305 1735 (1).
1444 1653 1752 1723 Ceterum
1820 1654 2055 1721 Donati
2121 1651 2443 1722 scholium
2510 1653 2808 1718 imitatus
2871 1657 2984 1717 est

572 1759 1159 1847 Eugraphius:
1228 1762 1684 1841 „Postremum
1745 1768 1968 1828 autem
2031 1765 2358 1828 sexcentas
2413 1780 2529 1846 pro
2578 1759 2980 1845 quamvis

577 1865 930 1945 multas,
977 1872 1054 1932 ut
1099 1865 1357 1934 Cicero:
1406 1889 1672 1955 possum
1717 1890 1768 1935 s.
1796 1867 1856 1934 d.
1883 1867 2016 1955 p.”.

667 1971 831 2039 Ibid.
883 1968 967 2039 76
1036 1972 1109 2040 Id
1156 1995 1414 2041 sumam

666 2080 765 2161 (1)
810 2080 955 2147 Non
1004 2081 1403 2163 „fructum”‚
1444 2083 1552 2149 sed
1592 2081 2046 2169 „argentum'’.
2137 2080 2278 2146 Hoc
2317 2079 2424 2147 vel
2464 2099 2688 2145 caecus
2712 2077 2978 2146 viderit.

668 2292 755 2362 IV
802 2296 865 2361 4.
892 2293 977 2362 2¹7
1048 2296 1389 2363 Interdixit
1433 2296 1721 2364 hariolus

669 2402 766 2483 (2)
830 2403 1221 2483 „Hariolus”
1286 2411 1383 2471 est
1443 2407 1556 2491 qui
1602 2404 1822 2470 divina
1867 2408 2083 2470 mente
2129 2403 2540 2469 vaticinatur.
2589 2401 2800 2468 dictus
2847 2400 2982 2466 ha-

576 2507 860 2576 riolus
908 2511 1091 2596 quasi
1136 2508 1588 2581 fariolus.a
1634 2510 1816 2577 fari.
1868 2548 1953 2559 —
2001 2507 2247 2575 scilicet
2291 2507 2360 2573 H
2404 2529 2519 2595 pro
2567 2506 2638 2587 F,
2685 2513 2761 2573 ut
2807 2513 2875 2573 et
2920 2506 2976 2572 F
3043 2517 3054 2526 ‘

573 2637 691 2703 pro
753 2614 819 2681 Η
880 2619 949 2681 in
1011 2616 1241 2682 multis
1301 2616 1733 2684 locutionibus
1795 2616 2233 2683 mutabantur.
2375 2613 2474 2701 (3)
2542 2616 2644 2681 An
2705 2615 2782 2680 ab
2846 2614 2981 2679 ha-

574 2720 868 2789 lando?
928 2743 1081 2788 nam
1141 2722 1425 2791 halitu
1472 2723 1762 2792 solebant
1809 2722 2145 2790 excludere
2192 2720 2402 2788 veluti
2444 2719 2790 2787 mortalem
2837 2723 2974 2787 ani-

571 2849 750 2895 mam
767 2877 784 2908 ,
848 2836 924 2895 ut
982 2829 1270 2897 divinam
1322 2833 1695 2917 reciperent.
1760 2829 1944 2896 Unde
1985 2836 2052 2895 et
2099 2850 2286 2896 voces
2332 2826 2648 2893 eiusmodi
2693 2826 2976 2906 dabant,

572 2940 620 3013 †
665 2956 826 3022 quae
873 2942 971 3002 est
1016 2957 1095 3004 ex
1141 2938 1261 3005 hoc
1306 2941 1419 3024 qui
1464 2938 1636 3004 hunc
1681 2958 1913 3004 sonum
1961 2934 2301 3002 exhalandi
2348 2940 2693 3020 praestant.

664 3041 955 3109 Donatus
1009 3046 1079 3109 in
1126 3042 1223 3124 (2)
1273 3043 1741 3112 derivationem
1788 3044 2197 3109 notissimam
2242 3041 2502 3107 exhibet
2520 3087 2537 3119 ,
2589 3060 2750 3126 quae
2796 3042 2982 3105 inve-

570 3150 751 3215 nitur
805 3152 1002 3216 etiam
1050 3150 1224 3236 apud
1269 3148 1561 3218 Gramm.
1610 3150 1849 3217 latinos
1894 3148 2042 3230 (VII
2094 3149 2198 3214 11.
2233 3146 2314 3213 10
2361 3152 2512 3227 etc.)
2557 3152 2624 3213 et
2668 3149 2734 3212 in
2779 3143 2980 3213 Glos-

576 3257 782 3321 sariis.
847 3256 1186 3324 Postrema
1228 3258 1425 3325 verba
1476 3254 1806 3335 „scilicet”
1853 3259 2006 3321 cett.
2055 3257 2115 3320 ei
2153 3260 2398 3321 tamen·
2423 3251 2803 3339 imputanda
2840 3273 2980 3318 non

572 3368 725 3429 sunt
740 3380 758 3441 3
825 3360 1113 3429 Donatus
1175 3365 1245 3429 in
1304 3362 1421 3429 tali
1483 3385 1551 3429 re
1608 3364 1750 3449 ipsa
1794 3363 2176 3427 mutationis
2221 3358 2518 3445 exempla
2563 3358 2794 3425 addere
2841 3380 2980 3425 non

573 3468 824 3533 omittit
842 3514 859 3544 ,
922 3488 995 3534 ac
1053 3475 1379 3554 praeterea
1426 3466 1746 3555 particula
1790 3468 2022 3533 scilicet
2067 3465 2492 3533 additamenti
2541 3466 2976 3552 suspicionem

568 3573 742 3639 facit.
805 3572 881 3639 In
940 3573 1037 3655 (3)
1102 3580 1325 3641 autem
1383 3574 1613 3642 Editor
1673 3574 1880 3641 denuo
1942 3575 2374 3640 coniecturam
2440 3572 2714 3660 profert,
2781 3573 2977 3638 cuius

568 3684 793 3746 utrum
840 3683 1157 3747 insaniam
1204 3701 1284 3746 an
1310 3682 1663 3748 audaciam
1713 3684 1925 3769 magis
1970 3682 2170 3746 mirer
2215 3681 2448 3745 nescio.
2513 3676 2974 3763 Suppeditavit

570 3790 631 3853 ei
666 3788 803 3863 ,hoc
850 3790 1191 3855 inventum
1237 3788 1555 3856 harioli
1603 3786 1890 3854 definitio
1935 3786 2119 3852 talis:
2173 3786 2646 3865 „Incantatores
2693 3785 2829 3849 sive
2875 3782 2975 3847 di—

570 3896 749 3972 vini,
813 3897 927 3981 qui
989 3900 1292 3982 concepto
1356 3900 1506 3961 ante
1552 3915 1733 3960 aram
1777 3884 2034 3979 spiritu
2059 3893 2280 3959 futura
2323 3886 2762 3977 praedicunt''.
2815 3886 2973 3953 Vel:

572 4000 865 4081 „Insani,
916 4004 1029 4088 qui
1076 4004 1311 4088 spiritu
1359 4004 1570 4067 nescio
1617 4021 1746 4086 quo
1792 3998 2000 4065 inflati
2046 4000 2467 4065 vaticinantes
2512 4000 2682 4063 circa
2725 4015 2866 4061 aras
2905 4003 2980 4061 et

566 4105 812 4192 templa
859 4106 1224 4173 discurrunt
1270 4115 1463 4194 atque
1511 4106 1966 4173 bacchantur”.
2015 4103 2225 4172 Gloss.
2276 4103 2362 4170 VI
2407 4126 2469 4190 p.
2523 4102 2676 4169 512.

659 4209 1037 4298 Corruptela
1082 4215 1151 4278 in
1198 4212 1321 4280 fine
1368 4218 1461 4281 ita
1504 4214 1772 4279 fortasse
1819 4214 2057 4299 corrigi
2104 4217 2350 4297 potest:
2403 4230 2608 4296 „quae
2650 4214 2974 4274 exeunt

566 4339 646 4386 ex
708 4318 864 4399 (his
910 4318 1043 4399 vel)
1088 4322 1235 4401 iis,
1284 4321 1464 4408 qui'’‚
1530 4319 1712 4386 illius
1760 4322 1934 4386 enim
1980 4319 2178 4384 verba
2224 4339 2348 4384 non
2395 4319 2591 4383 nimis
2639 4314 2975 4403 eleg-anter

570 4422 968 4493 restituenda
1016 4432 1190 4493 sunt.
1809 4433 1814 4439 ”
2389 4448 2392 4451 ’
