3246 5085
629 316 764 383 370
1415 335 1501 382 nn
1549 336 1865 387 nolumus
1913 338 2234 387 malrnoo.

629 508 814 566 natae
876 508 1027 566 suut
1087 522 1214 586 qua
1275 501 1640 581 Pirithous,
1703 524 1898 589 quam
1948 502 2231 569 fabulam
2280 504 2359 569 ad
2406 506 2784 570 recentiores
2842 505 3060 589 perti-

629 627 778 674 nere
825 606 1153 694 probabile
1201 613 1317 673 est.
1367 607 1468 674 Ita
1515 607 1663 675 Hel.
1720 608 1802 675 16

905 715 1048 788 ἡμῖν
1097 713 1158 778 δὲ
1208 720 1295 791 γῆ
1344 714 1459 791 μὲν
1509 715 1733 795 πατρὶς
1781 717 1888 780 οὐκ
1936 716 2245 793 ἀνώνυμος

907 819 1204 900 Σπάρτη·
1256 824 1458 900 πατὴρ
1509 821 1569 886 δὲ
1619 820 1998 901 Τυνδάρεως,

628 930 886 1012 propter
932 947 1005 992 ea
1048 932 1267 1005 autem
1317 947 1478 1013 quae
1524 930 1590 991 in
1639 927 1929 994 Pirithoo
1976 934 2335 1015 sequuntur

905 1034 1030 1114 ἐμῷ
1079 1038 1204 1112 γὰρ
1255 1030 1396 1107 ἦλθε
1445 1033 1629 1114 μητρὶ
1680 1034 1883 1099 κεδνὸν
1928 1036 2013 1108 εἷς
2063 1036 2251 1115 λέχος
2336 1030 2345 1037 “

903 1139 1092 1218 Ζεύς,
1141 1142 1220 1211 ὡς
1269 1140 1564 1205 λέλεκται
1613 1149 1726 1216 τῆς
1773 1142 2068 1217 ἀληθείας
2118 1140 2272 1221 ὕπο,

627 1245 1001 1312 conferenda
1046 1267 1302 1332 quoque
1349 1252 1501 1313 sunt
1546 1268 1709 1333 quae
1756 1248 1935 1314 addit
1980 1248 2231 1315 Helena

2082 1353 2248 1421 ἔστιν
2295 1356 2356 1421 δὲ
2407 1357 2475 1430 δὴ

900 1459 1089 1539 λόγος
1137 1483 1231 1533 τις
1277 1460 1356 1533 ὥς
1406 1462 1562 1533 Ζεὺς
1611 1462 1827 1542 μητέρ’
1878 1460 2106 1526 ἔπτατ’
2157 1463 2245 1535 εἷς
2296 1461 2471 1541 ἐμήν,

623 1588 736 1633 nec
784 1568 1001 1632 minus
1047 1572 1194 1653 apte
1238 1566 1526 1633 eiusdem
1573 1566 1828 1633 fabulae
1877 1557 2161 1635 Helenae
2196 1590 2291 1635 vs,
2338 1567 2423 1635 87
2451 1590 2578 1653 seq.
2619 1568 2747 1633 huc
2787 1568 3037 1633 afferas

897 1673 1087 1751 ὄνομα
1136 1674 1251 1750 μὲν
1299 1675 1444 1751 ἡμῖν
1491 1674 1798 1755 Τευκρός,
1847 1675 1874 1739 ὃ
1924 1676 1985 1741 δὲ
2034 1675 2247 1757 φύσας
2300 1677 2503 1757 πατὴρ

899 1778 1232 1859 Τελῶμων,
1284 1780 1583 1856 Σαλαμὶς
1631 1780 1694 1846 δὲ
1743 1783 1968 1861 πατρὶς
2021 1784 2053 1856 ἧ
2105 1782 2386 1862 θρέψασά
2436 1804 2539 1859 με.

625 1884 700 1950 In
747 1886 1015 1952 Bacchis
1063 1885 1196 1951 464
1244 1890 1340 1952 est
1389 1886 1591 1953 Λυδία
1642 1886 1706 1951 δέ
1752 1912 1853 1965 μοι
1906 1888 2155 1968 πατρίς,
2200 1892 2267 1955 in
2313 1890 2463 1956 Ione
2511 1888 2645 1954 260

902 1992 1171 2073 Κρέουσα
1220 1994 1336 2070 μέν
1381 2016 1482 2071 μοι
1533 1991 1816 2072 τοῦνομ’·
1870 1996 1939 2059 ἐκ
1988 1994 2041 2059 δ’
2090 1996 2429 2078 Ἐρεχθέως

896 2100 1192 2180 πέφυκα·
1246 2100 1471 2181 πατρὶς
1519 2108 1602 2178 γῆ
1655 2099 1708 2165 δ’
1758 2102 2093 2177 Ἀθηναίων
2141 2104 2342 2182 πόλις,

622 2209 688 2268 et
731 2204 799 2268 in
846 2203 986 2290 Iph.
1038 2203 1112 2269 Τ.
1164 2203 1204 2270 3
1254 2211 1359 2272 τοῦ
1410 2205 1460 2270 δ’
1513 2204 1667 2289 ἔφυν
1720 2208 1862 2285 ἐγώ.

711 2308 888 2376 Haec
935 2313 1180 2389 omnia,
1233 2319 1547 2397 quantum
1594 2318 1807 2399 potest
1844 2313 2213 2400 Euripideis
2250 2312 2525 2391 similia,
2568 2315 2778 2401 magis
2816 2315 3027 2379 etiam

619 2414 894 2482 colorem
957 2425 1297 2483 assumunt
1359 2417 1823 2506 Euripideum,
1887 2442 2038 2486 cum
2076 2442 2336 2507 prorsus
2382 2419 2755 2499 εὐριπιδίζων
2800 2422 3038 2505 pergit-

620 2521 934 2590 Hercules
973 2520 1137 2603 »ἥκω
1178 2525 1238 2591 δὲ
1285 2524 1451 2605 δεῦρο
1493 2526 1662 2594 etc.'’
1703 2527 1843 2593 Iam
1884 2549 2159 2615 agnosco
2188 2566 2270 2577 —
2298 2530 2389 2596 sic
2429 2527 2560 2595 fere
2583 2525 2905 2595 exclames
2934 2564 3022 2577 -

626 2626 837 2712 ,,σῖδα,
882 2633 974 2704 τίς
1013 2629 1072 2697 εἷ
1108 2633 1214 2696 καὶ
1256 2633 1497 2700 πόθεν”.
1548 2634 1706 2714 Quis
1748 2637 1921 2700 enim
1972 2638 2295 2722 originem
2343 2635 2760 2721 Euripideum
2807 2634 3023 2700 celare

623 2737 887 2804 studens
928 2759 1214 2824 unquam
1253 2743 1462 2827 coepit
1500 2761 1537 2806 a
1577 2741 1776 2806 verbo
1818 2739 1981 2818 ἤκωὲ)
2026 2779 2110 2790 -
2152 2742 2241 2808 Ut
2263 2762 2341 2806 ex
2366 2743 2678 2807 sexcentis
2701 2741 3022 2828 exemplis

625 2864 829 2930 pauca
871 2844 1128 2910 afferam
1177 2847 1410 2912 notabo
1459 2846 1564 2913 Or.
1622 2845 1816 2913 1323.
1870 2847 2064 2913 Andr.
2116 2847 2268 2916 309.
2324 2846 2517 2914 1111.
2572 2846 2767 2912 1126.
2820 2845 3023 2912 1232.

628 2950 882 3017 Heracl.
935 2951 1087 3018 389.
1138 2951 1244 3019 Or.
1294 2952 1402 3018 82.
1452 2951 1606 3019 893.
1657 2953 1746 3018 Ῑο.
1802 2953 1862 3020 5.
1915 2954 2145 3020 Bacch.
2196 2953 2347 3020 661.
2400 2953 2551 3020 664.
2606 2952 2759 3020 666.

719 3057 791 3123 In
836 3062 1062 3124 ceteris
1108 3060 1492 3146 fragmentis
1540 3061 1833 3126 iambicis
1880 3082 2006 3126 non
2054 3061 2255 3126 habeo
2303 3082 2463 3147 quae
2503 3066 2763 3147 propter
2801 3060 3032 3126 dictio·

628 3185 778 3229 nem
846 3164 1122 3230 notanda
1188 3167 1338 3231 sint.
1409 3163 1834 3253 Anapaestica
1896 3173 2118 3232 autem
2182 3188 2507 3245 sermone,
2579 3169 2677 3232 uti
2726 3188 2839 3253 par
2888 3173 3025 3245 est,

634 3268 845 3336 multo
884 3271 1144 3337 elatiore
1190 3278 1484 3352 utuntur,
1534 3294 1661 3358 quo
1711 3273 1785 3337 fit
1830 3281 1904 3339 ut
1952 3273 2205 3340 facilius
2247 3277 2317 3339 in
2365 3277 2455 3340 eis
2503 3271 2686 3351 ἅπαξ
2734 3275 3024 3354 εἰρημένα

633 3375 1084 3462 deprehendas.
1149 3378 1222 3442 In
1271 3382 1545 3446 transitu
1593 3401 1745 3445 cum
1810 3400 1997 3446 versu
2046 3380 2257 3461 χάσμ’
2312 3381 2607 3458 εὐφήμως
2658 3378 3021 3458 προχέωμεν

632 3483 707 3548 fr.
776 3482 908 3548 592
969 3484 1220 3551 confero
1281 3486 1358 3550 fr.
1409 3485 1541 3551 912
1606 3485 1778 3562 δέξαι
1842 3489 2040 3564 πλήρη
2106 3489 2535 3569 προχυθεῒσαν.
2593 3485 2717 3552 Sed
2773 3486 3020 3552 detinet

631 3610 748 3654 nos
802 3593 1180 3675 praesertim
1243 3592 1317 3658 fr.
1370 3591 1521 3656 593.
1585 3593 1809 3658 Prima
1872 3593 2069 3659 verba
2133 3593 2201 3658 σὲ
2250 3595 2350 3657 τὸν
2398 3595 2683 3672 αὐτοφυῆ
2730 3600 3020 3679 (propter

631 3698 914 3761 sonitum
977 3717 1049 3762 ac
1110 3718 1411 3762 numeros
1473 3698 1843 3764 conferenda
1890 3720 2039 3764 cum
2088 3698 2285 3785 Hipp.
2344 3697 2514 3764 1283
2565 3699 2632 3762 σὲ
2680 3700 2783 3762 τὸν
2832 3701 3025 3764 εὐπα-

632 3801 867 3882 τρίδαν)
927 3803 1320 3868 adiectivum
1383 3804 1688 3870 exhibent
1741 3805 1859 3870 hac
1907 3805 2170 3890 quidem
2216 3807 2475 3870 notione
2522 3804 2691 3891 apud
2740 3809 3023 3872 scenicos

629 3911 1072 3994 incognitum,
1137 3933 1264 3976 non
1326 3913 1486 3976 item
1551 3911 1721 3997 apud
1782 3909 2151 3997 theologOS,
2215 3911 2728 3996 quandoquidem
2790 3916 2855 3976 et
2915 3912 3023 3976 αὐ-

631 4019 838 4094 τοφυᾶ
881 4020 946 4079 et
985 4017 1332 4090 ἀκάμαντα
1373 4022 1560 4103 poeta
1599 4017 1917 4103 Orphicus
1958 4017 2059 4081 τὸν
2102 4019 2311 4098 χρόνον
2352 4017 2517 4082 dixit
2555 4017 2801 4104 hymno
2848 4017 2953 4082 12.
2982 4016 3021 4081 9

636 4157 720 4170 -
770 4120 939 4205 quod
998 4121 1317 4188 undenam
1379 4126 1685 4189 sumserit
1736 4124 1975 4188 frustra
2015 4144 2299 4208 quaeras.
2361 4123 2493 4189 Nec
2538 4129 2755 4188 tamen
2802 4126 3021 4209 ipsum

629 4227 1024 4292 adiectivum
1062 4229 1429 4295 inauditum
1470 4236 1584 4295 aut
1617 4231 1970 4296 novicium.
2020 4229 2195 4296 Deus
2236 4232 2349 4315 qui
2376 4229 2571 4294 δεῖται
2599 4231 2828 4300 οὐδενὸς
2853 4228 3023 4294 haud

629 4334 859 4399 absone
896 4333 1296 4419 significatur
1335 4336 1651 4402 adiectivo
1692 4358 1817 4421 quo
1859 4337 1929 4402 Io
1970 4342 2156 4422 poeta
2195 4336 2269 4400 fr.
2310 4336 2343 4401 1
2389 4339 2721 4415 αὐτοφυεῖς
2752 4335 3017 4414 καρποὺς

630 4438 796 4504 dixit
857 4441 969 4525 qui
1034 4439 1274 4505 nullius
1337 4440 1544 4506 adiuti
1605 4448 1741 4506 arte
1802 4451 2127 4520 crescunt3
2206 4444 2579 4526 praesertim
2642 4440 3015 4527 Euripidem
