3246 5085
1131 211 1148 253 Ι

629 323 758 387 144
1633 330 2005 388 rumorum.

625 531 784 579 τινος
832 504 928 571 δεῖ
969 526 1091 571 non
1141 504 1558 583 σκώμματος,
1609 504 1717 570 sed
1767 504 2263 581 σκέμματος.
2314 504 2485 571 Hinc
2525 507 2725 571 etiam
2760 506 3015 595 Euthy-

625 614 786 700 phro
835 610 1202 697 respondet:
1247 612 1376 685 ἐμοὶ
1428 610 1490 675 δὲ
1541 609 1708 673 δοκεῖ
1751 610 1971 689 σχεδόν
2021 634 2079 673 τι
2123 614 2229 673 τοῦ
2268 611 2459 675 αὐτοῦ
2508 612 3011 688 σκώμματος

625 719 854 784 δεῖσθαι
902 720 988 782 τὰ
1036 718 1386 793 λεγόμενα,
1440 716 1549 781 sed
1597 715 1855 780 ridiculi
1894 714 2057 779 nihil
2094 718 2360 801 agnovit
2398 718 2463 781 in
2506 718 2717 783 verbis
2751 717 3017 804 lepidis·

625 827 776 891 simi
815 827 984 889 senis
1022 830 1086 887 et
1121 823 1225 887 hic
1261 843 1512 907 quoque
1549 826 1832 907 praestat
1872 821 2377 898 σκέμματος.
2426 822 2586 889 Vide
2624 824 3015 890 vocabulum

622 950 884 1017 prorsus
933 928 1156 994 eodem
1205 927 1393 994 modo
1439 934 1822 1013 usurpatum
1874 926 2033 994 Crit.
2086 927 2209 992 48:
2258 910 2347 1005 μὴ
2400 934 2608 995 ταῦτα
2658 929 3009 1007 σκέμματα

625 1034 659 1117 ᾖ
710 1040 826 1101 τῶν
871 1036 1085 1117 ῥᾳδίως
1134 1034 1637 1111 ἀποκτιννύντων,
1696 1034 1851 1119 Rep.
1900 1032 1989 1097 IV
2028 1030 2267 1100 435C:
2319 1035 2402 1105 εἰς
2453 1040 2699 1114 Φαῦλον
2746 1037 3009 1113 σκέμμα

623 1142 1148 1218 ἐμπεπτώκαμεν,
1210 1139 1386 1205 alibi.
1467 1140 1598 1205 Nec
1646 1139 1968 1217 SocrateS,
2018 1161 2221 1225 neque
2268 1140 2655 1227 Euthyphro
2704 1142 3011 1220 σκώπτει,

623 1255 790 1314 certe
851 1250 1076 1311 neuter
1135 1243 1282 1310 vult
1341 1245 1707 1316 σκωπτόλης
1768 1244 2009 1310 haberi.
2088 1244 2279 1309 Haud
2340 1245 2627 1311 multum
2691 1246 3011 1312 dissimile

620 1360 718 1421 est
763 1352 932 1438 quod
975 1350 1140 1414 mihi
1184 1350 1620 1415 observavisse
1669 1348 1887 1415 videor
1933 1352 2152 1414 Mnem.
2208 1348 2382 1415 1897
2432 1373 2493 1437 p.
2546 1352 2627 1417 71
2682 1346 2763 1417 ad
2802 1352 3017 1417 Xeno·

621 1460 880 1544 phontis
949 1454 1303 1521 Memorab.
1377 1454 1437 1519 3.
1481 1454 1542 1519 6.
1590 1454 1697 1517 12.
1780 1454 2065 1539 Negarat
2136 1452 2382 1543 Glauco
2459 1476 2525 1520 se
2606 1464 3009 1541 praesentem

619 1566 995 1650 cognovisse
1053 1562 1428 1626 Laureotica
1486 1558 1753 1625 metalla
1798 1567 1863 1624 et
1909 1560 2378 1646 negligentiam
2424 1563 2517 1626 ita
2564 1562 2853 1629 Socrates
2899 1585 3007 1629 ex-

621 1676 830 1735 cusat:
900 1670 1002 1731 καὶ
1055 1670 1182 1744 γὰρ
1231 1668 1298 1741 νὴ
1351 1668 1476 1730 Δία
1523 1666 1785 1741 λέγεται
1834 1666 1999 1743 βαρὺ
2049 1667 2116 1729 τὸ
2164 1670 2378 1746 χωρίον
2428 1663 2605 1745 εἶναι,
2654 1668 2803 1747 ees,
2852 1667 3007 1734 ὅταν

620 1776 755 1853 περὶ
821 1775 1035 1839 τούτου
1097 1772 1196 1853 δέῃ
1254 1772 1727 1849 συμβουλεύειν,
1776 1770 1936 1846 αὕτη
1983 1796 2072 1835 σοι
2124 1771 2517 1851 ἥῦπρόφασις
2566 1775 2832 1851 ἀρκέσει.
2880 1774 3007 1841 Sed

619 1881 901 1949 alienum
970 1885 1067 1944 est
1134 1879 1301 1963 quod
1372 1877 1707 1963 respondet
1769 1874 2050 1943 Glauco:
2118 1882 2647 1956 σκώπτομαι,
2722 1902 2873 1945 nam
2934 1884 3007 1945 in

620 1986 1036 2071 sequentibus
1075 2004 1393 2069 nusquam
1430 1981 1891 2048 animadvertit
1927 1982 2253 2048 Socratem
2290 2004 2357 2048 se
2394 1983 2709 2049 ludificari
2728 2007 2744 2063 3
2776 1984 3005 2050 deinde

617 2091 783 2157 illud
854 2088 1216 2163 σκώπτομαι
1280 2109 1404 2153 non
1465 2108 1616 2152 eum
1678 2087 1956 2153 colorem
2018 2088 2230 2166 habet,
2296 2092 2407 2173 qui
2467 2092 2536 2153 in
2600 2089 2894 2155 Platonis
2938 2098 3008 2155 et

618 2197 1058 2282 Xenophontis
1125 2193 1400 2280 dialogis
1465 2200 1774 2279 perpetuo
1844 2200 2157 2272 servatur,
2228 2190 2296 2258 in
2359 2196 2591 2280 quibus
2660 2198 2789 2281 ipsi
2848 2196 3003 2261 adeo

618 2304 940 2389 sophistae
999 2322 1184 2386 saepe
1233 2304 1789 2385 repraesentantur
1830 2306 2135 2385 tanquam
2183 2300 2557 2366 mortalium
2604 2300 3003 2367 stultissimi.

617 2408 966 2493 Imperitus
1013 2405 1380 2470 adulescens
1426 2403 1520 2469 nil
1569 2405 1726 2470 mali
1772 2407 2162 2491 suspicatus,
2211 2406 2459 2471 ridetur
2502 2406 2611 2473 sed
2656 2406 2823 2471 nihil
2868 2428 3007 2472 sen·

618 2516 723 2579 tit.
769 2512 1086 2598 Equidem
1132 2533 1281 2578 cum
1327 2510 1713 2577 Schneidero
1759 2511 2167 2578 commendo:
2217 2515 2666 2594 σκήψομαι.

709 2730 1032 2799 Continuo
1100 2736 1455 2815 sequuntur
1523 2727 2010 2815 Euthyphronis
2080 2730 2308 2795 verba:
2379 2730 2447 2794 τὸ
2518 2733 2644 2810 γὰρ
2708 2735 3001 2812 περιιέναι

615 2837 850 2908 τούτοις
898 2842 1078 2902 τοῦτο
1128 2838 1229 2900 καὶ
1277 2837 1366 2913 μὴ
1413 2831 1685 2912 μένειν
1736 2837 1794 2898 ἐν
1844 2837 1925 2916 τῷ
1976 2837 2142 2916 αὐτῷ
2182 2837 2287 2900 οὐκ
2330 2837 2451 2914 ἐγώ
2493 2839 2620 2912 εἰμι
2662 2838 2690 2901 ὁ
2732 2839 3003 2918 ἐντιθείς,

617 2944 728 3010 sed
787 2942 1216 3029 supplendum
1265 2948 1396 3006 est:
1447 2942 1534 3016 μῆ
1581 2942 1858 3020 (ἐθέλειν)
1905 2941 2125 3018 μένειν,
2175 2943 2721 3026 quemadmodum
2766 2951 2866 3010 ter
2915 2944 3004 3010 le-

615 3053 796 3136 gitur
839 3052 907 3114 in
953 3051 1035 3114 iis
1082 3069 1244 3136 quae
1291 3051 1587 3134 proxime
1632 3046 2045 3133 praecedunt.

707 3251 865 3318 Ibid.
937 3253 1126 3316 12A:
1190 3252 1359 3337 quod
1419 3251 1696 3338 legitur:
1764 3248 1869 3316 καὶ
1936 3251 2060 3329 γὰρ
2123 3252 2294 3316 οὐδὲ
2356 3255 2647 3331 χαλεπὸν
2710 3253 2995 3328 νοῆσαιὸ

615 3359 815 3436 λέγω,
875 3361 968 3424 ita
1027 3359 1288 3423 demum
1353 3358 1744 3444 significabit
1805 3358 1976 3443 quod
2036 3360 2386 3443 requiritur
2446 3361 2500 3423 si
2560 3363 2994 3446 rescripseris:

615 3465 830 3530 οὐδὲν
879 3463 1189 3542 χαλεπόν,
1242 3466 1434 3528 sicuti
1473 3471 1569 3528 est
1615 3463 1805 3528 14E:
1850 3466 1997 3527 ἀλλ’
2038 3465 2201 3528 οὐδὲν
2243 3463 2396 3538 ἥδιον
2438 3461 2672 3542 ἔμοιγε.
2722 3465 2998 3532 Interest

614 3578 830 3637 tamen
875 3569 1118 3655 aliquid
1163 3571 1334 3634 inter
1377 3568 1497 3634 hoc
1543 3576 1609 3634 et
1656 3569 1856 3634 illud:
1908 3571 2051 3654 quis
2100 3569 2261 3635 ferat
2300 3572 2663 3650 ὀρχούμενος
2712 3579 2821 3644 τῆς
2864 3596 2997 3636 νυκ-

612 3679 718 3748 τὸς
764 3677 894 3741 οὐδὲ
945 3676 1218 3738 παύεται
1267 3695 1381 3759 pro
1435 3673 1701 3760 vulgata
1743 3673 2053 3740 lectione:
2102 3672 2308 3740 οὐδένῖ
2371 3675 2645 3740 Infinitis
2690 3675 2845 3741 locis
2890 3698 3000 3742 na·

611 3783 762 3847 salis
806 3780 995 3846 litera
1039 3783 1108 3844 in
1154 3788 1440 3844 extremo
1487 3779 1797 3846 vocabulo
1840 3782 2075 3845 omissa
2117 3787 2246 3858 est3
2289 3802 2457 3845 nunc
2495 3780 2753 3846 accedat
2793 3783 2995 3846 etiam

609 3887 788 3953 locus
849 3889 916 3950 in
974 3888 1246 3962 vicinia,
1297 3907 1358 3970 p.
1413 3884 1599 3950 1313:
1666 3893 2004 3972 postquam
2048 3883 2338 3952 Socrates
2386 3885 2584 3950 dixit:
2638 3886 2815 3956 δῆλον
2864 3890 2993 3966 γὰρ

611 3989 702 4058 ὅτι
753 3992 827 4055 σὺ
867 3987 1076 4068 οἶσθα,
1125 3991 1445 4068 ἐπειδήπερ
1494 3993 1578 4054 τοὶ
1619 4015 1699 4068 γε
1739 3994 1869 4056 θεῖα
1906 3995 2183 4060 sedamen
2224 3995 2349 4072 Φὴς
2391 3991 2608 4056 εἰδέναι
2652 3993 2994 4072 ἀνθρώπων,

609 4097 943 4184 respondet
983 4097 1403 4183 Euthyphro:
1454 4097 1556 4160 καὶ
1607 4100 1805 4172 ἀληθῆ
1852 4121 1933 4174 γε
1979 4098 2225 4174 λέγω,
2272 4097 2389 4161 ubi
2436 4100 2579 4182 quis
2623 4097 2995 4164 admonitus

609 4226 735 4270 non
779 4207 1058 4290 corriget
1104 4200 1398 4280 λέγωνῖ
1447 4201 1749 4270 Ceterum
1790 4202 2257 4269 Herwerdenus
2296 4225 2547 4289 quoque
2586 4205 2811 4269 οὐδὲν
2848 4227 2993 4290 pro-

607 4311 820 4387 bavit,
867 4310 978 4375 sed
1024 4309 1194 4375 haud
1241 4311 1396 4374 satis
1441 4311 1570 4374 scio
1617 4330 1697 4374 an
1744 4307 2063 4375 Christius
2110 4330 2215 4374 me
2260 4331 2383 4375 non
2432 4313 2871 4376 anteverterit.
