3246 5085
610 327 744 393 226
1651 347 1963 396 nomme.

605 532 732 576 non
796 515 1008 595 potest
1069 513 1285 576 amitti
1334 511 1502 596 quod
1551 511 1840 577 nondum
1886 519 2220 597 acceptum
2270 515 2386 576 est.
2487 509 2751 574 Addidit
2796 509 3003 574 alter:

607 617 705 698 (2)
766 618 868 682 An
931 619 1082 703 quia
1141 616 1525 682 iamdudum
1589 626 1931 706 sumptum
1994 625 2113 685 est.
2251 615 2505 682 Insulsa
2548 614 2875 682 cavillatio
2922 613 3011 680 ad

604 723 707 800 id,
756 723 927 809 quod
973 722 1138 789 Don.
1190 729 1514 814 postremo
1563 723 1748 790 dixit.

697 830 858 896 Ibid.
913 827 995 896 17
1069 830 1358 897 Militem
1408 853 1629 899 secum
1676 831 1754 898 ad
1804 838 1868 899 te
1914 837 2183 918 quantas
2228 833 2442 917 copias
2486 825 2840 896 adducere?

695 936 794 1019 (1)
835 936 1103 1022 Proprie
1142 936 1308 1003 dixit
1351 939 1676 1025 „copias’',
1720 960 1872 1005 nam
1911 941 2003 1005 sic
2044 938 2344 1004 dicuntur
2379 936 2670 1023 legiones
2702 939 2768 1001 in
2794 955 3012 1001 unum

601 1043 925 1110 collectae.
975 1041 1295 1110 Convenit
1340 1053 1556 1111 tamen
1605 1045 1752 1110 rudi
1800 1052 1866 1110 et
1911 1047 2148 1111 rustico
2196 1043 2591 1110 adulescenti
2636 1063 2747 1108 sex
2794 1041 3013 1106 homi-

602 1171 714 1216 nes
756 1150 1053 1236 „copias”
1093 1150 1334 1217 dicere:
1378 1151 1683 1231 militem,
1724 1154 2082 1238 parasitum
2099 1200 2115 1231 ,
2152 1150 2518 1238 Syriacum,
2544 1147 2970 1216 Simaliouem
2988 1195 3011 1227 ,

602 1256 906 1344 Sangam.
2322 1341 2330 1350 ἱ

690 1365 767 1430 Iu
841 1363 1044 1430 altera
1119 1371 1301 1451 parte
1374 1364 1566 1432 audio
1638 1365 1935 1453 equidem
1996 1363 2099 1430 IP
2167 1365 2594 1450 corrigentem
2664 1361 3005 1427 Donatum

602 1471 966 1553 („tamen'')
1011 1475 1259 1538 ratione
1307 1493 1540 1557 parum
1587 1471 1927 1560 probabili.

690 1576 853 1644 Ibid.
905 1577 992 1643 20
1054 1579 1156 1644 Ah
1176 1629 1193 1658 ,
1243 1585 1465 1644 metuo
1516 1579 1774 1666 qualem
1820 1584 1894 1643 tu
1935 1598 2040 1644 me
2078 1598 2215 1644 esse
2253 1577 2583 1642 hominem
2622 1579 2957 1641 existimes

691 1683 892 1750 Don.:
943 1683 1042 1764 (2)
1089 1683 1361 1750 Videtur
1404 1686 1619 1751 ebrius
1661 1685 1867 1750 factus
1916 1685 2025 1749 hic
2062 1681 2369 1750 Chremes
2408 1689 2521 1763 (sc.
2563 1685 2675 1768 qui
2711 1685 2778 1748 in
2819 1679 2917 1746 III
2959 1679 3009 1745 3

598 1788 913 1870 Thaidem
962 1791 1324 1875 spernebat)
1367 1793 1499 1856 iam
1549 1793 1745 1856 etiam
1792 1789 2127 1876 displicere
2174 1788 2344 1854 nolle
2396 1787 2672 1854 mulieri.
2781 1785 3009 1852 Nimis

609 1898 888 1961 otiosum
953 1900 1049 1961 est
1113 1897 1280 1982 quod
1340 1897 1459 1962 Ed.
1525 1897 1808 1962 addidit:
1870 1896 2039 1963 Nam
2086 1896 2323 1962 idcirco
2368 1896 2610 1962 fatetur
2655 1915 2722 1960 se
2769 1896 3009 1959 timere

607 2001 847 2068 malam
918 2002 993 2068 de
1055 2024 1121 2067 se
1184 2006 1552 2089 opinionem
1612 2003 1899 2069 Thaidis.
2039 2002 2347 2068 Eiusdem
2395 2009 2489 2068 est
2540 1999 2671 2082 (3):
2728 2000 3007 2078 „Metuo

604 2107 904 2195 qualem’'
944 2130 1114 2175 nove
1154 2109 1319 2175 dixit
1358 2133 1476 2196 pro
1524 2119 1789 2190 „metuo
1826 2131 1906 2176 ne
1944 2111 2243 2198 ignores‘”
2259 2131 2276 2189 3
2303 2109 2752 2195 interpretatio
2777 2127 3007 2193 prava.

604 2214 862 2281 Fabia
907 2223 1077 2282 recte
1124 2219 1214 2282 sic
1262 2220 1493 2298 vertit;
1547 2217 1665 2296 „Je
1714 2239 1819 2283 me
1864 2216 2174 2284 demande
2213 2237 2367 2284 avec
2413 2213 2856 2301 inquietude’'.

694 2319 854 2387 Ibid.
905 2321 988 2387 21
1062 2321 1453 2411 Peregrinus
1514 2331 1647 2404 est,
1694 2327 1912 2390 minue
1958 2328 2181 2412 potens
2229 2342 2424 2409 quam
2473 2327 2581 2400 tu,
2630 2323 2847 2386 minus
2890 2341 3013 2386 no-

606 2434 748 2518 tus,
797 2429 1017 2493 minus
1062 2431 1419 2496 amicorum
1467 2430 1575 2496 hic
1618 2431 1859 2497 habens

696 2533 813 2600 Ed.
854 2534 952 2617 (2)
992 2535 1162 2603 Bene
1200 2539 1290 2603 sic
1328 2537 1528 2617 dixit,
1571 2540 1722 2626 quia
1760 2537 2019 2604 tardum
2058 2537 2187 2603 fuit
2210 2535 2419 2603 dicere
2448 2533 2605 2615 „ille
2628 2537 3000 2621 impotens,

605 2648 681 2708 tu
728 2643 996 2728 potens”
1047 2641 1202 2709 etc.1

694 2748 856 2814 Ibid.
907 2747 994 2814 23
1065 2748 1190 2815 Sed
1237 2755 1314 2816 tu-
1359 2751 1527 2836 quod
1572 2772 1794 2817 cavere
1845 2753 2047 2837 possis
2064 2798 2080 2829 ,
2130 2749 2411 2816 stultum
2458 2747 2797 2815 admittere
2844 2752 2948 2812 est

696 2854 894 2921 Don.:
960 2856 1058 2937 (2)
1122 2856 1568 2935 „Admittere”
1635 2862 1731 2924 est
1791 2857 1931 2924 fieri
1974 2862 2199 2924 sinere.
2339 2856 2457 2923 Ed.
2508 2854 2607 2937 (3)
2652 2860 2717 2921 et
2762 2853 3011 2921 melius

604 2961 768 3027 dixit
815 2983 1013 3047 quam
1061 2963 1320 3050 „pati’':
1369 2964 1489 3030 hoc
1539 2963 1837 3051 generale
1886 2971 1978 3030 est
2011 2964 2080 3045 ¹).

693 3068 856 3134 Ibid.
907 3066 1016 3133 25.
1086 3068 1188 3134 'ru
1251 3070 1355 3135 abi
1417 3076 1610 3157 atque
1656 3072 1879 3138 obsera
1927 3073 2167 3137 ostium
2212 3072 2426 3153 intus,
2476 3068 2633 3133 dum
2680 3088 2801 3154 ego
2846 3066 3012 3132 hinc

521 3198 524 3201 ⁴
608 3180 976 3240 transcurro
1023 3174 1104 3241 a‘d
1149 3176 1364 3241 forum

697 3279 859 3345 Don.
899 3279 996 3361 (1)
1045 3282 1275 3347 Pavidi
1315 3282 1659 3349 consilium
1698 3282 1866 3349 nihil
1904 3282 2086 3349 aliud
2122 3284 2405 3349 continet
2441 3286 2691 3367 praeter
2722 3278 3015 3345 claustra

605 3391 672 3451 et
718 3386 962 3472 fugam.
1101 3386 1257 3452 Ed.:
1305 3388 1474 3455 Nam
1523 3410 1709 3455 sera
1753 3395 1853 3455 est
1898 3388 2253 3455 claustrum
2299 3389 2547 3453 ianuae.

696 3490 927 3556 Omnia
976 3492 1263 3558 eiusdem
1309 3500 1499 3561 notae
1545 3502 1612 3561 et
1658 3498 1947 3582 originis.

700 3596 863 3663 Ibid.
915 3596 1002 3661 24
1027 3598 1126 3680 (l)
1179 3600 1398 3678 „Malo
1446 3622 1568 3689 ego
1617 3623 1733 3667 nos
1779 3600 2180 3687 prospicere’'
2229 3621 2343 3687 pro
2394 3619 2660 3678 „cavere
2706 3618 2785 3662 ne
2823 3596 3012 3676 fiat”,

603 3705 676 3778 id
737 3711 826 3769 eet
874 3706 1226 3789 prospicere
1288 3716 1346 3772 et
1407 3730 1645 3773 cavere.-
1712 3709 1791 3773 ab
1855 3728 1927 3774 eo
1990 3707 2157 3794 quod
2218 3705 2539 3792 praecedit
2576 3703 2645 3770 id
2692 3701 2858 3790 quod
2904 3724 3011 3769 se-

606 3814 847 3899 quitur.

696 3919 1194 3986 Wessnerus
1263 3942 1301 3987 a
1371 3922 1620 3988 Donato
1692 3921 2087 3987 adiudicavit
2154 3940 2317 4005 quae
2381 3916 2707 3983 inclinatis
2766 3915 3017 3981 litteris

608 4028 912 4110 expressi.
981 4026 1122 4111 Ego
1192 4035 1350 4114 puto
1419 4031 1618 4094 etiam
1690 4034 2064 4114 sequentem
2134 4022 2485 4091 formulam
2555 4020 3017 4108 Interpolatori

605 4129 993 4197 reddendam
1065 4154 1235 4213 esse,
1309 4138 1419 4220 qui
1491 4156 1635 4201 eam
1708 4156 1894 4219 saepe
1964 4133 2294 4209 adhibuit,
2368 4138 2444 4196 ut
2505 4130 2687 4196 docui
2757 4128 3018 4195 Mnem-

670 4408 724 4472 1)
759 4408 987 4473 Sequitur
1021 4407 1168 4459 etiam
1201 4410 1446 4460 adnotatio
1481 4408 1765 4474 magistelliz
1800 4407 1961 4458 ‚Nam
1987 4422 2113 4481 nunc
2144 4402 2462 4456 admittere?
2499 4403 2636 4470 pati
2674 4402 2697 4451 f
2702 4402 2725 4451 i
2733 4402 2828 4452 eri
2860 4402 3018 4467 signi·

603 4490 762 4551 Μεθ’,
800 4506 942 4555 quam
981 4490 1360 4543 wesenerus
1393 4493 1491 4542 iam
1526 4490 1662 4541 obelo
1698 4488 1901 4539 notavit.
