3246 5085
1369 327 1645 379 s'rfflus.
2172 384 2182 395 ,
2532 312 2657 377 135

367 499 456 563 At
495 516 697 582 neque
735 502 896 580 rotat
930 516 1137 581 neque
1173 496 1330 577 reqit
1364 493 1498 561 ullo
1550 492 1737 561 modo
1776 495 1880 559 hic
1918 494 2070 559 ferri
2106 514 2288 579 posse
2325 492 2656 559 contendo.

271 600 479 671 Cuius
515 606 691 669 enim
728 622 1020 667 recursus
1057 604 1150 667 ita
1190 599 1428 668 Chiron
1467 604 1604 667 sive
1645 606 1852 666 rotare
1891 602 2028 665 sive
2072 620 2293 686 regere
2338 602 2659 665 existima-

267 706 426 774 tur?
486 706 774 776 Suosne?
834 709 922 772 At
965 708 1253 773 nondum
1297 711 1668 787 revertitur,
1716 726 1865 771 nam
1910 710 2133 791 postea
2180 709 2374 771 etiam
2422 705 2658 771 Thetin

265 812 608 899 filiumque
653 815 783 878 iam
829 833 1022 898 prope
1069 799 1340 878 latentes
1387 818 1792 898 prospectare
1838 811 2076 876 dicitur
2120 818 2311 896 atque
2350 813 2655 877 acerrime

263 924 634 1005 repugnant
683 919 878 985 verba
922 939 1164 981 securus
1197 918 1430 1001 pelaqi.
1479 919 1579 981 An
1626 916 1932 982 Thetidos
1976 914 2279 1002 natique?
2326 918 2414 981 At
2459 915 2657 981 credi-

263 1023 400 1089 bile
436 1045 564 1089 non
603 1029 732 1099 est,
774 1042 923 1087 eum
964 1022 1233 1089 illorum
1272 1023 1521 1088 abitum
1561 1042 1931 1108 properasse
1970 1042 2126 1107 quos
2152 1042 2346 1107 quam
2370 1024 2653 1087 maxime

263 1150 488 1195 secum
553 1128 782 1193 habere
842 1126 1073 1195 vellet:
1145 1132 1314 1194 certe
1375 1129 1707 1214 epitheton
1768 1128 1985 1192 celem
2047 1125 2236 1213 plane
2299 1126 2651 1193 absurdum

267 1239 455 1300 esset.

358 1338 573 1407 Codex
631 1339 969 1405 Etonensis
1025 1342 1242 1424 ipsum
1293 1338 1562 1404 verbum
1608 1338 1900 1417 exhibet,
1951 1338 2123 1424 quod
2166 1337 2293 1403 loci
2337 1340 2651 1404 sententia

264 1444 605 1512 desiderat.
671 1443 910 1512 Chiron
973 1446 1149 1510 enim
1196 1443 1430 1510 Thetin
1477 1464 1627 1509 cum
1675 1442 1927 1509 Achille
1974 1444 2394 1509 discessuram
2440 1464 2650 1529 prose-

261 1553 489 1636 quitur
531 1556 722 1636 atque
767 1550 924 1615 dum
970 1570 1172 1635 usque
1221 1550 1530 1637 efflagitat
1577 1554 1653 1613 ut
1698 1548 1988 1614 celeriter
2033 1569 2183 1613 cum
2231 1548 2493 1614 alumno
2532 1569 2648 1613 suo

261 1656 346 1721 ad
406 1676 473 1721 se
534 1661 819 1722 recurrat
863 1659 1001 1722 sive
1047 1659 1429 1733 revertatur,
1476 1636 1580 1721 vel
1627 1657 1908 1720 marinas
1955 1650 2156 1719 u'ndas
2200 1653 2295 1719 nil
2336 1659 2647 1720 moratur.

261 1761 538 1829 Omnino
583 1765 792 1849 igitur
836 1762 1241 1828 scribendum
1287 1762 1545 1826 videtur
1591 1766 1777 1842 royac.
1827 1758 1924 1827 cf.
1973 1757 2091 1825 Ov.
2140 1758 2293 1825 Her.
2340 1759 2401 1824 6.
2430 1756 2553 1824 59:

377 1868 384 1873 “
533 1867 904 1945 Abstrahor,
944 1866 1345 1954 Hypsipyle,
1385 1866 1495 1931 sed
1534 1866 1683 1932 dent
1722 1865 1910 1931 modo
1944 1866 2076 1931 fata
2111 1885 2529 1944 recursu8‚

622 1976 726 2039 vir
773 1978 926 2039 tuus
972 1973 1123 2039 hinc
1171 1973 1362 2051 abeo,
1411 1974 1512 2038 vir
1559 1972 1682 2038 tibi
1726 1992 1981 2057 semper
2024 1968 2167 2038 erol

348 2184 695 2252 Deidamea
738 2191 1058 2271 quantum
1096 2205 1340 2251 sorores
1379 2205 1525 2250 suas
1565 2182 2045 2270 pulchritudine
2084 2192 2374 2270 superet,
2418 2184 2643 2251 descri-

257 2294 437 2359 bitur
481 2294 609 2357 ita:
2163 2310 2178 2319 ’

347 2395 479 2464 297
525 2396 703 2462 illius
749 2402 814 2462 et
860 2416 1036 2462 roseo
1086 2395 1459 2461 flammatur
1500 2416 1787 2483 purpura
1831 2395 2027 2463 vultu

526 2508 592 2570 et
636 2506 917 2590 gemmis
959 2501 1087 2589 lux,
1122 2504 1327 2568 maior
1367 2504 1536 2569 inest
1582 2508 1648 2569 et
1695 2502 1989 2570 blandius
2037 2524 2307 2570 aurum:

525 2615 715 2695 atque
759 2611 886 2696 ipsi
931 2629 1047 2694 par
1091 2599 1296 2675 ffirma
1341 2608 1493 2674 deae
1537 2614 1664 2686 est,
1712 2612 1768 2674 si
1812 2613 2086 2695 pectoris
2132 2614 2363 2698 anguis

521 2727 718 2802 ponat
760 2721 826 2781 et
872 2721 1168 2800 exempta
1211 2719 1474 2800 pacetur
1516 2714 1759 2781 casside
1807 2713 2052 2781 vultus.

251 2821 398 2886 Non
457 2819 687 2886 inutile
732 2819 990 2886 videtur
1035 2840 1327 2898 monere,
1377 2840 1639 2885 versum
1685 2821 1973 2905 primum
2019 2820 2187 2888 male
2234 2827 2401 2889 verti
2446 2829 2522 2890 ut
2564 2829 2632 2890 in

253 2923 518 3013 Georgii
576 2925 780 2992 lexico
841 2947 900 3023 ⁵>
930 2947 990 2991 v.
1031 2927 1278 3010 flammo
1322 2929 1388 2990 et
1433 2926 1511 2990 ab
1560 2924 1707 2990 aliis
1754 2925 2017 2992 fortasse
2064 2930 2375 2994 vertitur:
2427 2931 2629 3008 „Pur-

253 3033 554 3117 purriithe
614 3032 989 3097 entbrannte
1049 3031 1170 3110 auf
1219 3031 1430 3096 ihrem
1494 3028 1826 3097 Gesicht.''
1888 3031 2287 3099 Vocabulum
2344 3059 2629 3120 purpura

251 3158 374 3203 non
435 3138 514 3204 ad
558 3139 835 3222 virginis
883 3137 1112 3201 faciem
1157 3136 1266 3201 sed
1312 3136 1392 3201 ad
1437 3141 1687 3202 vestem
1732 3136 2133 3203 referendum
2180 3145 2277 3206 est
2294 3162 2312 3220 3
2359 3145 2461 3207 sin
2506 3144 2627 3209 mi-

250 3263 402 3321 nus,
465 3240 856 3308 abundantia
915 3243 1152 3320 nimia,
1213 3243 1418 3306 immo
1477 3245 1695 3327 inepte
1756 3248 1941 3328 poeta
1999 3243 2272 3323 diceret,
2320 3248 2389 3311 in
2434 3247 2628 3314 vultu

253 3351 386 3415 eius
443 3369 842 3434 purpureum
889 3346 1167 3413 colorem
1214 3347 1536 3413 flammari
1578 3369 1761 3414 roseo
1807 3347 2013 3415 colore
2056 3370 2260 3436 neque
2306 3373 2627 3439 compara-

252 3458 400 3521 tivis
444 3457 636 3520 maior
678 3462 744 3522 et
789 3453 1068 3519 blandius
1111 3456 1284 3520 iusta
1328 3456 1430 3520 vis
1474 3456 1730 3519 inesset.
1781 3453 1874 3521 De
1920 3457 2059 3541 ipsa
2102 3457 2310 3524 forma
2353 3461 2626 3547 virg-inis

249 3565 433 3646 poeta
489 3561 753 3625 demum
814 3559 1102 3644 loquitur
1163 3580 1352 3625 versu
1398 3557 1532 3624 299
1582 3596 1669 3608 -
1718 3561 2006 3626 versibus
2052 3581 2205 3627 vero
2246 3561 2379 3631 297
2404 3585 2498 3650 sq.
2547 3565 2622 3632 de

249 3665 424 3732 cultu
463 3669 602 3733 eius
640 3671 896 3731 tantum
935 3687 1142 3731 sermo
1181 3671 1310 3730 est:
1355 3686 1520 3728 roseo
1556 3665 1730 3730 vultu
1768 3670 1987 3731 autem
2010 3667 2375 3734 ablativum
2398 3689 2622 3736 causae

251 3794 377 3838 esse
439 3772 580 3838 dico
643 3777 779 3836 tam
838 3770 919 3836 ad
974 3770 1218 3854 qemmis
1265 3770 1374 3835 cuo,-
1415 3771 1607 3835 maior
1655 3771 1810 3840 inest
1854 3778 1919 3836 et
1963 3772 2043 3837 ad
2087 3774 2367 3840 blandius
2410 3797 2623 3840 aarum

249 3885 357 3958 (est
410 3883 524 3958 sc.)
586 3897 781 3962 quam
844 3876 923 3942 ad
967 3879 1324 3968 flapnmatur
1373 3899 1659 3961 purpura
1718 3880 2193 3964 pertinentem.‘
2237 3880 2345 3948 Sic
2404 3882 2619 3948 locum

247 3982 518 4068 explica:
580 3981 760 4048 illius
819 4003 1002 4048 roseo
1064 3982 1258 4048 vultu
1306 3989 1371 4048 et
1415 4005 1701 4070 purpura
1750 3987 1948 4051 vestis
1994 3989 2205 4073 magis
2250 3986 2621 4056 flammatur

247 4095 308 4154 et
361 4108 660 4175 gemmae
720 4091 930 4175 magis
990 4088 1212 4155 lucent
1272 4097 1338 4154 et
1392 4109 1627 4154 aurum
1674 4089 1961 4179 splendet
2006 4096 2239 4180 magis,
2286 4115 2373 4160 sc.
2423 4116 2617 4181 quam

246 4215 549 4261 sororum.
597 4192 901 4261 Ceterum
947 4194 1027 4260 ad
1073 4195 1198 4278 {pei
1223 4233 1309 4244 —
1337 4197 1484 4260 deae
1526 4198 1592 4260 in
1639 4216 1733 4261 vs.
1785 4195 1917 4262 299
1958 4197 2042 4268 cf.
2089 4218 2185 4264 vs.
2236 4198 2403 4267 809:

505 4319 664 4385 quas
709 4301 830 4365 tibi
876 4291 1136 4367 sidereis
1185 4301 1482 4367 divarum
1529 4300 1817 4367 vultibus
1862 4322 2092 4389 aequas

507 4405 635 4472 fors
682 4397 876 4471 dedit.
