3246 5085
1332 357 1583 406 numus.
1761 379 1768 384 ·
2514 339 2646 408 349

254 531 507 591 turum.
558 522 653 589 De
697 523 906 588 Nonio
954 525 1171 587 autem
1218 524 1309 587 sic
1353 524 1422 587 in
1468 521 1591 586 fine
1633 543 1780 609 pag.
1822 540 2071 587 Lxxxrx
2115 523 2240 600 „Et
2279 524 2349 590 hi
2389 525 2648 609 quidem

254 651 485 697 versus
545 651 764 695 omnes
822 630 902 694 ab
965 649 1095 693 uno
1157 627 1363 694 Nonio
1429 630 1736 708 citantur,
1788 631 1900 714 qui
1941 628 2322 716 plerumque
2373 636 2651 716 (praeter

256 737 370 817 63,
414 737 483 819 8)
544 739 830 822 integros
892 755 1115 800 versus
1176 733 1387 812 affert,
1458 757 1918 820 nonnunquam
1985 739 2332 801 sententias
2395 737 2652 821 plenius

254 847 459 912 etiam
520 863 712 929 quam
774 863 935 927 opus
998 846 1135 906 erat
1196 842 1632 926 perscribens'’
1683 862 1818 927 sqq.
1879 842 2389 908 Efficiundumne
2445 847 2653 930 igitur

255 953 446 1030 hine,
497 971 647 1016 cum
695 948 939 1014 Nonius
986 949 1209 1014 scribit
1260 970 1321 1033 p.
1376 947 1529 1026 217,
1562 948 1640 1012 11
1705 949 1964 1034 „pulvis
2009 953 2262 1036 generis
2312 951 2652 1017 masculini

254 1063 340 1122 ut
386 1077 571 1144 saepe
585 1078 601 1136 ;
654 1056 947 1121 feminini
993 1055 1240 1120 Ennius
1284 1054 1398 1121 lib.
1441 1054 1592 1119 VIII
1633 1055 1962 1121 annalium
2008 1058 2307 1142 „iamque
2349 1059 2477 1124 fere
2517 1058 2674 1144 pul-⁴

256 1167 364 1231 vis
425 1164 505 1229 ad
567 1161 817 1228 caelum
870 1167 1054 1227 vasta
1098 1161 1461 1228 videtur''’'
1511 1159 1876 1228 Vahlenum
1925 1169 2152 1247 putare
2202 1164 2363 1229 hanc
2411 1173 2660 1230 sent-en-

255 1275 422 1338 tiam
485 1273 553 1335 in
615 1290 682 1335 se
730 1273 998 1334 teretem
1044 1272 1237 1354 atque
1286 1268 1628 1334 rotundam
1678 1265 1856 1335 esse?
1902 1267 2024 1333 Vix
2073 1269 2391 1335 credibile.
2442 1269 2660 1357 Bergk

256 1383 435 1445 certe
480 1396 605 1441 non
652 1375 956 1455 credidit,
1005 1395 1155 1440 nam
1202 1381 1443 1456 νοθείαν
1488 1397 1603 1461 pro
1653 1376 1894 1440 videtur
1939 1379 2294 1462 proposuit.

356 1483 501 1572 Ego
545 1504 699 1550 vero
738 1485 807 1547 in
846 1481 1147 1548 adverbio
1168 1481 1323 1568 sere
1359 1481 1605 1547 haereo,
1659 1481 1827 1548 Nam
1866 1483 2032 1547 mihi
2077 1483 2334 1548 videtur
2373 1482 2660 1548 alienum

262 1613 407 1660 esse
466 1592 545 1657 ab
608 1595 744 1656 arte
804 1595 995 1675 atque
1056 1590 1303 1654 ratione
1351 1587 1666 1654 scribendi
1717 1595 2058 1674 poetarum
2106 1587 2459 1655 latinorum
2483 1639 2498 1667 ,
2549 1593 2662 1675 qui

262 1701 625 1785 imaginem
672 1697 1075 1774 adhibentes,
1126 1717 1253 1761 non
1298 1697 1425 1782 ipsi
1470 1716 1611 1761 eam
1661 1697 1980 1783 corrigere
2025 1698 2382 1783 imaginem
2433 1695 2659 1762 solent.

266 1807 497 1891 Itaque
537 1825 707 1882 „vox
745 1803 799 1867 it
838 1801 917 1868 ad
956 1801 1208 1868 coelum
1233 1849 1251 1882 ,
1284 1801 1527 1868 clamor
1566 1801 1822 1868 tollitur
1860 1803 1940 1869 ad
1981 1808 2182 1882 astra,
2224 1804 2476 1870 arbores
2512 1807 2665 1869 sunt

270 1910 659 1978 aetheriae’'.
706 1911 807 1975 An
854 1909 960 1974 hic
1002 1906 1223 1994 pulvis
1256 1909 1407 1993 fere
1452 1909 1660 1974 fertur
1705 1909 1784 1974 ad
1830 1907 2130 1976 coelum?

365 2018 587 2104 Itaque
648 2018 979 2101 utrimque
1038 2016 1393 2101 profectus,
1454 2016 1623 2099 quod
1669 2018 1982 2081 sententia
2029 2037 2154 2082 non
2202 2017 2287 2081 sit
2333 2015 2663 2096 absoluta,

272 2125 449 2211 quod
510 2123 829 2211 particula
875 2124 1025 2208 fere
1086 2121 1401 2201 abundet,
1465 2125 1533 2186 in
1596 2124 2026 2208 suspicionem
2085 2124 2351 2208 perveni
2411 2123 2536 2188 iam
2596 2127 2664 2188 in

268 2233 461 2298 initio
510 2253 732 2296 versus
780 2229 1093 2296 traditum
1141 2251 1269 2294 non
1307 2228 1498 2294 Ennii
1537 2228 1647 2293 sed
1685 2226 1934 2294 librarii
1971 2251 2106 2295 esse
2126 2279 2142 2308 ,
2185 2228 2504 2314 syllabam
2545 2249 2666 2295 ΠΜ

271 2341 377 2406 bis
436 2327 755 2404 exarantis
814 2341 879 2402 et
937 2338 1002 2401 in
1042 2335 1278 2401 litteris
1324 2359 1435 2420 que
1465 2337 1617 2420 fere
1661 2334 1859 2401 latere
1906 2358 2057 2422 quae
2087 2337 2268 2422 ferri
2317 2337 2662 2415 vocabula,

272 2451 353 2512 ut
398 2465 622 2511 versus
669 2447 754 2509 sit

648 2554 811 2634 Quae
840 2550 1016 2636 ferri
1047 2550 1261 2633 pulvis
1304 2552 1389 2615 ad
1431 2550 1654 2614 caelum
1704 2557 1876 2615 vasta
1923 2550 2180 2615 videtur.

279 2658 400 2725 Vix
464 2659 668 2724 dicere
732 2679 893 2744 opus
954 2661 1077 2723 erit
1120 2657 1355 2721 videtur
1398 2657 1572 2723 idem
1620 2656 1830 2723 valere
1878 2658 2046 2742 quod
2093 2658 2484 2740 conspicitur,
2536 2680 2660 2725 non

277 2766 449 2851 quod
494 2764 673 2829 δοκεῖ.

369 2871 577 2951 Quam
638 2891 824 2956 saepe
885 2875 1220 2935 mutentur
1281 2868 1532 2935 litterae
1581 2891 1611 2933 e
1659 2874 1722 2934 et
1768 2870 1794 2933 i
1838 2871 1904 2933 in
1951 2868 2146 2936 Nonii
2190 2868 2412 2948 libris,
2461 2892 2666 2957 nuper

272 2978 575 3064 exposuit
642 2976 745 3042 Fr.
807 2977 998 3042 Marx
1060 2978 1127 3041 in
1190 2974 1489 3067 editione¹
1530 2997 1725 3061 quam
1788 2975 2123 3042 adornavit
2184 2976 2422 3043 Lucilii
2487 2977 2665 3044 Prol.

278 3105 428 3171 pag.
479 3102 651 3150 cx1v.

370 3294 477 3363 Vs.
528 3295 657 3363 401
702 3318 837 3383 sqq.

655 3404 924 3489 Undique
970 3402 1324 3469 conveniunt
1365 3403 1527 3469 vebat
1570 3402 1733 3469 inter
1782 3405 1902 3469 tela
1949 3404 2233 3471 tribuno.-

647 3511 958 3594 Confiqunt
989 3534 1263 3593 parmam
1282 3558 1299 3589 ,
1346 3510 1536 3574 tinnit
1581 3511 1904 3575 hastilibus
1951 3513 2114 3577 wmbo
2135 3563 2150 3592 ,

642 3620 861 3681 Aeo-abo
904 3618 1104 3683 sonitu
1142 3618 1375 3699 yaleae,
1421 3619 1527 3681 sed
1570 3640 1677 3682 nec
1710 3626 1856 3701 pote
1891 3619 2202 3705 quisquam

656 3723 925 3810 Undique
969 3726 1213 3789 nitendo
1261 3745 1471 3806 corpus
1515 3724 1852 3808 discerpere
1884 3728 2091 3811 ferro.

367 3830 611 3897 Vahlen
680 3837 822 3917 post
886 3852 1108 3897 vocem
1177 3831 1489 3917 quisquam
1551 3852 1811 3898 versum
1883 3832 2194 3898 excidisse
2267 3834 2661 3918 suspicatur3

276 3936 527 4003 Miiller
571 3958 761 4023 quem
810 3934 1159 4024 Valmaggi
1206 3945 1497 4003 secutum
1548 3945 1644 4003 est
1692 3943 1838 4024 post
1875 3940 2088 4021 qaleae
2123 3941 2549 4026 interpungit‚
2591 3944 2666 4003 ut

274 4046 716 4110 nominativus
775 4042 881 4108 hic
928 4045 1014 4109 sit
1060 4042 1325 4129 pluralis
1372 4050 1439 4109 et
1485 4045 2000 4111 subaudiendum
2049 4047 2320 4112 verbum
2369 4046 2660 4111 tinniunt.

273 4150 401 4218 Sed
444 4150 599 4217 licet
642 4154 897 4216 numeri
946 4149 1215 4236 pluralis
1259 4152 1429 4236 apud
1475 4158 1693 4237 poetas
1739 4151 2060 4218 Romanos
2111 4174 2265 4218 usus
2311 4173 2440 4218 non
2487 4152 2660 4233 idem

273 4258 507 4337 fuerit,
577 4260 690 4344 qui
748 4260 817 4323 in
881 4262 1094 4323 nostra
1152 4256 1382 4343 lingua
1443 4264 1574 4336 est,
1639 4264 1854 4323 tamen
1918 4282 2042 4325 non
2103 4262 2320 4326 omnia
2381 4257 2483 4324 illi
2533 4259 2658 4324 sibi

274 4386 567 4432 concessa
613 4364 953 4430 duxerunt.
1001 4362 1196 4449 Velut
1242 4362 1492 4429 credere
1538 4363 1775 4444 nolim,
1824 4365 1939 4430 ubi
1979 4366 2055 4432 de
2094 4389 2224 4432 uno
2263 4364 2472 4432 milite
2515 4386 2664 4451 aga-

276 4452 403 4553 tur,
466 4494 630 4536 emes
689 4493 804 4557 pro
866 4494 1002 4535 ense
1047 4470 1267 4534 lorica-r
1311 4490 1425 4555 pro
1470 4470 1662 4535 lorica
1710 4473 1996 4556 potuisse
2043 4474 2171 4538 dici
2190 4520 2208 4552 ,
2255 4492 2459 4559 neque
2515 4492 2662 4538 vero
