3246 5085
642 308 774 375 426
1684 323 1995 372 nom-rus.

731 493 954 578 Itaque
1000 492 1400 578 repperimus

726 598 1084 664 Probum
1135 600 1231 663 bis
1273 597 1358 663 IV
1412 598 1471 662 3.
1502 597 1539 661 5
1589 597 1948 678 (distinxit),
1997 595 2052 660 V
2105 595 2167 661 3.
2197 595 2239 658 4
2280 595 2590 680 (quaerit).
2641 594 2876 671 Locos,
2918 594 3033 657 ubi

634 707 1117 790 Probus-Asper
1168 704 1431 769 indicati
1481 725 1615 769 esse
1663 708 1964 789 possunt:
2031 700 2201 767 Prol.
2255 701 2360 779 17,
2409 698 2580 766 25?*
2611 698 2661 780 ι)
2710 699 2741 765 Ι
2793 699 2850 764 l.
2887 697 3030 765 17⁴¹.

639 811 725 877 58
781 812 1121 890 (delirat)*,
1188 810 1341 889 4.1,
1406 809 1559 874 ibid.
1614 809 1676 875 ’7.
1740 808 1802 873 11
1857 809 2050 873 1.24.
2101 806 2162 873 II
2213 806 2454 885 3.6?*,
2504 806 2613 872 22.
2676 805 2741 872 II
2787 806 2849 871 2.
2885 803 3026 883 ΓΡ,

638 916 785 983 30⁴¹.
834 917 921 983 IV
968 917 1032 980 4.
1064 917 1206 995 15⁴⁸,
1258 917 1320 995 5,
1352 915 1456 981 13.
1507 914 1559 979 V
1611 915 1674 980 4.
1702 914 1786 980 25
1812 914 1879 979 Y*

724 1022 947 1089 Editor
987 1029 1191 1089 semet
1229 1026 1366 1107 ipse
1406 1022 1717 1087 indicasse
1743 1021 2002 1087 videtur
2026 1041 2138 1107 per
2165 1021 2322 1085 alios
2354 1018 2418 1085 II
2459 1021 2520 1085 5.
2553 1019 2656 1098 19,
2699 1019 2794 1084 III
2829 1020 2888 1083 1.
2924 1018 3024 1084 18.

726 1128 797 1194 In
848 1128 877 1193 I
932 1130 989 1193 1.
1019 1128 1106 1194 28
1153 1136 1332 1208 errat,
1380 1130 1517 1214 qui:
1573 1127 1860 1193 Donatus
1907 1135 2040 1203 est,
2091 1128 2406 1193 refutatus
2452 1147 2489 1191 a
2537 1129 2871 1213 magistro.

728 1234 958 1301 Plures
1025 1236 1228 1301 fontes
1292 1234 1718 1321 designantur
1777 1234 1948 1300 Prol.
2017 1233 2120 1312 17,
2189 1233 2282 1298 III
2329 1233 2390 1299 2.
2420 1232 2543 1312 30;
2609 1255 2688 1298 ex
2752 1232 2853 1296 his
2901 1231 3026 1297 duo

638 1342 742 1408 vel
805 1364 973 1407 unus
1034 1344 1331 1428 magistri
1396 1341 1694 1419 fuerunt,
1761 1340 2022 1427 perinde
2070 1346 2264 1426 atque
2310 1340 2576 1425 quidam,
2625 1345 2767 1404 sunt
2811 1338 2918 1423 qm·
2960 1340 3029 1401 in

637 1448 668 1514 I
719 1448 779 1513 5.
810 1448 916 1526 65,
968 1448 1029 1513 ΙΙ
1077 1448 1139 1513 3.
1168 1449 1277 1527 21,
1328 1447 1389 1515 5.
1421 1447 1525 1512 18.

1588 1676 2070 1742 Eunuchus

726 1878 757 1943 I
812 1878 931 1942 1.1
1009 1876 1148 1943 Non
1198 1896 1339 1941 eam
1386 1898 1465 1941 ne
1514 1896 1682 1940 nunc
1731 1875 1991 1960 quidem

727 1982 822 2066 (7)
888 1984 1074 2061 „Nou
1121 1984 1306 2048 eam''
1374 1983 1619 2047 Probus
1669 1982 2050 2068 distinguit,
2101 1984 2386 2067 iungunt
2431 1976 2732 2064 (Asper‘l)
2779 1981 2890 2064 qui
2935 1999 3024 2043 se·

637 2091 920 2156 cundum
970 2089 1309 2155 Menandri
1356 2086 1728 2173 exemplum
1775 2086 2022 2174 legunt.
2077 2085 2232 2151 Vide
2287 2086 2526 2152 Wessn.
2575 2106 2638 2171 p.
2688 2084 2771 2150 21
2801 2105 2932 2169 sqq.

728 2198 757 2263 I
806 2198 868 2261 2.
892 2196 937 2269 ,5
1009 2196 1145 2261 Iam
1194 2196 1463 2261 calesces
1509 2191 1657 2280 plus
1706 2196 1862 2259 satis

731 2304 827 2385 (4)
896 2302 1035 2368 Hoc
1098 2302 1358 2387 quidam
1422 2306 1689 2386 putant,
1753 2306 1820 2364 at
1881 2300 2046 2363 mihi
2110 2300 2390 2377 videtur,
2451 2305 2601 2364 cett.
2689 2295 2786 2364 Of.
2836 2318 3024 2381 supra

636 2407 842 2485 locos,
906 2409 1019 2484 ubi
1083 2408 1366 2474 vidimus
1414 2406 1741 2472 Donatum
1793 2426 1960 2484 esse,
2014 2408 2124 2490 qui
2171 2404 2411 2471 refutat
2455 2406 2873 2490 interpretem
2923 2424 3021 2467 an-

634 2518 970 2593 teriorem,
1023 2514 1282 2580 fortasse
1328 2512 1615 2579 Probum
1664 2514 1981 2598 Asprum;
2033 2518 2174 2578 tum
2223 2512 2291 2577 hi
2339 2510 2548 2577 denuo
2595 2521 2907 2577 errarunt.

729 2620 889 2686 Ibid.
940 2621 979 2685 6
1054 2619 1252 2699 „Quis
1314 2621 1417 2684 hic
1478 2617 1767 2704 legitur'’
1833 2640 1953 2684 non
2005 2619 2302 2704 imperite
2351 2617 2779 2704 intellegunt,
2829 2637 3026 2682 mere·

638 2731 861 2795 tricem
910 2730 1109 2794 etiam
1154 2726 1271 2793 hoc
1318 2724 1660 2809 simulare,
1711 2731 1859 2791 cett.

726 2835 965 2900 Probat
1029 2833 1319 2899 Donatus
1379 2836 1745 2919 opinionem
1809 2839 1954 2898 ante
2017 2832 2370 2918 prolatam,
2421 2831 2688 2897 fortasse
2735 2851 2774 2896 a
2817 2831 3028 2896 Probo

638 2945 865 3026 Aspro.

724 3049 886 3114 Ibid.
943 3047 1023 3112 10
1048 3046 1144 3130 (3)
1209 3047 1452 3125 „Missa
1513 3048 1710 3112 istaec
1777 3045 1952 3112 face''
2022 3044 2144 3111 alia
2208 3044 2643 3111 dissimulatio
2689 3053 2754 3110 et
2801 3045 3026 3109 durior

632 3163 773 3240 post
820 3154 1323 3221 admonitiones:
1373 3153 1470 3234 (4)
1517 3151 1627 3218 sed
1677 3153 1836 3218 bene
1883 3151 2240 3239 intellegit,
2291 3154 2404 3238 qui
2448 3153 2568 3218 hoc
2616 3173 2653 3217 a
2692 3154 3026 3217 meretrice

632 3260 876 3326 ridente
924 3259 1206 3326 molliter
1252 3266 1316 3324 et
1363 3258 1657 3324 osculum
1709 3260 2080 3346 porrigente
2127 3259 2253 3323 dici
2301 3260 2552 3344 accipit.

582 3363 609 3386 ⁰
725 3366 945 3432 Unum
992 3369 1370 3431 continuum
1414 3365 1688 3443 Donati,
1730 3367 2056 3452 probantis
2096 3363 2398 3430 lectorem
2439 3362 2547 3430 vel
2581 3365 3024 3449 interpretem,

635 3477 746 3560 qui
794 3473 987 3539 verba
1038 3475 1128 3537 sic
1174 3474 1437 3557 accepit.
1510 3472 1750 3558 Scripsi
1795 3494 1945 3538 cum
1995 3471 2129 3537 cod.
2177 3470 2229 3535 Τ
2281 3470 2834 3549 „admonitiones”
2883 3468 3025 3556 plu-

634 3579 754 3644 rali
816 3599 1119 3655 numero,
1186 3600 1333 3643 cum
1382 3578 1856 3664 intelligantur,
1908 3599 2068 3664 quae
2115 3577 2308 3642 Thais
2356 3577 2523 3642 dixit
2569 3599 2666 3644 vs.
2718 3577 2756 3642 7
2810 3577 3022 3657 „Quid

633 3682 889 3751 stabas?
936 3682 1067 3751 Gur
1114 3705 1241 3750 non
1288 3687 1459 3749 intro
1504 3681 1727 3749 ibas?’'
1778 3691 1842 3750 et
1891 3707 1983 3750 ve.
2036 3684 2078 3750 8
2132 3682 2338 3768 „Quid
2388 3681 2640 3749 taces?'’

726 3791 755 3856 1
804 3793 865 3856 2.
894 3789 979 3858 87
1008 3791 1104 3871 (4)
1174 3790 1521 3856 Eunuchos
1585 3811 1620 3855 a
1670 3791 1884 3856 Persis
1929 3793 2263 3856 institutos
2310 3797 2541 3876 putant
2588 3812 2667 3856 ex
2715 3791 3021 3876 captivis;

632 3919 669 3962 a
715 3896 1155 3984 Babylonibus
1204 3900 1377 3963 enim
1432 3895 1805 3962 Hellanicus
1855 3905 2073 3963 auctor
2120 3903 2332 3962 exstat
2379 3897 2446 3961 id
2494 3897 2814 3962 habuisse.

723 4002 1048 4069 Hellanici
1109 4007 1506 4069 mentionem
1570 4025 1683 4090 per
1731 4006 2012 4090 Asprum
2062 4003 2166 4069 vel
2213 4003 2500 4069 Probum
2547 4003 2628 4068 ad
2676 4001 3022 4068 Varronem

632 4111 838 4176 redire
887 4110 1141 4175 dixeris.

700 4369 753 4432 1)
806 4367 1003 4432 Signum
1050 4367 1444 4430 interrogationis
1491 4367 1708 4432 designat
1755 4369 2094 4418 auctoritatem
2131 4368 2277 4418 Probi
2316 4366 2460 4434 Aspri
2495 4367 2632 4416 valde
2664 4365 2855 4417 dubiem
2889 4381 3018 4425 ωας

630 4450 882 4500 asteriscus
916 4453 1090 4510 nutem,
1128 4451 1283 4500 fontes
1317 4465 1513 4500 errasse.
