<?xml version="1.0" encoding="UTF-8"?>
<!DOCTYPE html PUBLIC "-//W3C//DTD XHTML 1.0 Transitional//EN"
    "http://www.w3.org/TR/xhtml1/DTD/xhtml1-transitional.dtd">
<html xmlns="http://www.w3.org/1999/xhtml" xml:lang="en" lang="en">
 <head>
  <title>
</title>
<meta http-equiv="Content-Type" content="text/html;charset=utf-8" />
  <meta name='ocr-system' content='tesseract 3.04.00' />
  <meta name='ocr-capabilities' content='ocr_page ocr_carea ocr_par ocr_line ocrx_word'/>
</head>
<body>
  <div class='ocr_page' id='page_1' title='image "./mnemosynevolume03verdgoog_0181.png"; bbox 0 0 3246 5085; ppageno 0'>
   <div class='ocr_carea' id='block_1_1' title="bbox 1247 322 2619 391">
    <p class='ocr_par' dir='ltr' id='par_1_1' title="bbox 1247 322 2619 391">
     <span class='ocr_line' id='line_1_1' title="bbox 1247 322 2619 391; baseline 0.003 -6"><span class='ocrx_word' id='word_1_1' title='bbox 1247 338 1620 387; x_wconf 73' lang='lat' dir='ltr'>PLA&#39;roch.</span> <span class='ocrx_word' id='word_1_2' title='bbox 2488 322 2619 391; x_wconf 81' lang='grc'>173</span> 
     </span>
    </p>
   </div>
   <div class='ocr_carea' id='block_1_2' title="bbox 221 502 2628 1650">
    <p class='ocr_par' dir='ltr' id='par_1_2' title="bbox 221 502 2628 1650">
     <span class='ocr_line' id='line_1_2' title="bbox 225 502 2617 592; baseline 0 -21"><span class='ocrx_word' id='word_1_3' title='bbox 225 505 432 583; x_wconf 84' lang='lat' dir='ltr'>tavit,</span> <span class='ocrx_word' id='word_1_4' title='bbox 499 508 670 570; x_wconf 89' lang='lat' dir='ltr'>certe</span> <span class='ocrx_word' id='word_1_5' title='bbox 731 505 956 570; x_wconf 92' lang='lat' dir='ltr'>omisit</span> <span class='ocrx_word' id='word_1_6' title='bbox 1014 503 1314 570; x_wconf 89' lang='lat' dir='ltr'>adnotare</span> <span class='ocrx_word' id='word_1_7' title='bbox 1375 503 1542 590; x_wconf 88' lang='lat' dir='ltr'>quod</span> <span class='ocrx_word' id='word_1_8' title='bbox 1601 505 1670 569; x_wconf 90' lang='lat' dir='ltr'>in</span> <span class='ocrx_word' id='word_1_9' title='bbox 1718 508 1857 571; x_wconf 91' lang='lat' dir='ltr'>tam</span> <span class='ocrx_word' id='word_1_10' title='bbox 1903 502 2201 591; x_wconf 79' lang='lat' dir='ltr'>diligenti</span> <span class='ocrx_word' id='word_1_11' title='bbox 2244 510 2311 570; x_wconf 91' lang='lat' dir='ltr'>et</span> <span class='ocrx_word' id='word_1_12' title='bbox 2356 526 2617 592; x_wconf 87' lang='lat' dir='ltr'>operosa</span> 
     </span>
     <span class='ocr_line' id='line_1_3' title="bbox 225 609 2619 699; baseline -0 -22"><span class='ocrx_word' id='word_1_13' title='bbox 225 614 758 698; x_wconf 77' lang='lat' dir='ltr'>interpretatione</span> <span class='ocrx_word' id='word_1_14' title='bbox 805 612 1073 677; x_wconf 91' lang='lat' dir='ltr'>minime</span> <span class='ocrx_word' id='word_1_15' title='bbox 1121 613 1434 677; x_wconf 91' lang='lat' dir='ltr'>omissum</span> <span class='ocrx_word' id='word_1_16' title='bbox 1483 613 1805 697; x_wconf 89' lang='lat' dir='ltr'>oportuit,</span> <span class='ocrx_word' id='word_1_17' title='bbox 1856 609 2175 677; x_wconf 83' lang='lat' dir='ltr'>Periclem</span> <span class='ocrx_word' id='word_1_18' title='bbox 2235 610 2341 676; x_wconf 89' lang='lat' dir='ltr'>hic</span> <span class='ocrx_word' id='word_1_19' title='bbox 2404 614 2619 699; x_wconf 85' lang='lat' dir='ltr'>tangi,</span> 
     </span>
     <span class='ocr_line' id='line_1_4' title="bbox 227 714 2625 805; baseline 0 -22"><span class='ocrx_word' id='word_1_20' title='bbox 227 720 344 804; x_wconf 89' lang='lat' dir='ltr'>qui</span> <span class='ocrx_word' id='word_1_21' title='bbox 406 723 778 784; x_wconf 87' lang='lat' dir='ltr'>maternum</span> <span class='ocrx_word' id='word_1_22' title='bbox 837 738 1045 805; x_wconf 86' lang='lat' dir='ltr'>genus</span> <span class='ocrx_word' id='word_1_23' title='bbox 1105 718 1184 783; x_wconf 90' lang='lat' dir='ltr'>ab</span> <span class='ocrx_word' id='word_1_24' title='bbox 1245 716 1537 805; x_wconf 89' lang='lat' dir='ltr'>Megacle</span> <span class='ocrx_word' id='word_1_25' title='bbox 1588 715 1864 783; x_wconf 88' lang='lat' dir='ltr'>ducebat</span> <span class='ocrx_word' id='word_1_26' title='bbox 1910 719 2023 803; x_wconf 92' lang='lat' dir='ltr'>qui</span> <span class='ocrx_word' id='word_1_27' title='bbox 2068 714 2334 805; x_wconf 82' lang='lat' dir='ltr'>Cylonis</span> <span class='ocrx_word' id='word_1_28' title='bbox 2380 721 2625 805; x_wconf 87' lang='lat' dir='ltr'>conspi-</span> 
     </span>
     <span class='ocr_line' id='line_1_5' title="bbox 225 822 2625 911; baseline 0 -22"><span class='ocrx_word' id='word_1_29' title='bbox 225 827 553 890; x_wconf 76' lang='lat' dir='ltr'>rationem</span> <span class='ocrx_word' id='word_1_30' title='bbox 598 832 983 911; x_wconf 81' lang='lat' dir='ltr'>represserat</span> <span class='ocrx_word' id='word_1_31' title='bbox 1003 872 1021 903; x_wconf 90' lang='lat'>,</span> <span class='ocrx_word' id='word_1_32' title='bbox 1070 845 1232 910; x_wconf 91' lang='lat' dir='ltr'>quae</span> <span class='ocrx_word' id='word_1_33' title='bbox 1277 846 1468 891; x_wconf 88' lang='lat' dir='ltr'>causa</span> <span class='ocrx_word' id='word_1_34' title='bbox 1513 824 1641 890; x_wconf 82' lang='lat' dir='ltr'>fuit</span> <span class='ocrx_word' id='word_1_35' title='bbox 1658 871 1676 902; x_wconf 90' lang='lat'>,</span> <span class='ocrx_word' id='word_1_36' title='bbox 1722 845 1838 889; x_wconf 94' lang='lat' dir='ltr'>cur</span> <span class='ocrx_word' id='word_1_37' title='bbox 1879 822 2369 890; x_wconf 88' lang='lat' dir='ltr'>Lacedaemonii</span> <span class='ocrx_word' id='word_1_38' title='bbox 2416 823 2625 911; x_wconf 91' lang='lat' dir='ltr'>sepul-</span> 
     </span>
     <span class='ocr_line' id='line_1_6' title="bbox 226 930 2624 1019; baseline 0.001 -22"><span class='ocrx_word' id='word_1_39' title='bbox 226 936 368 997; x_wconf 88' lang='lat' dir='ltr'>tam</span> <span class='ocrx_word' id='word_1_40' title='bbox 413 931 597 998; x_wconf 90' lang='lat' dir='ltr'>illius</span> <span class='ocrx_word' id='word_1_41' title='bbox 643 931 888 1019; x_wconf 80' lang='lat' dir='ltr'>piaculi</span> <span class='ocrx_word' id='word_1_42' title='bbox 934 936 1312 999; x_wconf 87' lang='lat' dir='ltr'>memoriam</span> <span class='ocrx_word' id='word_1_43' title='bbox 1358 934 1777 1011; x_wconf 77' lang='lat' dir='ltr'>suscitarent,</span> <span class='ocrx_word' id='word_1_44' title='bbox 1826 932 1995 1018; x_wconf 88' lang='lat' dir='ltr'>quod</span> <span class='ocrx_word' id='word_1_45' title='bbox 2042 930 2188 998; x_wconf 84' lang='lat' dir='ltr'>vide</span> <span class='ocrx_word' id='word_1_46' title='bbox 2235 932 2406 1019; x_wconf 87' lang='lat' dir='ltr'>apud</span> <span class='ocrx_word' id='word_1_47' title='bbox 2454 931 2624 999; x_wconf 81' lang='lat' dir='ltr'>Thu-</span> 
     </span>
     <span class='ocr_line' id='line_1_7' title="bbox 227 1037 2619 1126; baseline 0 -22"><span class='ocrx_word' id='word_1_48' title='bbox 227 1037 532 1125; x_wconf 83' lang='lat' dir='ltr'>cydidem</span> <span class='ocrx_word' id='word_1_49' title='bbox 591 1037 626 1103; x_wconf 96' lang='lat' dir='ltr'>I</span> <span class='ocrx_word' id='word_1_50' title='bbox 686 1038 837 1105; x_wconf 82' lang='lat'>127.</span> <span class='ocrx_word' id='word_1_51' title='bbox 902 1038 1140 1104; x_wconf 88' lang='lat' dir='ltr'>Nullus</span> <span class='ocrx_word' id='word_1_52' title='bbox 1187 1037 1410 1104; x_wconf 91' lang='lat' dir='ltr'>dubito</span> <span class='ocrx_word' id='word_1_53' title='bbox 1458 1037 1893 1126; x_wconf 89' lang='lat' dir='ltr'>reponendum</span> <span class='ocrx_word' id='word_1_54' title='bbox 1936 1059 2074 1105; x_wconf 88' lang='lat' dir='ltr'>esse</span> <span class='ocrx_word' id='word_1_55' title='bbox 2122 1042 2265 1117; x_wconf 73' lang='grc' dir='ltr'>πρὸς</span> <span class='ocrx_word' id='word_1_56' title='bbox 2315 1039 2534 1120; x_wconf 71' lang='grc' dir='ltr'><strong><em>ἀνδρῶν</em></strong></span> <span class='ocrx_word' id='word_1_57' title='bbox 2584 1038 2619 1115; x_wconf 74' lang='grc' dir='ltr'>ἦ</span> 
     </span>
     <span class='ocr_line' id='line_1_8' title="bbox 229 1143 2623 1231; baseline 0.001 -23"><span class='ocrx_word' id='word_1_58' title='bbox 229 1150 356 1225; x_wconf 70' lang='grc' dir='ltr'>(πρ</span> <span class='ocrx_word' id='word_1_59' title='bbox 375 1146 402 1209; x_wconf 81' lang='grc' dir='ltr'>ὀ</span> <span class='ocrx_word' id='word_1_60' title='bbox 422 1151 480 1225; x_wconf 82' lang='grc' dir='ltr'>ς)</span> <span class='ocrx_word' id='word_1_61' title='bbox 529 1151 854 1223; x_wconf 71' lang='grc' dir='ltr'><strong><em>γυναικῶν.</em></strong></span> <span class='ocrx_word' id='word_1_62' title='bbox 908 1145 1056 1211; x_wconf 88' lang='lat' dir='ltr'>Non</span> <span class='ocrx_word' id='word_1_63' title='bbox 1103 1143 1390 1210; x_wconf 90' lang='lat' dir='ltr'>multum</span> <span class='ocrx_word' id='word_1_64' title='bbox 1437 1144 1752 1211; x_wconf 79' lang='lat' dir='ltr'>dissimile</span> <span class='ocrx_word' id='word_1_65' title='bbox 1798 1152 1895 1211; x_wconf 91' lang='lat' dir='ltr'>est</span> <span class='ocrx_word' id='word_1_66' title='bbox 1937 1144 2107 1231; x_wconf 91' lang='lat' dir='ltr'>quod</span> <span class='ocrx_word' id='word_1_67' title='bbox 2153 1144 2623 1212; x_wconf 86' lang='lat' dir='ltr'>Stallbaumius</span> 
     </span>
     <span class='ocr_line' id='line_1_9' title="bbox 230 1250 2625 1338; baseline 0 -21"><span class='ocrx_word' id='word_1_68' title='bbox 230 1252 457 1317; x_wconf 89' lang='lat' dir='ltr'>omisit</span> <span class='ocrx_word' id='word_1_69' title='bbox 517 1250 819 1317; x_wconf 88' lang='lat' dir='ltr'>adnotare</span> <span class='ocrx_word' id='word_1_70' title='bbox 881 1250 962 1317; x_wconf 91' lang='lat' dir='ltr'>ad</span> <span class='ocrx_word' id='word_1_71' title='bbox 1023 1272 1085 1338; x_wconf 91' lang='lat' dir='ltr'>p.</span> <span class='ocrx_word' id='word_1_72' title='bbox 1157 1250 1286 1318; x_wconf 83' lang='lat'>175</span> <span class='ocrx_word' id='word_1_73' title='bbox 1305 1252 1381 1329; x_wconf 88' lang='lat' dir='ltr'>A,</span> <span class='ocrx_word' id='word_1_74' title='bbox 1445 1251 1560 1316; x_wconf 89' lang='lat' dir='ltr'>ubi</span> <span class='ocrx_word' id='word_1_75' title='bbox 1606 1252 1769 1338; x_wconf 88' lang='lat' dir='ltr'>Agis</span> <span class='ocrx_word' id='word_1_76' title='bbox 1813 1250 2465 1319; x_wconf 88' lang='lat' dir='ltr'>Lacedaemoniorum</span> <span class='ocrx_word' id='word_1_77' title='bbox 2513 1273 2625 1319; x_wconf 85' lang='lat' dir='ltr'>rex</span> 
     </span>
     <span class='ocr_line' id='line_1_10' title="bbox 227 1357 2628 1447; baseline 0.001 -24"><span class='ocrx_word' id='word_1_78' title='bbox 227 1359 578 1443; x_wconf 85' lang='lat' dir='ltr'>cogitatur,</span> <span class='ocrx_word' id='word_1_79' title='bbox 627 1360 740 1443; x_wconf 91' lang='lat' dir='ltr'>qui</span> <span class='ocrx_word' id='word_1_80' title='bbox 782 1359 1128 1429; x_wconf 81' lang='lat' dir='ltr'>vicesimus</span> <span class='ocrx_word' id='word_1_81' title='bbox 1183 1359 1447 1443; x_wconf 88' lang='lat' dir='ltr'>quintus</span> <span class='ocrx_word' id='word_1_82' title='bbox 1509 1358 1588 1423; x_wconf 90' lang='lat' dir='ltr'>ab</span> <span class='ocrx_word' id='word_1_83' title='bbox 1651 1357 1933 1424; x_wconf 89' lang='lat' dir='ltr'>Hercule</span> <span class='ocrx_word' id='word_1_84' title='bbox 1994 1364 2164 1425; x_wconf 90' lang='lat' dir='ltr'>erat:</span> <span class='ocrx_word' id='word_1_85' title='bbox 2230 1380 2305 1426; x_wconf 92' lang='lat' dir='ltr'>eo</span> <span class='ocrx_word' id='word_1_86' title='bbox 2365 1361 2628 1447; x_wconf 86' lang='lat' dir='ltr'>respicit</span> 
     </span>
     <span class='ocr_line' id='line_1_11' title="bbox 221 1462 2622 1545; baseline 0 -16"><span class='ocrx_word' id='word_1_87' title='bbox 221 1462 426 1531; x_wconf 84' lang='lat' dir='ltr'>illud:</span> <span class='ocrx_word' id='word_1_88' title='bbox 494 1464 594 1527; x_wconf 73' lang='grc' dir='ltr'>ἐπὶ</span> <span class='ocrx_word' id='word_1_89' title='bbox 645 1462 832 1529; x_wconf 77' lang='grc' dir='ltr'><strong><em>πέντε</em></strong></span> <span class='ocrx_word' id='word_1_90' title='bbox 881 1465 987 1529; x_wconf 80' lang='grc' dir='ltr'>καὶ</span> <span class='ocrx_word' id='word_1_91' title='bbox 1035 1462 1224 1530; x_wconf 78' lang='grc' dir='ltr'><strong><em>εἴκοσι</em></strong></span> <span class='ocrx_word' id='word_1_92' title='bbox 1273 1464 1614 1545; x_wconf 70' lang='grc' dir='ltr'><strong><em>καταλόγῳ</em></strong></span> <span class='ocrx_word' id='word_1_93' title='bbox 1662 1463 1967 1544; x_wconf 76' lang='grc' dir='ltr'><strong><em>προγόνων</em></strong></span> <span class='ocrx_word' id='word_1_94' title='bbox 2016 1467 2468 1543; x_wconf 77' lang='grc' dir='ltr'>σεμνυνομένων</span> <span class='ocrx_word' id='word_1_95' title='bbox 2516 1466 2622 1531; x_wconf 75' lang='grc' dir='ltr'>καὶ</span> 
     </span>
     <span class='ocr_line' id='line_1_12' title="bbox 229 1566 1186 1650; baseline 0.001 -15"><span class='ocrx_word' id='word_1_96' title='bbox 229 1566 665 1649; x_wconf 68' lang='grc' dir='ltr'><strong><em>ἀναφερόντων</em></strong></span> <span class='ocrx_word' id='word_1_97' title='bbox 711 1570 799 1642; x_wconf 77' lang='grc' dir='ltr'>εἷς</span> <span class='ocrx_word' id='word_1_98' title='bbox 845 1569 1186 1650; x_wconf 74' lang='grc' dir='ltr'><strong><em>Ἡρακλέα.</em></strong></span> 
     </span>
    </p>
   </div>
   <div class='ocr_carea' id='block_1_3' title="bbox 227 1786 2654 2403">
    <p class='ocr_par' dir='ltr' id='par_1_3' title="bbox 227 1786 2654 2403">
     <span class='ocr_line' id='line_1_13' title="bbox 321 1786 2626 1872; baseline 0.001 -17"><span class='ocrx_word' id='word_1_99' title='bbox 321 1788 486 1857; x_wconf 87' lang='lat' dir='ltr'>Ibid.</span> <span class='ocrx_word' id='word_1_100' title='bbox 556 1786 792 1855; x_wconf 80' lang='lat' dir='ltr'>173E:</span> <span class='ocrx_word' id='word_1_101' title='bbox 859 1791 892 1865; x_wconf 75' lang='grc' dir='ltr'><em>ἦ</em></span> <span class='ocrx_word' id='word_1_102' title='bbox 960 1788 1022 1855; x_wconf 76' lang='grc' dir='ltr'>δὲ</span> <span class='ocrx_word' id='word_1_103' title='bbox 1092 1788 1324 1855; x_wconf 71' lang='grc' dir='ltr'><strong><em>διάνοια</em></strong></span> <span class='ocrx_word' id='word_1_104' title='bbox 1390 1789 1747 1870; x_wconf 74' lang='grc' dir='ltr'><strong><em>Φέρεται</em></strong></span> <span class='ocrx_word' id='word_1_105' title='bbox 1814 1791 1982 1855; x_wconf 73' lang='grc' dir='ltr'>κατὰ</span> <span class='ocrx_word' id='word_1_106' title='bbox 2048 1790 2361 1872; x_wconf 76' lang='grc' dir='ltr'><strong><em>Πίνδαρον,</em></strong></span> <span class='ocrx_word' id='word_1_107' title='bbox 2424 1792 2507 1857; x_wconf 70' lang='grc' dir='ltr'>τά</span> <span class='ocrx_word' id='word_1_108' title='bbox 2556 1817 2626 1857; x_wconf 82' lang='grc' dir='ltr'>τε</span> 
     </span>
     <span class='ocr_line' id='line_1_14' title="bbox 229 1896 2626 1977; baseline 0.002 -16"><span class='ocrx_word' id='word_1_109' title='bbox 229 1901 364 1973; x_wconf 73' lang='grc' dir='ltr'>γᾶς</span> <span class='ocrx_word' id='word_1_110' title='bbox 411 1897 688 1977; x_wconf 72' lang='grc' dir='ltr'>ὑπένερθε</span> <span class='ocrx_word' id='word_1_111' title='bbox 738 1897 842 1962; x_wconf 74' lang='grc' dir='ltr'>καὶ</span> <span class='ocrx_word' id='word_1_112' title='bbox 893 1896 980 1962; x_wconf 78' lang='grc' dir='ltr'>τοὶ</span> <span class='ocrx_word' id='word_1_113' title='bbox 1031 1897 1298 1962; x_wconf 76' lang='grc' dir='ltr'><strong><em>ἐπίπεδα</em></strong></span> <span class='ocrx_word' id='word_1_114' title='bbox 1346 1902 1807 1975; x_wconf 72' lang='grc' dir='ltr'><strong><em>γεωμετροῦσα.</em></strong></span> <span class='ocrx_word' id='word_1_115' title='bbox 1856 1898 2157 1963; x_wconf 88' lang='lat' dir='ltr'>Primum</span> <span class='ocrx_word' id='word_1_116' title='bbox 2204 1898 2481 1965; x_wconf 83' lang='lat' dir='ltr'>notabile</span> <span class='ocrx_word' id='word_1_117' title='bbox 2529 1904 2626 1965; x_wconf 84' lang='lat' dir='ltr'>est</span> 
     </span>
     <span class='ocr_line' id='line_1_15' title="bbox 229 2000 2630 2092; baseline 0.001 -23"><span class='ocrx_word' id='word_1_118' title='bbox 229 2000 552 2069; x_wconf 88' lang='lat' dir='ltr'>Cobetum</span> <span class='ocrx_word' id='word_1_119' title='bbox 613 2004 840 2068; x_wconf 77' lang='lat' dir='ltr'>Mnem.</span> <span class='ocrx_word' id='word_1_120' title='bbox 910 2001 1085 2069; x_wconf 84' lang='lat'>1874</span> <span class='ocrx_word' id='word_1_121' title='bbox 1147 2025 1210 2089; x_wconf 89' lang='lat' dir='ltr'>p.</span> <span class='ocrx_word' id='word_1_122' title='bbox 1259 2000 1391 2069; x_wconf 83' lang='lat'>274</span> <span class='ocrx_word' id='word_1_123' title='bbox 1453 2024 1532 2069; x_wconf 85' lang='lat' dir='ltr'>ex</span> <span class='ocrx_word' id='word_1_124' title='bbox 1578 2003 1935 2070; x_wconf 86' lang='lat' dir='ltr'>Iamblicho</span> <span class='ocrx_word' id='word_1_125' title='bbox 1982 2026 2100 2091; x_wconf 89' lang='lat' dir='ltr'>pro</span> <span class='ocrx_word' id='word_1_126' title='bbox 2147 2006 2403 2084; x_wconf 76' lang='grc' dir='ltr'><strong><em>Φέρεται</em></strong></span> <span class='ocrx_word' id='word_1_127' title='bbox 2454 2027 2630 2092; x_wconf 92' lang='lat' dir='ltr'>repo-</span> 
     </span>
     <span class='ocr_line' id='line_1_16' title="bbox 228 2098 2654 2198; baseline -0.001 -23"><span class='ocrx_word' id='word_1_128' title='bbox 228 2112 436 2175; x_wconf 89' lang='lat' dir='ltr'>suisse</span> <span class='ocrx_word' id='word_1_129' title='bbox 473 2109 568 2175; x_wconf 73' lang='grc' dir='ltr'><strong><em>πὲ</em></strong></span> <span class='ocrx_word' id='word_1_130' title='bbox 588 2134 622 2174; x_wconf 85' lang='grc' dir='ltr'>τ</span> <span class='ocrx_word' id='word_1_131' title='bbox 642 2134 860 2189; x_wconf 82' lang='grc' dir='ltr'><strong><em>εται,</em></strong></span> <span class='ocrx_word' id='word_1_132' title='bbox 903 2132 1066 2196; x_wconf 89' lang='lat' dir='ltr'>quae</span> <span class='ocrx_word' id='word_1_133' title='bbox 1111 2098 1298 2176; x_wconf 84' lang='lat' dir='ltr'>lectio</span> <span class='ocrx_word' id='word_1_134' title='bbox 1347 2112 1544 2175; x_wconf 89' lang='lat' dir='ltr'>etiam</span> <span class='ocrx_word' id='word_1_135' title='bbox 1585 2113 1657 2175; x_wconf 92' lang='lat' dir='ltr'>in</span> <span class='ocrx_word' id='word_1_136' title='bbox 1696 2114 1991 2198; x_wconf 80' lang='lat' dir='ltr'>margine</span> <span class='ocrx_word' id='word_1_137' title='bbox 2026 2111 2357 2178; x_wconf 89' lang='lat' dir='ltr'>Bodleiani</span> <span class='ocrx_word' id='word_1_138' title='bbox 2391 2113 2654 2179; x_wconf 88' lang='lat' dir='ltr'>codicis.</span> 
     </span>
     <span class='ocr_line' id='line_1_17' title="bbox 227 2215 2626 2304; baseline 0 -21"><span class='ocrx_word' id='word_1_139' title='bbox 227 2216 552 2304; x_wconf 87' lang='lat' dir='ltr'>adscripta</span> <span class='ocrx_word' id='word_1_140' title='bbox 620 2223 719 2283; x_wconf 89' lang='lat' dir='ltr'>est</span> <span class='ocrx_word' id='word_1_141' title='bbox 733 2236 752 2295; x_wconf 87' lang='lat'>;</span> <span class='ocrx_word' id='word_1_142' title='bbox 817 2215 1044 2283; x_wconf 91' lang='lat' dir='ltr'>deinde</span> <span class='ocrx_word' id='word_1_143' title='bbox 1089 2215 1296 2282; x_wconf 86' lang='lat' dir='ltr'>multo</span> <span class='ocrx_word' id='word_1_144' title='bbox 1341 2216 1608 2283; x_wconf 87' lang='lat' dir='ltr'>malim:</span> <span class='ocrx_word' id='word_1_145' title='bbox 1659 2217 1744 2283; x_wconf 78' lang='grc' dir='ltr'>τα</span> <span class='ocrx_word' id='word_1_146' title='bbox 1790 2242 1857 2283; x_wconf 79' lang='grc' dir='ltr'>τε</span> <span class='ocrx_word' id='word_1_147' title='bbox 1908 2222 2033 2297; x_wconf 71' lang='grc' dir='ltr'>γᾶς</span> <span class='ocrx_word' id='word_1_148' title='bbox 2086 2217 2363 2299; x_wconf 75' lang='grc' dir='ltr'><strong><em>ὑπένερθε</em></strong></span> <span class='ocrx_word' id='word_1_149' title='bbox 2412 2218 2501 2292; x_wconf 80' lang='grc' dir='ltr'>ὦς</span> <span class='ocrx_word' id='word_1_150' title='bbox 2541 2219 2626 2285; x_wconf 74' lang='grc' dir='ltr'>τὰ</span> 
     </span>
     <span class='ocr_line' id='line_1_18' title="bbox 231 2322 1018 2403; baseline -0.001 -14"><span class='ocrx_word' id='word_1_151' title='bbox 231 2322 502 2389; x_wconf 69' lang='grc' dir='ltr'><strong><em>ἐπίπεδα</em></strong></span> <span class='ocrx_word' id='word_1_152' title='bbox 553 2327 1018 2403; x_wconf 70' lang='grc' dir='ltr'><strong><em>γεωμετροῦσα.</em></strong></span> 
     </span>
    </p>
   </div>
   <div class='ocr_carea' id='block_1_4' title="bbox 227 2510 2629 3254">
    <p class='ocr_par' dir='ltr' id='par_1_4' title="bbox 227 2510 2629 3254">
     <span class='ocr_line' id='line_1_19' title="bbox 325 2510 2629 2617; baseline 0 -21"><span class='ocrx_word' id='word_1_153' title='bbox 325 2529 488 2596; x_wconf 88' lang='lat' dir='ltr'>Ibid.</span> <span class='ocrx_word' id='word_1_154' title='bbox 537 2528 662 2598; x_wconf 83' lang='lat'>175</span> <span class='ocrx_word' id='word_1_155' title='bbox 681 2527 751 2598; x_wconf 84' lang='lat' dir='ltr'>O.</span> <span class='ocrx_word' id='word_1_156' title='bbox 799 2528 1026 2617; x_wconf 80' lang='lat' dir='ltr'>Pergit</span> <span class='ocrx_word' id='word_1_157' title='bbox 1062 2528 1348 2597; x_wconf 85' lang='lat' dir='ltr'>Socrates</span> <span class='ocrx_word' id='word_1_158' title='bbox 1395 2510 1710 2615; x_wconf 78' lang='lat' dir='ltr'>quaerere⁰</span> <span class='ocrx_word' id='word_1_159' title='bbox 1737 2528 1891 2616; x_wconf 89' lang='lat' dir='ltr'>quid</span> <span class='ocrx_word' id='word_1_160' title='bbox 1928 2530 2224 2596; x_wconf 89' lang='lat' dir='ltr'>futurum</span> <span class='ocrx_word' id='word_1_161' title='bbox 2263 2531 2349 2596; x_wconf 90' lang='lat' dir='ltr'>sit</span> <span class='ocrx_word' id='word_1_162' title='bbox 2387 2532 2443 2597; x_wconf 92' lang='lat' dir='ltr'>si</span> <span class='ocrx_word' id='word_1_163' title='bbox 2483 2532 2629 2617; x_wconf 89' lang='lat' dir='ltr'>quis</span> 
     </span>
     <span class='ocr_line' id='line_1_20' title="bbox 230 2635 2629 2724; baseline 0 -22"><span class='ocrx_word' id='word_1_164' title='bbox 230 2637 488 2721; x_wconf 88' lang='lat' dir='ltr'>quando</span> <span class='ocrx_word' id='word_1_165' title='bbox 535 2659 686 2703; x_wconf 91' lang='lat' dir='ltr'>cum</span> <span class='ocrx_word' id='word_1_166' title='bbox 728 2657 1040 2724; x_wconf 88' lang='lat' dir='ltr'>germano</span> <span class='ocrx_word' id='word_1_167' title='bbox 1085 2635 1465 2722; x_wconf 90' lang='lat' dir='ltr'>philosopho</span> <span class='ocrx_word' id='word_1_168' title='bbox 1513 2636 1590 2701; x_wconf 92' lang='lat' dir='ltr'>de</span> <span class='ocrx_word' id='word_1_169' title='bbox 1637 2637 1778 2721; x_wconf 91' lang='lat' dir='ltr'>ipsa</span> <span class='ocrx_word' id='word_1_170' title='bbox 1823 2638 2109 2702; x_wconf 88' lang='lat' dir='ltr'>iustitiae</span> <span class='ocrx_word' id='word_1_171' title='bbox 2147 2642 2378 2703; x_wconf 90' lang='lat' dir='ltr'>natura</span> <span class='ocrx_word' id='word_1_172' title='bbox 2416 2637 2629 2723; x_wconf 88' lang='lat' dir='ltr'>dispu-</span> 
     </span>
     <span class='ocr_line' id='line_1_21' title="bbox 231 2740 2625 2828; baseline -0.001 -20"><span class='ocrx_word' id='word_1_173' title='bbox 231 2751 370 2808; x_wconf 89' lang='lat' dir='ltr'>tare</span> <span class='ocrx_word' id='word_1_174' title='bbox 429 2741 624 2822; x_wconf 84' lang='lat' dir='ltr'>velit,</span> <span class='ocrx_word' id='word_1_175' title='bbox 693 2742 936 2808; x_wconf 84' lang='lat' dir='ltr'>relictis</span> <span class='ocrx_word' id='word_1_176' title='bbox 999 2741 1134 2808; x_wconf 79' lang='lat' dir='ltr'>illis</span> <span class='ocrx_word' id='word_1_177' title='bbox 1204 2742 1655 2808; x_wconf 89' lang='lat' dir='ltr'>communibus</span> <span class='ocrx_word' id='word_1_178' title='bbox 1715 2740 2286 2828; x_wconf 86' lang='lat' dir='ltr'>disceptationibus</span> <span class='ocrx_word' id='word_1_179' title='bbox 2309 2790 2326 2821; x_wconf 99' lang='lat'>,</span> <span class='ocrx_word' id='word_1_180' title='bbox 2389 2743 2625 2828; x_wconf 89' lang='lat' dir='ltr'>quibus</span> 
     </span>
     <span class='ocr_line' id='line_1_22' title="bbox 229 2847 2625 2936; baseline 0 -22"><span class='ocrx_word' id='word_1_181' title='bbox 229 2849 447 2914; x_wconf 85' lang='lat' dir='ltr'>forum</span> <span class='ocrx_word' id='word_1_182' title='bbox 495 2851 758 2934; x_wconf 88' lang='lat' dir='ltr'>strepit:</span> <span class='ocrx_word' id='word_1_183' title='bbox 810 2849 890 2912; x_wconf 77' lang='grc' dir='ltr'>τί</span> <span class='ocrx_word' id='word_1_184' title='bbox 939 2849 1062 2926; x_wconf 75' lang='grc' dir='ltr'>ἐγὼ</span> <span class='ocrx_word' id='word_1_185' title='bbox 1111 2847 1178 2912; x_wconf 76' lang='grc' dir='ltr'>σὲ</span> <span class='ocrx_word' id='word_1_186' title='bbox 1225 2847 1410 2912; x_wconf 73' lang='grc' dir='ltr'><strong><em>ἀδικῶ</em></strong></span> <span class='ocrx_word' id='word_1_187' title='bbox 1462 2847 1495 2922; x_wconf 76' lang='grc' dir='ltr'>ἢ</span> <span class='ocrx_word' id='word_1_188' title='bbox 1545 2848 1621 2913; x_wconf 87' lang='grc' dir='ltr'>σὺ</span> <span class='ocrx_word' id='word_1_189' title='bbox 1672 2847 1802 2925; x_wconf 70' lang='grc' dir='ltr'><strong><em>ἐμὲ.</em></strong></span> <span class='ocrx_word' id='word_1_190' title='bbox 1866 2849 2058 2914; x_wconf 88' lang='lat' dir='ltr'>Haud</span> <span class='ocrx_word' id='word_1_191' title='bbox 2108 2869 2339 2936; x_wconf 89' lang='lat' dir='ltr'>parum</span> <span class='ocrx_word' id='word_1_192' title='bbox 2390 2847 2625 2914; x_wconf 89' lang='lat' dir='ltr'>melius</span> 
     </span>
     <span class='ocr_line' id='line_1_23' title="bbox 227 2954 2621 3042; baseline -0.001 -21"><span class='ocrx_word' id='word_1_193' title='bbox 227 2955 570 3042; x_wconf 87' lang='lat' dir='ltr'>intelligo:</span> <span class='ocrx_word' id='word_1_194' title='bbox 635 2955 668 3030; x_wconf 75' lang='grc' dir='ltr'>ἢ</span> <span class='ocrx_word' id='word_1_195' title='bbox 741 2956 862 3033; x_wconf 75' lang='grc' dir='ltr'>ἐγὼ</span> <span class='ocrx_word' id='word_1_196' title='bbox 925 2957 993 3020; x_wconf 77' lang='grc' dir='ltr'>σὲ</span> <span class='ocrx_word' id='word_1_197' title='bbox 1058 2956 1245 3021; x_wconf 67' lang='grc' dir='ltr'><strong><em>ἀδικῶ</em></strong></span> <span class='ocrx_word' id='word_1_198' title='bbox 1313 2954 1346 3028; x_wconf 79' lang='grc' dir='ltr'>ἣ</span> <span class='ocrx_word' id='word_1_199' title='bbox 1397 2956 1473 3018; x_wconf 81' lang='grc' dir='ltr'>σὺ</span> <span class='ocrx_word' id='word_1_200' title='bbox 1523 2956 1657 3033; x_wconf 74' lang='grc' dir='ltr'>ἐμὲ,</span> <span class='ocrx_word' id='word_1_201' title='bbox 1707 2961 1780 3020; x_wconf 90' lang='lat' dir='ltr'>ut</span> <span class='ocrx_word' id='word_1_202' title='bbox 1826 2958 1894 3021; x_wconf 90' lang='lat' dir='ltr'>in</span> <span class='ocrx_word' id='word_1_203' title='bbox 1938 2954 2057 3021; x_wconf 90' lang='lat' dir='ltr'>illo</span> <span class='ocrx_word' id='word_1_204' title='bbox 2104 2955 2138 3030; x_wconf 76' lang='grc' dir='ltr'><strong><em>ἥ</em></strong></span> <span class='ocrx_word' id='word_1_205' title='bbox 2186 2960 2258 3032; x_wconf 80' lang='grc' dir='ltr'>μ’</span> <span class='ocrx_word' id='word_1_206' title='bbox 2308 2954 2537 3035; x_wconf 71' lang='grc' dir='ltr'><strong><em>ἀνάειρ’</em></strong></span> <span class='ocrx_word' id='word_1_207' title='bbox 2588 2955 2621 3030; x_wconf 75' lang='grc' dir='ltr'>ἢ</span> 
     </span>
     <span class='ocr_line' id='line_1_24' title="bbox 228 3059 2623 3148; baseline 0.001 -23"><span class='ocrx_word' id='word_1_208' title='bbox 228 3063 356 3140; x_wconf 70' lang='grc' dir='ltr'>ἐγὼ</span> <span class='ocrx_word' id='word_1_209' title='bbox 419 3063 508 3126; x_wconf 78' lang='grc' dir='ltr'>σέ.</span> <span class='ocrx_word' id='word_1_210' title='bbox 575 3060 757 3141; x_wconf 80' lang='lat' dir='ltr'>Quod</span> <span class='ocrx_word' id='word_1_211' title='bbox 815 3060 894 3126; x_wconf 91' lang='lat' dir='ltr'>de</span> <span class='ocrx_word' id='word_1_212' title='bbox 955 3061 1074 3127; x_wconf 92' lang='lat' dir='ltr'>hoc</span> <span class='ocrx_word' id='word_1_213' title='bbox 1132 3059 1271 3127; x_wconf 89' lang='lat' dir='ltr'>loco</span> <span class='ocrx_word' id='word_1_214' title='bbox 1331 3060 1711 3148; x_wconf 86' lang='lat' dir='ltr'>Madvigius</span> <span class='ocrx_word' id='word_1_215' title='bbox 1758 3061 1952 3127; x_wconf 89' lang='lat' dir='ltr'>habet</span> <span class='ocrx_word' id='word_1_216' title='bbox 1997 3063 2248 3126; x_wconf 72' lang='lat' dir='ltr'>Advers.</span> <span class='ocrx_word' id='word_1_217' title='bbox 2298 3060 2330 3126; x_wconf 94' lang='lat' dir='ltr'>I</span> <span class='ocrx_word' id='word_1_218' title='bbox 2374 3083 2437 3148; x_wconf 91' lang='lat' dir='ltr'>p.</span> <span class='ocrx_word' id='word_1_219' title='bbox 2492 3061 2623 3128; x_wconf 91' lang='lat'>100</span> 
     </span>
     <span class='ocr_line' id='line_1_25' title="bbox 227 3166 1099 3254; baseline -0.002 -21"><span class='ocrx_word' id='word_1_220' title='bbox 227 3167 398 3233; x_wconf 90' lang='lat' dir='ltr'>mihi</span> <span class='ocrx_word' id='word_1_221' title='bbox 446 3169 703 3254; x_wconf 89' lang='lat' dir='ltr'>egregie</span> <span class='ocrx_word' id='word_1_222' title='bbox 748 3166 1099 3253; x_wconf 89' lang='lat' dir='ltr'>displicuit.</span> 
     </span>
    </p>
   </div>
   <div class='ocr_carea' id='block_1_5' title="bbox 221 3381 2623 4003">
    <p class='ocr_par' dir='ltr' id='par_1_5' title="bbox 221 3381 2623 4003">
     <span class='ocr_line' id='line_1_26' title="bbox 321 3381 2619 3475; baseline 0 -21"><span class='ocrx_word' id='word_1_223' title='bbox 321 3388 485 3454; x_wconf 91' lang='lat' dir='ltr'>Ibid.</span> <span class='ocrx_word' id='word_1_224' title='bbox 555 3387 683 3455; x_wconf 86' lang='grc'>176</span> <span class='ocrx_word' id='word_1_225' title='bbox 703 3387 774 3456; x_wconf 84' lang='lat' dir='ltr'>G.</span> <span class='ocrx_word' id='word_1_226' title='bbox 846 3388 1197 3475; x_wconf 89' lang='lat' dir='ltr'>Postquam</span> <span class='ocrx_word' id='word_1_227' title='bbox 1259 3387 1449 3455; x_wconf 88' lang='lat' dir='ltr'>Plato</span> <span class='ocrx_word' id='word_1_228' title='bbox 1511 3389 1678 3455; x_wconf 84' lang='lat' dir='ltr'>dixit</span> <span class='ocrx_word' id='word_1_229' title='bbox 1712 3381 2021 3455; x_wconf 75' lang='lat' dir='ltr'>&#39;maxime</span> <span class='ocrx_word' id='word_1_230' title='bbox 2082 3388 2437 3475; x_wconf 71' lang='lat' dir='ltr'>optandum</span> <span class='ocrx_word' id='word_1_231' title='bbox 2484 3409 2619 3454; x_wconf 90' lang='lat' dir='ltr'>esse</span> 
     </span>
     <span class='ocr_line' id='line_1_27' title="bbox 225 3495 2623 3591; baseline 0 -31"><span class='ocrx_word' id='word_1_232' title='bbox 225 3502 334 3573; x_wconf 90' lang='lat' dir='ltr'>ut,</span> <span class='ocrx_word' id='word_1_233' title='bbox 385 3503 633 3561; x_wconf 89' lang='lat' dir='ltr'>terrena</span> <span class='ocrx_word' id='word_1_234' title='bbox 678 3497 972 3561; x_wconf 89' lang='lat' dir='ltr'>omnium</span> <span class='ocrx_word' id='word_1_235' title='bbox 1019 3517 1239 3591; x_wconf 81' lang='lat' dir='ltr'>rerum</span> <span class='ocrx_word' id='word_1_236' title='bbox 1286 3495 1565 3562; x_wconf 85' lang='lat' dir='ltr'>colluvie</span> <span class='ocrx_word' id='word_1_237' title='bbox 1610 3495 1867 3575; x_wconf 88' lang='lat' dir='ltr'>relicta,</span> <span class='ocrx_word' id='word_1_238' title='bbox 1917 3517 2110 3583; x_wconf 90' lang='lat' dir='ltr'>quam</span> <span class='ocrx_word' id='word_1_239' title='bbox 2151 3498 2437 3582; x_wconf 91' lang='lat' dir='ltr'>primum</span> <span class='ocrx_word' id='word_1_240' title='bbox 2478 3515 2623 3560; x_wconf 83' lang='lat' dir='ltr'>evo-</span> 
     </span>
     <span class='ocr_line' id='line_1_28' title="bbox 223 3599 2617 3688; baseline 0 -23"><span class='ocrx_word' id='word_1_241' title='bbox 223 3599 439 3666; x_wconf 90' lang='lat' dir='ltr'>lemus</span> <span class='ocrx_word' id='word_1_242' title='bbox 495 3601 575 3668; x_wconf 90' lang='lat' dir='ltr'>ad</span> <span class='ocrx_word' id='word_1_243' title='bbox 621 3607 874 3668; x_wconf 88' lang='lat' dir='ltr'>coetum</span> <span class='ocrx_word' id='word_1_244' title='bbox 925 3602 1191 3668; x_wconf 90' lang='lat' dir='ltr'>deorum</span> <span class='ocrx_word' id='word_1_245' title='bbox 1237 3601 1747 3681; x_wconf 89' lang='lat' dir='ltr'>immortalium,</span> <span class='ocrx_word' id='word_1_246' title='bbox 1796 3623 1923 3688; x_wconf 90' lang='lat' dir='ltr'>quo</span> <span class='ocrx_word' id='word_1_247' title='bbox 1972 3601 2144 3668; x_wconf 89' lang='lat' dir='ltr'>mala</span> <span class='ocrx_word' id='word_1_248' title='bbox 2190 3623 2315 3668; x_wconf 90' lang='lat' dir='ltr'>non</span> <span class='ocrx_word' id='word_1_249' title='bbox 2362 3600 2617 3667; x_wconf 89' lang='lat' dir='ltr'>adscen-</span> 
     </span>
     <span class='ocr_line' id='line_1_29' title="bbox 225 3705 2617 3795; baseline -0.002 -21"><span class='ocrx_word' id='word_1_250' title='bbox 225 3708 382 3774; x_wconf 89' lang='lat' dir='ltr'>dant</span> <span class='ocrx_word' id='word_1_251' title='bbox 449 3716 514 3774; x_wconf 91' lang='lat' dir='ltr'>et</span> <span class='ocrx_word' id='word_1_252' title='bbox 581 3709 894 3795; x_wconf 90' lang='lat' dir='ltr'>quidquid</span> <span class='ocrx_word' id='word_1_253' title='bbox 959 3730 1270 3795; x_wconf 89' lang='lat' dir='ltr'>umquam</span> <span class='ocrx_word' id='word_1_254' title='bbox 1337 3711 1733 3795; x_wconf 88' lang='lat' dir='ltr'>concipiatur</span> <span class='ocrx_word' id='word_1_255' title='bbox 1796 3710 2003 3788; x_wconf 86' lang='lat' dir='ltr'>nefas,</span> <span class='ocrx_word' id='word_1_256' title='bbox 2068 3709 2279 3774; x_wconf 86' lang='lat' dir='ltr'>addit:</span> <span class='ocrx_word' id='word_1_257' title='bbox 2330 3709 2506 3788; x_wconf 66' lang='grc' dir='ltr'>φυγὴ</span> <span class='ocrx_word' id='word_1_258' title='bbox 2563 3705 2617 3770; x_wconf 77' lang='grc' dir='ltr'>δ’</span> 
     </span>
     <span class='ocr_line' id='line_1_30' title="bbox 223 3812 2617 3896; baseline -0.001 -16"><span class='ocrx_word' id='word_1_259' title='bbox 223 3816 504 3892; x_wconf 75' lang='grc' dir='ltr'>ὁμοίωσις</span> <span class='ocrx_word' id='word_1_260' title='bbox 571 3817 680 3896; x_wconf 71' lang='grc' dir='ltr'>θεῷ</span> <span class='ocrx_word' id='word_1_261' title='bbox 737 3816 909 3881; x_wconf 79' lang='grc' dir='ltr'><strong><em>κατα</em></strong></span> <span class='ocrx_word' id='word_1_262' title='bbox 956 3822 1024 3880; x_wconf 82' lang='grc' dir='ltr'>τὸ</span> <span class='ocrx_word' id='word_1_263' title='bbox 1074 3817 1347 3882; x_wconf 76' lang='grc' dir='ltr'><strong><em>δυνατόν.</em></strong></span> <span class='ocrx_word' id='word_1_264' title='bbox 1412 3817 1501 3881; x_wconf 80' lang='lat' dir='ltr'>At</span> <span class='ocrx_word' id='word_1_265' title='bbox 1547 3838 1675 3882; x_wconf 89' lang='lat' dir='ltr'>non</span> <span class='ocrx_word' id='word_1_266' title='bbox 1722 3816 1840 3882; x_wconf 89' lang='lat' dir='ltr'>hoc</span> <span class='ocrx_word' id='word_1_267' title='bbox 1887 3816 2088 3893; x_wconf 84' lang='lat' dir='ltr'>dixit,</span> <span class='ocrx_word' id='word_1_268' title='bbox 2139 3815 2285 3881; x_wconf 88' lang='lat' dir='ltr'>sed:</span> <span class='ocrx_word' id='word_1_269' title='bbox 2334 3815 2513 3894; x_wconf 72' lang='grc' dir='ltr'>Φυγῆ</span> <span class='ocrx_word' id='word_1_270' title='bbox 2564 3812 2617 3878; x_wconf 73' lang='grc' dir='ltr'>δ’</span> 
     </span>
     <span class='ocr_line' id='line_1_31' title="bbox 221 3921 922 4003; baseline 0 -16"><span class='ocrx_word' id='word_1_271' title='bbox 221 3921 415 4003; x_wconf 73' lang='grc' dir='ltr'>(ἥδε)</span> <span class='ocrx_word' id='word_1_272' title='bbox 467 3922 743 4000; x_wconf 72' lang='grc' dir='ltr'><strong><em>ὁμοίωσις</em></strong></span> <span class='ocrx_word' id='word_1_273' title='bbox 793 3923 922 4002; x_wconf 74' lang='grc' dir='ltr'><strong><em>θεῷ.</em></strong></span> 
     </span>
    </p>
   </div>
   <div class='ocr_carea' id='block_1_6' title="bbox 215 4131 2623 4540">
    <p class='ocr_par' dir='ltr' id='par_1_6' title="bbox 215 4131 2623 4540">
     <span class='ocr_line' id='line_1_32' title="bbox 316 4131 2620 4217; baseline -0 -14"><span class='ocrx_word' id='word_1_274' title='bbox 316 4135 478 4203; x_wconf 92' lang='lat' dir='ltr'>Ibid.</span> <span class='ocrx_word' id='word_1_275' title='bbox 534 4131 762 4203; x_wconf 82' lang='lat'>1770:</span> <span class='ocrx_word' id='word_1_276' title='bbox 831 4135 930 4200; x_wconf 72' lang='grc' dir='ltr'>ἐπὶ</span> <span class='ocrx_word' id='word_1_277' title='bbox 980 4133 1044 4200; x_wconf 73' lang='grc' dir='ltr'>δὲ</span> <span class='ocrx_word' id='word_1_278' title='bbox 1093 4134 1179 4200; x_wconf 78' lang='grc' dir='ltr'>τοὶ</span> <span class='ocrx_word' id='word_1_279' title='bbox 1228 4132 1560 4217; x_wconf 78' lang='grc' dir='ltr'><strong><em>ἔμπροσθεν</em></strong></span> <span class='ocrx_word' id='word_1_280' title='bbox 1608 4134 1880 4214; x_wconf 72' lang='grc' dir='ltr'>1ἴωμεν.</span> <span class='ocrx_word' id='word_1_281' title='bbox 1930 4136 2029 4202; x_wconf 79' lang='lat' dir='ltr'>Ex</span> <span class='ocrx_word' id='word_1_282' title='bbox 2078 4139 2395 4203; x_wconf 86' lang='lat' dir='ltr'>constanti</span> <span class='ocrx_word' id='word_1_283' title='bbox 2442 4157 2620 4202; x_wconf 86' lang='lat' dir='ltr'>more</span> 
     </span>
     <span class='ocr_line' id='line_1_33' title="bbox 218 4242 2620 4330; baseline -0.001 -21"><span class='ocrx_word' id='word_1_284' title='bbox 218 4245 543 4330; x_wconf 85' lang='lat' dir='ltr'>corrigam</span> <span class='ocrx_word' id='word_1_285' title='bbox 591 4242 1064 4318; x_wconf 73' lang='grc' dir='ltr'><strong><em>ἐπανίωμεν</em></strong></span> <span class='ocrx_word' id='word_1_286' title='bbox 1112 4248 1176 4307; x_wconf 88' lang='lat' dir='ltr'>et</span> <span class='ocrx_word' id='word_1_287' title='bbox 1223 4245 1526 4309; x_wconf 91' lang='lat' dir='ltr'>continuo</span> <span class='ocrx_word' id='word_1_288' title='bbox 1574 4248 1721 4329; x_wconf 89' lang='lat' dir='ltr'>post</span> <span class='ocrx_word' id='word_1_289' title='bbox 1766 4245 1903 4329; x_wconf 91' lang='lat' dir='ltr'>ipse</span> <span class='ocrx_word' id='word_1_290' title='bbox 1950 4265 2199 4329; x_wconf 89' lang='lat' dir='ltr'>quoque</span> <span class='ocrx_word' id='word_1_291' title='bbox 2247 4242 2620 4310; x_wconf 81' lang='lat' dir='ltr'>Theodorus</span> 
     </span>
     <span class='ocr_line' id='line_1_34' title="bbox 215 4346 2623 4435; baseline -0.001 -19"><span class='ocrx_word' id='word_1_292' title='bbox 215 4349 397 4416; x_wconf 90' lang='lat' dir='ltr'>idem</span> <span class='ocrx_word' id='word_1_293' title='bbox 440 4349 713 4415; x_wconf 85' lang='lat' dir='ltr'>verbum</span> <span class='ocrx_word' id='word_1_294' title='bbox 755 4353 1043 4434; x_wconf 88' lang='lat' dir='ltr'>usurpat.</span> <span class='ocrx_word' id='word_1_295' title='bbox 1093 4347 1365 4427; x_wconf 90' lang='lat' dir='ltr'>Itidem,</span> <span class='ocrx_word' id='word_1_296' title='bbox 1404 4370 1464 4435; x_wconf 91' lang='lat' dir='ltr'>p.</span> <span class='ocrx_word' id='word_1_297' title='bbox 1493 4349 1629 4414; x_wconf 83' lang='grc'>210</span> <span class='ocrx_word' id='word_1_298' title='bbox 1646 4346 1717 4427; x_wconf 86' lang='lat' dir='ltr'>O,</span> <span class='ocrx_word' id='word_1_299' title='bbox 1759 4357 2079 4435; x_wconf 87' lang='lat' dir='ltr'>postrema</span> <span class='ocrx_word' id='word_1_300' title='bbox 2117 4349 2394 4417; x_wconf 83' lang='lat' dir='ltr'>Socratis</span> <span class='ocrx_word' id='word_1_301' title='bbox 2429 4349 2623 4414; x_wconf 87' lang='lat' dir='ltr'>verba</span> 
     </span>
     <span class='ocr_line' id='line_1_35' title="bbox 217 4455 2621 4540; baseline -0.001 -18"><span class='ocrx_word' id='word_1_302' title='bbox 217 4458 519 4522; x_wconf 86' lang='lat' dir='ltr'>fuerunt:</span> <span class='ocrx_word' id='word_1_303' title='bbox 582 4455 972 4530; x_wconf 69' lang='grc' dir='ltr'><strong><em>ἀπαντητέον</em></strong></span> <span class='ocrx_word' id='word_1_304' title='bbox 1022 4478 1124 4528; x_wconf 78' lang='grc' dir='ltr'>μοι</span> <span class='ocrx_word' id='word_1_305' title='bbox 1173 4457 1257 4528; x_wconf 76' lang='grc' dir='ltr'>εἰς</span> <span class='ocrx_word' id='word_1_306' title='bbox 1305 4456 1416 4530; x_wconf 66' lang='grc' dir='ltr'><strong><em>τὴν</em></strong></span> <span class='ocrx_word' id='word_1_307' title='bbox 1463 4459 1570 4521; x_wconf 79' lang='grc' dir='ltr'>τοῦ</span> <span class='ocrx_word' id='word_1_308' title='bbox 1618 4455 1932 4533; x_wconf 68' lang='grc' dir='ltr'><strong><em>βασιλέως</em></strong></span> <span class='ocrx_word' id='word_1_309' title='bbox 1982 4459 2153 4536; x_wconf 61' lang='lat' dir='ltr'>coda,</span> <span class='ocrx_word' id='word_1_310' title='bbox 2201 4463 2267 4522; x_wconf 92' lang='lat' dir='ltr'>et</span> <span class='ocrx_word' id='word_1_311' title='bbox 2315 4457 2434 4522; x_wconf 90' lang='lat' dir='ltr'>hoc</span> <span class='ocrx_word' id='word_1_312' title='bbox 2480 4457 2621 4540; x_wconf 91' lang='lat' dir='ltr'>qui-</span> 
     </span>
    </p>
   </div>
  </div>
 </body>
</html>
