3246 5085
1286 328 1599 380 nonnus.
2505 309 2641 377 317

344 495 928 583 Interpolator
970 496 1313 582 primarius
1354 495 1653 561 manibus
1695 494 1902 558 tenuit
1938 497 2005 560 et
2043 497 2417 561 retractavit
2452 515 2651 560 com-

255 607 625 670 mentum
686 603 1047 688 primum
1108 603 1315 688 ipsius
1375 600 1646 679 Donati,
1711 598 1880 685 quod
1939 601 2072 665 iam
2120 606 2278 666 tum
2327 600 2650 686 aliquibus

256 711 721 796 magistrorum
761 709 1200 774 notationibus
1240 713 1377 773 erat
1415 712 1712 774 ornatum
1739 707 1805 787 ¹).
1921 705 2020 770 Ex
2055 706 2175 772 hac
2205 709 2651 773 retractatione

256 799 477 883 ortum
540 821 637 880 est
700 821 1266 881 commentum
1330 814 1791 880 secundum
1853 813 1931 878 ab
1975 813 2430 900 interpolatore
2477 835 2654 899 sepa-

254 925 457 989 ratim
504 921 753 986 editum
802 922 922 987 sub
967 921 1257 986 medium
1304 919 1433 987 fere
1479 918 1809 986 saeculum
1856 921 2158 1004 quintum
2185 919 2257 1000 ⁹).
2305 919 2652 1004 Aliquanto

254 1034 440 1116 post,
504 1048 655 1093 cum
715 1029 984 1114 genuini
1031 1028 1381 1093 commenti
1426 1027 1738 1092 memoria
1781 1028 1915 1090 iam
1961 1047 2220 1111 prorsus
2266 1028 2652 1104 interiisset,

260 1135 515 1202 exstitit
582 1132 1124 1220 Compilator
1184 1136 1298 1219 qui
1358 1132 1629 1198 confecit
1689 1138 2247 1198 commentum
2297 1135 2656 1198 tertium

261 1243 447 1308 nobis
510 1245 860 1306 servatum.
921 1237 1043 1304 Ille
1105 1239 1375 1325 putabat
1434 1237 1696 1325 quidem
1743 1259 1810 1302 se
1855 1243 2127 1304 tractare
2169 1241 2376 1325 ipsius
2425 1238 2659 1304 Donati

259 1352 737 1425 commentum,
779 1345 886 1412 sed
926 1367 1149 1414 revera
1188 1348 1429 1412 iterum
1454 1343 1656 1410 edidit
1680 1351 2121 1410 commentum
2163 1345 2618 1411 secundum
2637 1392 2654 1424 ,

258 1460 531 1521 auctum
577 1459 677 1519 sat
724 1452 953 1518 multis
1000 1452 1470 1530 notationibus,
1520 1471 1682 1537 quae
1729 1452 1966 1537 partim
2013 1453 2081 1516 in
2121 1453 2414 1538 margine
2452 1453 2660 1537 ipsius

259 1563 615 1627 commenti
663 1561 902 1647 partim
951 1561 1018 1624 in
1066 1558 1425 1624 editionum
1472 1556 1839 1623 fabularum
1887 1557 2292 1643 marginibus
2340 1556 2657 1644 paulatim

260 1668 345 1733 ab
409 1669 603 1732 variis
665 1664 807 1730 ludi
869 1667 1231 1752 magistris,
1282 1665 1779 1751 grammaticam
1825 1668 1889 1729 et
1935 1665 2123 1728 initia
2167 1663 2511 1729 rhetorices
2557 1662 2662 1728 do-

262 1773 561 1840 centibus
606 1772 929 1838 confectae
974 1776 1156 1837 erant
1173 1792 1191 1850 3
1238 1767 1378 1857 ipse
1418 1776 1638 1836 autem
1656 1817 1674 1849 ,
1716 1774 1970 1855 praeter
2009 1769 2240 1834 harum
2290 1769 2659 1835 notularum

264 1879 757 1966 dispositionem
827 1880 896 1943 in
967 1883 1275 1944 contextu
1342 1878 1692 1943 commenti
1762 1875 2059 1955 secundi,
2131 1879 2246 1941 vix
2316 1878 2658 1962 quicquam

262 1987 595 2074 praestitit
658 1983 733 2049 de
796 2005 945 2062 suo,
994 1988 1311 2068 quantum
1359 1983 1566 2049 adhuc
1612 1981 1837 2061 video,
1885 1984 2008 2048 nisi
2055 1981 2223 2068 quod
2269 1982 2661 2048 scholiorum

269 2091 563 2159 ordinem
612 2097 677 2156 et
722 2088 1191 2176 copulationem
1245 2089 1586 2175 aliquoties
1633 2094 1916 2155 mutasse
1963 2088 2428 2155 existimandus
2474 2093 2594 2155 est.

366 2196 537 2266 Cum
597 2201 817 2262 autem
881 2196 999 2262 hoc
1061 2195 1344 2262 officium
1397 2217 1509 2282 per
1553 2200 1862 2282 quattuor
1909 2195 2156 2261 fabulas
2204 2202 2269 2262 et
2316 2196 2663 2262 dimidium

270 2306 403 2372 fere
468 2301 689 2370 sedulo
737 2305 1123 2389 peregisset,
1172 2305 1491 2368 nescimus
1538 2323 1666 2388 qua
1713 2301 2056 2368 festinandi
2101 2323 2288 2368 causa
2333 2307 2586 2368 coactus
2612 2301 2664 2382 ³)

268 2411 603 2479 laborandi
649 2411 967 2475 rationem
1012 2409 1161 2475 inde
1208 2430 1247 2475 a
1292 2409 1702 2475 Phormionis
1745 2415 1894 2475 actu
1938 2408 2003 2475 II
2046 2431 2271 2476 scaena
2315 2407 2411 2474 111
2450 2410 2664 2480 subito

270 2518 594 2596 mutavit,
656 2514 1059 2603 reddiditque
1121 2537 1247 2583 non
1301 2522 1515 2589 totum
1578 2514 1860 2602 amplius
1921 2521 2360 2583 commentum
2408 2514 2492 2596 11,
2557 2515 2672 2581 sed-

272 2630 648 2709 excerptum
712 2624 821 2705 (A)
883 2628 1073 2708 atque
1120 2622 1239 2689 hoc
1288 2624 1487 2689 facere
1532 2624 1816 2708 perrexit
1865 2644 1978 2708 per
2024 2626 2360 2708 sequentes
2407 2642 2664 2689 scaenas

272 2731 357 2798 ad
426 2733 676 2796 exitum
744 2728 1032 2807 fabulae,
1105 2729 1259 2794 dum
1325 2728 1518 2795 modo
1581 2728 1830 2815 largius
1891 2728 2102 2809 (velut
2161 2728 2248 2793 IV
2297 2728 2358 2807 3,
2412 2728 2461 2793 V
2509 2729 2571 2795 8.
2598 2727 2665 2809 9)

272 2836 467 2904 modo
536 2838 791 2923 parcius
859 2835 1072 2918 (velut
1134 2835 1279 2915 111³,
1343 2835 1430 2900 IV
1499 2835 1532 2900 l
1597 2842 1662 2901 et
1715 2835 1779 2915 2,
1828 2834 1883 2899 V
1931 2834 1993 2913 3,
2044 2834 2107 2913 4,
2160 2833 2228 2914 7)
2291 2834 2664 2921 exemplum

272 2965 470 3011 suum
518 2943 928 3029 excerpebat3
976 2943 1095 3009 hoc
1140 2942 1345 3009 officio
1390 2948 1648 3029 peracto
1697 2962 1846 3007 cum
1893 2962 2062 3007 nova
2103 2939 2434 3007 laborandi
2476 2940 2668 3007 facul-

272 3059 375 3117 tas
438 3049 543 3116 vel
604 3052 813 3115 otium
876 3051 1265 3129 exstitisset,
1322 3070 1394 3115 ea
1455 3069 1617 3134 quae
1681 3050 1982 3113 omiserat
2042 3048 2451 3135 suppeditare
2505 3050 2671 3113 inco—

271 3159 461 3223 havit
484 3155 555 3238 ⁴),
606 3154 715 3221 sed
762 3154 934 3222 ultra
980 3178 1177 3222 unam
1221 3176 1514 3222 scaenam
1556 3153 1620 3223 II
1662 3154 1701 3220 3
1741 3158 2060 3222 nescimus
2100 3174 2227 3240 quo
2269 3176 2420 3221 casu
2460 3153 2669 3222 telum

276 3270 610 3352 pertexere
658 3284 781 3331 non
828 3266 1063 3349 potuit.

346 3498 401 3559 1)
436 3496 511 3545 Cf.
546 3509 692 3560 snpra
726 3510 773 3559 p.
814 3494 891 3553 10,
926 3492 1057 3543 alibi.

236 3580 241 3583 ’
345 3580 395 3641 2)
446 3578 527 3627 Sic
576 3582 767 3641 tempus
810 3574 1018 3625 indicavi
1070 3574 1277 3623 medium
1326 3574 1427 3624 fere
1460 3575 1588 3625 inter
1627 3578 1994 3637 Donatum,
2028 3576 2112 3641 qni
2147 3579 2269 3626 teste
2304 3576 2536 3642 discip
2558 3574 2672 3626 ulo

278 3661 717 3724 Hieronymo
768 3656 968 3723 insignis
1018 3656 1113 3706 fuit
1163 3672 1207 3705 a.
1256 3658 1371 3717 353,
1424 3662 1472 3707 et
1521 3658 1732 3709 medium
1778 3660 2020 3709 saeculum
2065 3664 2362 3718 sextum,
2398 3663 2510 3708 ante
2543 3658 2672 3723 quod

275 3746 619 3800 commentum,
650 3756 745 3805 quo
778 3755 865 3790 noe
900 3738 1105 3799 utimur,
1136 3742 1304 3789 natum
1340 3744 1412 3789 est
1446 3742 1523 3803 (W
1542 3757 1607 3790 ee
1626 3757 1711 3791 sn.
1749 3742 1800 3791 in
1834 3742 1984 3808 praef.
2021 3758 2068 3807 p.
2098 3744 2233 3804 xcv).
2279 3740 2476 3790 Saeculo
2501 3740 2672 3804 quinto

273 3826 475 3875 ineunte
508 3822 666 3875 studia
700 3822 987 3872 Terentiana
1022 3822 1233 3872 nondum
1266 3824 1513 3889 consopita
1546 3824 1691 3874 fuisse
1724 3825 1860 3875 docet
1903 3825 1947 3873 R
1967 3841 1996 3874 u
2016 3825 2067 3874 ti
2089 3824 2155 3874 ni
2188 3823 2586 3873 commentarium
2620 3822 2672 3871 in

277 3910 435 3957 metra
468 3906 755 3955 Terentiana
786 3906 864 3967 (G.
884 3906 938 3954 Ia.
970 3902 1037 3953 VI
1073 3904 1204 3965 56⁶).
2605 3971 2610 3975 ¹

346 3991 403 4051 3)
454 3989 565 4038 Non
600 3987 760 4053 operis
794 3986 953 4036 taedio
989 3986 1288 4051 languescere
1320 3986 1515 4053 incepit,
1556 3988 1746 4053 opinor,
1782 3988 1822 4037 ie
1855 3988 1939 4053 qui
1974 3990 2171 4054 portum
2205 3988 2254 4037 in
2290 3990 2542 4053 conspectu
2577 3986 2674 4037 iam

275 4070 499 4131 habebat,
544 4071 626 4119 sed
674 4069 783 4118 aliis
825 4068 991 4118 officiis
1037 4069 1111 4118 vel
1158 4068 1322 4119 morbo
1357 4070 1511 4120 aliove
1545 4086 1658 4121 casn
1693 4070 1913 4135 graviore
1947 4070 2219 4136 implicatus
2253 4078 2522 4136 susceptum
2555 4086 2674 4136 opus

278 4156 329 4205 in
355 4152 547 4203 brevius
574 4151 859 4201 contrahere
885 4150 1065 4201 debuit.
1104 4151 1238 4212 Dein,
1268 4168 1379 4203 cum
1408 4154 1715 4219 excerpsisset
1747 4156 1900 4203 totum
1931 4160 2272 4213 commentum,
2301 4154 2361 4203 ad
2389 4152 2674 4219 explendum

275 4235 425 4286 rediit
457 4233 689 4301 quamdiu
725 4234 878 4284 officie
912 4233 999 4284 in·
1031 4233 1106 4284 vel
1143 4250 1277 4284 casus
1310 4234 1394 4284 ille
1428 4236 1583 4285 adhuc
1616 4235 1939 4301 permitteret.

344 4320 403 4383 4)
451 4317 582 4367 Hinc
627 4316 807 4366 factum
841 4319 929 4375 est,
967 4319 1019 4366 ut
1054 4315 1244 4366 ordines
1276 4319 1319 4365 A
1353 4319 1401 4366 et
1436 4316 1479 4365 B
1514 4333 1752 4383 nusquam
1785 4318 1883 4367 sere
1915 4318 2094 4369 similis
2125 4316 2395 4378 exhibeant,
2432 4318 2513 4367 sed
2548 4317 2672 4367 alter

272 4401 485 4451 alterum
522 4400 725 4467 expleat,
771 4399 897 4463 quod
934 4414 1023 4450 usu
1056 4400 1218 4449 venire
1251 4416 1345 4450 non
1379 4400 1555 4466 potuit,
1588 4401 1632 4451 ei
1663 4402 1758 4451 duo
1789 4406 2090 4467 excerptores
2125 4410 2323 4467 uterque
2357 4418 2442 4451 suo
2477 4401 2676 4451 nomine

278 4487 603 4536 commentum
637 4485 994 4534 retractassent.
