3246 5085
647 322 778 388 368
1413 337 1498 385 1111
1543 334 1866 385 summme
1910 333 2231 385 rm'rnoo.

649 504 780 573 679
822 506 1003 585 θηρῶν
1043 494 1070 567 ὃ
1114 501 1366 580 πάντες,
1413 500 1584 567 1391
1634 500 1866 567 παίδων
1906 499 2224 574 ἅπαντας.
2267 499 2447 566 Talia
2483 520 2711 584 parum
2738 504 2858 567 aut
2882 498 3061 564 nihil

645 612 938 698 probant.
1003 608 1228 676 Cuivis
1288 629 1542 695 quoque
1599 630 1825 675 versus
1885 610 1953 673 in
2000 608 2381 673 memoriam
2430 608 2699 671 recurrit
2743 626 2780 671 6
2828 604 3062 673 vierbis

646 718 936 795 μάλιστα
977 716 1243 795 πάντων,
1290 714 1395 781 vel
1445 714 1765 779 κάλλιστα
1809 714 2055 779 πάντων
2092 715 2435 799 incipiens,
2491 718 2568 777 ut
2602 714 2671 777 in
2708 710 3063 798 Sophoclis

648 825 901 890 Electra
947 822 1079 888 586
1129 822 1397 901 αἴχιστα
1441 822 1712 899 πάντων,
1764 819 1895 886 665
1938 820 2227 895 μάλιστα
2268 821 2535 895 πάντων,
2590 810 2719 883 ’763
2760 819 3063 895 μέγιστα

648 932 915 1007 πάντων,
962 932 1030 994 111
1077 928 1408 1014 Euripidis
1455 927 1687 993 Medea
1735 925 1865 993 395
1917 926 2207 1003 μάλιστα
2258 925 2528 990 πάντων.
2578 924 2662 988 Et
2700 946 2781 989 ne
2820 927 2875 989 ii
2921 925 3065 1010 qui·

647 1038 793 1104 dem
857 1057 1078 1102 versus
1137 1042 1401 1101 movent
1460 1056 1602 1114 me,
1670 1032 1893 1120 quales
1956 1040 2111 1099 sunt
2170 1032 2372 1119 Hipp.
2426 1030 2601 1097 1333
2660 1029 2805 1095 ὥστ’
2856 1029 3060 1110 ἄνδρα

649 1146 916 1223 πάντων,
965 1142 1192 1208 Troad.
1250 1140 1422 1208 1273
1473 1142 1578 1207 καὶ
1626 1142 1827 1219 τέρμα
1870 1140 2139 1219 πάντων,
2180 1140 2338 1205 Η66.
2383 1137 2513 1203 562
2560 1134 2732 1215 ἔλεξε
2774 1136 3059 1215 πάντων,

645 1253 722 1317 fr.
775 1250 907 1316 430
971 1248 1160 1327 ἔρωτα
1226 1248 1470 1312 πάντων
1534 1246 1898 1333 (cf.·Soph.
1964 1244 2037 1311 Ο.
2087 1245 2163 1311 R.
2220 1244 2391 1309 1465
2458 1243 2725 1323 ψαύοιμι
2776 1243 3059 1309 πάντων.

647 1358 918 1423 Philoct.
961 1355 1046 1421 85
1091 1355 1351 1429 κέκλησο
1393 1353 1686 1435 πάντων).
1732 1352 1855 1419 Sed
1894 1351 2215 1439 peculiare
2254 1351 2577 1437 quoddam
2619 1350 3057 1437 Euripideum

648 1468 701 1531 si
769 1466 977 1529 inesse
1045 1462 1188 1527 dico
1257 1463 1477 1528 versui
1545 1466 1763 1526 nostro
1828 1462 2044 1547 cogito
2108 1459 2183 1525 116
2248 1479 2401 1524 sono
2468 1478 2771 1523 versuum
2823 1456 3055 1543 quales

647 1578 830 1637 suut:
897 1569 1070 1635 Med.
1121 1566 1251 1634 409
1305 1570 1504 1632 κακῶν
1554 1567 1616 1631 δὲ
1666 1570 1933 1645 πάντων,
1992 1565 2191 1632 Andr.
2246 1564 2420 1630 1116
2470 1560 2554 1637 εἷς
2605 1560 2671 1638 ἦν
2720 1564 3049 1641 ἁπάντων,

647 1678 805 1743 Hec.
859 1676 986 1741 351
1057 1681 1305 1755 Φρυγῶν
1354 1674 1675 1754 ἁπάντων,
1740 1673 1933 1739 Herc.
1986 1671 2117 1737 543
2166 1670 2378 1742 ὅπλοις
2427 1671 2743 1736 ἁπάντων.
2808 1669 2902 1737 Ῑο.
2962 1668 3048 1733 55

647 1784 888 1862 ταμίαν
929 1807 999 1846 τε
1040 1784 1306 1859 πάντων,
1349 1780 1504 1847 ibid.
1549 1779 1681 1845 863
1724 1780 1827 1845 καὶ
1871 1778 2054 1843 τῶνδε
2085 1777 2351 1856 πάντων,
2392 1777 2471 1842 fr.
2511 1776 2663 1842 269.
2693 1776 2734 1841 2
2776 1776 2880 1840 καὶ
2927 1777 3048 1839 τῶν

649 1891 951 1956 ἁπάντων
1012 1889 1120 1968 (cf.
1169 1887 1363 1973 Soph.
1414 1888 1516 1951 Ai.
1569 1886 1701 1952 992
1749 1884 1791 1951 ὦ
1840 1893 1955 1951 τῶν
2002 1885 2316 1965 ἁπάντων,
2366 1890 2431 1950 et
2476 1904 2739 1951 versum
2788 1880 3051 1948 similli-

648 2018 835 2064 mum
904 1994 1269 2081 Euripideis
1337 1996 1402 2059 in
1487 1994 1697 2060 Trach.
1762 1990 1895 2059 275
1970 1993 1996 2055 ὃ
2068 1998 2185 2056 τῶν
2259 1992 2553 2057 ἁπάντων
2618 1990 2774 2063 Ζεὺς
2837 1990 3047 2066 πατὴρ

649 2106 1052 2183 Ὀλύμπιος),
1099 2103 1176 2167 fr.
1227 2099 1360 2165 544
1409 2099 1618 2173 ἄλλως
1670 2102 1732 2167 δὲ
1782 2100 2047 2165 πάντων.

741 2210 826 2275 Et
891 2211 1046 2275 haec
1116 2206 1377 2293 quidem
1451 2209 1669 2273 omnia
1732 2209 1872 2293 ipso
1934 2205 2252 2272 adiectivo
2316 2205 2707 2271 conveniunt
2771 2202 3041 2279 πάντων,

649 2318 1000 2405 praemissa
1065 2313 1238 2379 haud
1302 2334 1442 2379 raro
1503 2334 1664 2380 voce
1728 2312 1789 2377 δὲ
1846 2314 1993 2379 ‘sive
2056 2337 2145 2376 τε.
2214 2312 2347 2377 Nec
2391 2317 2607 2375 tamen
2653 2311 2872 2375 minus
2919 2308 3047 2373 huc

649 2425 972 2510 pertinent
1055 2440 1216 2505 quae
1286 2439 1590 2485 sonorum
1660 2418 2110 2509 tautummodo
2182 2416 2609 2482 similitudine
2678 2418 3045 2502 congruunt

650 2530 860 2598 veluti
897 2528 1004 2594 Or.
1051 2526 1225 2593 1163
1270 2526 1389 2604 ἐγὼ
1431 2526 1491 2593 δὲ
1534 2525 1779 2598 πάντως
1826 2526 1933 2608 (cf.
1976 2525 2178 2612 Hipp.
2225 2523 2399 2590 1062
2438 2526 2503 2590 οὐ
2542 2522 2703 2598 δῆτα
2742 2522 3038 2602 πάντως).

651 2636 799 2704 Η61.
869 2634 1043 2701 1240
1115 2634 1210 2706 τίς
1275 2632 1326 2696 δ’
1386 2630 1514 2697 ἔστ’
1579 2632 1859 2698 ἀπόντων
1922 2629 2151 2712 (Andr.
2217 2631 2347 2697 632
2412 2633 2642 2710 πορθεῒς
2708 2629 3036 2706 ἀπόντων),

647 2744 850 2829 Hipp.
903 2739 1079 2806 1329
1127 2740 1314 2813 οὐδεὶς
1367 2741 1630 2823 ἀπαντᾷ
1680 2739 1935 2821 (Bacch.
1986 2737 2117 2803 632
2165 2735 2366 2803 ἵππων
2411 2739 2469 2801 τ’
2518 2737 2855 2816 α’παντῶν).

741 2849 994 2916 Similia
1039 2849 1374 2915 observare
1421 2850 1627 2933 possis
1671 2850 1737 2912 in
1780 2849 1990 2933 primo
2030 2845 2208 2931 pede.
2250 2843 2485 2910 Versus
2524 2845 2786 2908 initium
2826 2845 3040 2907 nostro

647 2959 809 3043 ipsis
854 2952 1182 3021 vocabulis
1229 2954 1443 3019 simile
1493 2975 1699 3018 unum
1750 2959 2003 3019 tantum
2050 2955 2117 3018 in
2166 2958 2448 3016 mentem
2490 2953 2668 3016 venit
2706 2949 2881 3014 Med.
2912 2945 3038 3014 752

653 3063 816 3136 θεούς
889 3086 958 3127 τε
1031 3061 1299 3138 πάντας,
1373 3060 1482 3125 sed
1549 3081 1735 3148 saepe
1806 3081 1997 3125 sonus
2058 3058 2260 3138 redit,
2326 3062 2401 3121 ut
2462 3056 2570 3122 Or.
2639 3055 2813 3122 1586
2876 3055 3037 3124 θεοὺς

652 3171 901 3234 ἀπαιτῶ
947 3168 1191 3248 (crebro
1239 3168 1485 3230 ἀπαιτῶ
1533 3166 1651 3231 1166
1698 3165 1845 3231 sede
1894 3167 2111 3251 posuit
2158 3167 2344 3250 poeta
2391 3169 2466 3228 ut
2513 3184 2577 3228 v.
2620 3183 2673 3227 c.
2716 3159 2867 3226 Hel.
2910 3157 3039 3225 276

653 3274 838 3356 χάριν
895 3275 950 3337 τ’
1016 3273 1296 3353 ἀπαιτῶ)
1361 3309 1446 3320 -
1511 3273 1669 3337 item
1732 3272 1810 3336 fr.
1867 3270 2000 3337 359
2068 3270 2250 3334 θετῶν
2296 3269 2358 3334 δὲ
2407 3268 2641 3336 παίδων
2686 3267 2793 3350 (cf.
2840 3265 3037 3352 Hipp.

657 3379 832 3445 1455
883 3379 1118 3444 τοιῶνδε
1167 3378 1447 3458 παίδων).
2030 3361 2033 3364 ’

743 3485 866 3551 Sed
935 3483 1081 3550 nolo
1148 3486 1214 3548 in
1285 3484 1402 3549 1166
1472 3503 1540 3549 re
1602 3504 1905 3569 pergere,
1971 3487 2035 3548 et
2096 3480 2387 3548 consulto
2448 3503 2574 3546 11611
2632 3479 2757 3545 11116
2802 3477 3039 3544 adduxi

652 3613 874 3660 versus
921 3589 1304 3676 Euripideos
1350 3589 1524 3654 haud
1571 3610 1747 3655 raros
1796 3591 1907 3675 qui
1954 3609 1991 3654 6
2040 3590 2169 3653 θεοῦ
2220 3586 2515 3668 διδόντος,
2564 3589 2694 3650 θεοῦ
2735 3585 3036 3660 θέλοντος,

650 3721 688 3765 a
751 3699 1052 3785 genetivo
1118 3699 1258 3760 θεῶν
1306 3697 1628 3780 incipiunt
1675 3697 1813 3760 sive
1860 3699 2096 3761 exeunt
2140 3697 2207 3759 in
2261 3692 2427 3765 Διός.
2474 3693 2807 3778 Exponere
2852 3689 3037 3756 modo

653 3804 946 3872 volebam
999 3824 1126 3868 uno
1174 3800 1468 3887 exemplo
1518 3802 1674 3888 quid
1724 3801 1928 3868 velim
1972 3823 2121 3866 cum
2170 3800 2545 3868 contendam
2584 3819 2884 3863 numeros
2922 3797 3041 3861 Eu-

649 3913 926 4000 ripideos
971 3910 1178 3975 audiri
1227 3930 1408 3995 posse
1456 3910 1526 3973 in
1571 3908 1955 3994 fragmentis
1996 3907 2298 3974 Pirithoi.
2346 3904 2469 3971 Vix
2520 3904 2837 3970 sufficiant
2886 3903 3039 3968 talis

651 4026 729 4084 ut
786 4021 1102 4083 incertum
1167 4016 1607 4103 fragmentum
1671 4020 1844 4080 certo
1893 4014 2148 4079 6111116111
2200 4017 2424 4098 poetae
2474 4011 2721 4077 tribuas
2740 4032 2757 4090 ;
2806 4013 2862 4076 si
2910 4013 3040 4076 viu·

652 4123 918 4190 dicanda
983 4127 1136 4187 sunt
1201 4128 1426 4207 poetae
1498 4123 1863 4208 fragmenta
1923 4141 2085 4205 quae
2148 4118 2493 4184 traditione
2552 4119 2613 4182 ei
2668 4116 3038 4182 tribuuntur

652 4229 761 4297 sed
821 4228 1280 4294 addubitantur
1341 4250 1378 4295 6
1441 4227 1861 4313 quibusdam,
1926 4225 2096 4292 haud
2160 4245 2422 4311 prorsus
2482 4223 2639 4290 haec
2686 4243 2833 4289 11166
2880 4225 3036 4288 ratio

651 4333 1108 4403 contemnenda
1154 4334 1431 4400 videtur.
2452 4393 2461 4400 .

742 4443 874 4514 Nec
942 4447 1157 4506 tamen
1226 4441 1380 4506 11666
1449 4441 1751 4508 referrem
1814 4442 1941 4506 nisi
2003 4439 2326 4506 accederet
2386 4440 2453 4503 in
2517 4439 2743 4504 ceteris
2791 4457 3036 4523 quoque
