3246 5085
1291 356 1618 405 numius.
1836 332 1845 339 ’
2514 334 2643 402 107

378 524 532 604 265,
564 522 648 589 19
707 545 824 593 nec
869 529 1084 588 tamen
1131 542 1236 587 me
1280 522 1525 586 sinebat
1568 523 1823 585 animus
1862 540 2083 605 ungue
2128 517 2325 585 latius
2368 517 2654 583 indidem

271 631 524 717 digredi
587 631 697 696 sed
759 634 1047 696 intentus
1112 629 1274 709 (in)
1342 629 1491 695 deae
1537 631 1861 714 specimen
1905 629 2205 713 pristinos
2253 647 2434 692 casus
2482 647 2656 692 meos

266 738 654 803 recordabar.

355 842 456 908 Ita
502 865 566 909 v.
615 844 675 907 d.
716 840 889 908 Vliet
936 843 1154 907 scribit
1194 862 1342 906 cum
1382 840 1821 926 compluribus
1862 839 2234 905 editoribus.
2272 837 2647 905 Invenimus

265 956 487 1015 autem
525 948 661 1029 (38,
689 947 804 1029 25)
844 947 1250 1033 uigilandum
1295 953 1390 1013 est
1427 949 1663 1011 exertis
1701 952 1767 1011 et
1801 948 2118 1011 inconiuis
2158 944 2361 1009 oculis
2400 964 2653 1028 semper

263 1056 331 1119 in
380 1054 646 1120 cadaver
690 1056 991 1136 intentis;
1041 1058 1108 1118 at
1156 1052 1292 1131 (34,
1325 1050 1434 1132 18)
1473 1050 1719 1137 proelio
1762 1099 1776 1115 .
1807 1100 1821 1117 .
1853 1098 1867 1115 .
1912 1052 2312 1135 proximante
2349 1052 2655 1121 intentus,

264 1164 435 1225 sicut
481 1158 634 1237 268,
665 1158 750 1224 29
791 1162 1079 1224 intentus
1119 1161 1265 1222 miti
1305 1160 1551 1242 quiete;
1601 1178 1831 1223 verum
1880 1155 2148 1241 reliquis
2193 1154 2349 1221 locis
2392 1155 2659 1219 attentus

267 1287 420 1331 cum
459 1268 651 1331 tertio
689 1285 838 1331 casu
881 1266 1307 1330 construitur:
1351 1260 1486 1341 (17,
1517 1262 1631 1343 18)
1667 1262 1962 1347 aerugini
1984 1264 2305 1338 intentus;
2333 1260 2515 1340 (115,
2549 1260 2658 1341 11)

263 1374 654 1457 quaesitioni
686 1368 732 1448 ι)
771 1367 1107 1455 Cupidinis
1145 1372 1421 1446 intenta;
1464 1364 1647 1446 (257,
1676 1367 1743 1445 5)
1782 1370 2163 1453 magnisque
2200 1367 2489 1450 imperiis
2522 1366 2659 1430 eius

259 1480 531 1543 intenta.
596 1476 723 1541 Hic
794 1496 1044 1562 quoque
1108 1474 1364 1541 dativus
1411 1481 1477 1539 et
1524 1474 1777 1559 dignior
1823 1480 1888 1539 et
1936 1474 2145 1557 aptior
2189 1471 2477 1537 videtur:
2527 1468 2662 1535 noli

262 1587 484 1647 tamen
528 1603 677 1646 cum
716 1581 976 1646 Pricaeo
1015 1580 1232 1666 legere
1270 1578 1600 1661 specimini,
1642 1582 1845 1645 immo
1882 1570 2172 1661 specimen
2209 1579 2427 1661 potius
2464 1577 2659 1641 abun-

266 1689 405 1765 dat,
447 1708 596 1752 cum
633 1689 702 1751 in
742 1689 950 1772 priore
998 1688 1315 1751 sententia
1358 1683 1713 1771 legerimus
1758 1691 1878 1764 (vs.
1934 1681 2043 1762 17)
2091 1681 2471 1747 exosculatis
2516 1702 2656 1746 ues—

263 1795 446 1880 tigiis
494 1792 644 1857 deae
694 1796 797 1872 (cf.
849 1789 1002 1873 270,
1034 1791 1120 1871 6).
1161 1791 1478 1875 Interpres
1519 1792 1817 1875 quidam,
1858 1792 2096 1875 opinor,
2143 1808 2363 1853 vocem
2403 1787 2650 1853 addidit

264 1919 516 1963 memor
554 1896 706 1975 252,
741 1895 822 1961 13
864 1904 1218 1983 augustum
1257 1898 1579 1981 specimen
1619 1896 1769 1960 deae
1808 1896 2156 1980 praesentis
2198 1895 2398 1957 statui
2436 1892 2650 1977 depre-

261 2005 396 2069 cari
433 2024 485 2068 e.
514 2025 572 2088 q.
601 2024 631 2067 s
658 2051 674 2081 ,
717 2023 879 2087 quae
919 2003 1113 2067 verba
1151 2004 1471 2087 pertinent
1511 2000 1586 2066 ad
1632 2002 2120 2087 „praemicantis
2160 1998 2351 2063 lunae
2387 1997 2654 2064 candore

262 2112 468 2175 nimio
507 2107 903 2194 completum
946 2107 1206 2173 orbem''
1234 2106 1413 2192 (252,
1445 2106 1530 2187 3).
1573 2107 1799 2192 Itaque
1838 2106 2020 2172 edere
2062 2104 2321 2171 malim:
2362 2107 2650 2170 intentus

267 2214 418 2279 deae
469 2216 846 2298 [specimen]
896 2201 1196 2299 pristinos
1245 2233 1428 2277 casus
1477 2234 1655 2278 meos
1701 2212 2094 2277 recordabor.

359 2318 683 2383 Similiter
728 2318 974 2383 dictum
1019 2322 1116 2381 est
1162 2316 1362 2382 Tacit.
1410 2316 1581 2382 Hist.
1631 2316 1717 2380 IV
1757 2315 1845 2381 82
1902 2317 2111 2401 Atque
2167 2320 2277 2394 (sc.
2332 2312 2649 2398 templum

268 2422 718 2509 Vespasianus)
761 2424 1086 2508 ingressus
1132 2425 1545 2508 intentusque
1591 2424 1847 2487 numini
1892 2442 1945 2487 e.
1974 2442 2033 2506 q.
2061 2443 2110 2485 s.

336 2575 534 2634 265,22
555 2577 681 2640 fata
713 2578 803 2637 φῑ,
836 2578 887 2623 at
920 2577 987 2638 φ’
1027 2574 1220 2638 scripsit
1254 2591 1298 2622 m
1331 2591 1476 2640 supra
1509 2579 1530 2623 t
1565 2574 1825 2625 inductam.
1880 2575 1945 2624 22
1971 2589 2234 2638 pennarum
2266 2578 2319 2634 φ.

340 2657 454 2716 266,
475 2659 503 2706 5
536 2657 730 2722 adsatis
763 2657 826 2705 Β*
870 2660 921 2706 at
953 2661 1062 2723 post
1082 2658 1132 2721 f
1155 2672 1245 2706 scr.
1279 2659 1350 2705 est
1384 2671 1472 2722 per
1504 2657 1554 2706 d.

362 2786 516 2866 266,
545 2786 582 2851 5
657 2786 907 2851 Adfatis
975 2789 1189 2872 itaque
1257 2789 1334 2852 ex'
1404 2785 1607 2851 officio
1676 2783 1954 2870 singulis
2022 2786 2419 2867 narratisque
2490 2783 2652 2846 meis

259 2915 522 2976 propere
565 2897 629 2957 et
675 2895 963 2978 pristinis
1010 2895 1335 2958 aerumnis
1376 2898 1440 2956 et
1477 2892 1919 2976 praesentibus
1957 2889 2212 2975 gaudiis
2250 2909 2355 2954 me
2393 2907 2653 2951 rursum

276 2998 356 3064 ad
401 2998 552 3063 deae
597 3000 1047 3084 gratissimum
1093 2997 1259 3062 mihi
1303 2997 1503 3061 refero
1549 3002 1958 3081 conspectum
2006 3016 2058 3060 e.
2084 3015 2145 3080 q.
2172 3016 2221 3060 s.

365 3102 578 3171 Codex
625 3126 750 3170 non
796 3105 1055 3170 exhibet
1089 3125 1351 3186 propere
1395 3103 1505 3167 sed
1545 3107 1803 3167 tantum
1828 3123 1882 3182 av
1922 3108 2027 3181 (=·
2048 3105 2211 3187 pro).
2260 3099 2489 3165 Novak
2526 3097 2573 3162 l.
2600 3119 2655 3163 c.

272 3231 380 3297 pg.
428 3209 514 3276 70
560 3209 1035 3296 Kronenberg-ii
1080 3212 1546 3286 coniecturam,
1596 3229 1790 3292 quam
1840 3228 1903 3271 v.
1954 3208 2014 3273 d.
2068 3205 2243 3272 Vliet
2288 3209 2353 3270 in
2402 3211 2657 3271 textum

272 3319 529 3402 recepit,
551 3317 918 3401 improbans
942 3316 1262 3380 observat:
1290 3313 1495 3391 „nihil
1517 3314 1789 3399 impedit
1814 3316 2157 3399 quominus
2179 3311 2351 3376 lente
2372 3318 2434 3376 et
2454 3310 2659 3375 fusius

273 3422 553 3487 Lucium
591 3441 738 3486 suas
776 3422 1062 3486 fortunas
1096 3423 1452 3485 narravisse
1493 3419 2006 3484 existimemus.'’
2046 3417 2193 3482 Non
2232 3415 2557 3500 obloquor,
2595 3420 2663 3479 at

273 3533 530 3593 tantum
579 3548 706 3591 non
753 3533 997 3591 constat
1043 3526 1318 3590 Lucium
1364 3527 1585 3591 statim
1634 3527 2061 3590 narrationem
2104 3523 2451 3588 incohasse.
2498 3520 2664 3586 Scri-

273 3635 501 3698 bamus
565 3651 754 3718 ergo:
803 3635 1197 3717 narratisque
1247 3635 1407 3696 meis
1451 3631 1733 3713 protinus
1779 3638 1844 3694 et
1890 3631 2178 3716 pristinis
2224 3629 2547 3694 aerumnis
2594 3633 2659 3691 et

272 3739 714 3826 praesentibus
761 3737 1015 3823 gaudiis
1061 3758 1116 3802 e.
1144 3759 1203 3822 q.
1232 3759 1281 3802 s.

365 3845 786 3910 Manifestum
835 3849 930 3908 est
964 3842 1301 3909 librarium
1343 3849 1645 3928 sequente
1672 3841 1963 3924 pristinis
2003 3840 2341 3925 deceptum
2368 3841 2659 3904 omisisse

271 3952 681 4029 adverbium,
731 3971 856 4036 quo
903 3951 1173 4034 scriptor
1224 3955 1441 4015 noster
1489 3948 2003 4032 frequentissime
2053 3949 2280 4011 utitur.

341 4091 507 4151 266,6
531 4083 750 4156 ᾖσσκίίες
789 4090 850 4138 F·
883 4081 1101 4155 {centifi-
1137 4087 1201 4139 F*
1230 4082 1456 4154 fiunti&-
1491 4089 1555 4136 1¹⁸·
1595 4091 1671 4150 (ut
1699 4088 1816 4149 vid.)
1836 4086 2177 4152 ρνεεωιίίὂςφ.
2219 4087 2275 4134 11
2308 4084 2594 4151 ἱπσφαόἰὶἰε
2608 4092 2661 4147 φ.

277 4173 336 4223 11
385 4174 484 4224 Neo
528 4174 580 4224 F.
652 4173 715 4223 12
760 4173 865 4223 dies
908 4174 998 4235 φῑ,
1042 4177 1093 4222 at
1138 4171 1194 4220 di
1247 4174 1535 4237 expunctum
1573 4175 1645 4219 est
1679 4185 1708 4218 a
1744 4185 1806 4218 m.
1828 4185 1869 4219 r.
1904 4172 1952 4218 et
1987 4169 2063 4234 (in
2101 4168 2276 4232 marg.)
2312 4183 2434 4217 corr.
2474 4167 2524 4218 in
2560 4167 2659 4232 qui.

275 4257 337 4305 18
373 4255 550 4305 einana
588 4258 664 4316 (ut
699 4255 814 4317 vid.)
847 4257 912 4317 ψι
952 4271 996 4318 ey
1036 4269 1135 4303 una
1166 4254 1288 4315 Ἐφ’.
1347 4254 1413 4303 25
1450 4251 1657 4301 thesazia
1689 4256 1744 4312 φ.

347 4461 403 4526 1)
441 4461 518 4510 ιω
554 4458 720 4510 scribit
753 4458 893 4509 Iahn.
