3246 5085
1327 335 1647 386 nonnus.
2544 317 2675 384 235

374 498 536 567 Ibid.
579 497 665 566 37
727 500 859 566 Τ11.
899 501 1220 588 Equidem
1258 501 1364 588 pol
1405 505 1472 567 in
1512 523 1656 568 eam
1695 509 1945 588 partem
1991 503 2358 588 accipioque
2397 509 2461 567 et
2498 501 2670 570 vole.

277 604 412 672 Ch.
461 606 672 672 Immo
717 609 840 686 ita,
891 627 1146 693 quaese.
1196 607 1416 673 Unum
1461 609 1580 674 hoc
1626 611 1787 676 scito
1832 613 1979 674 cett.

369 712 532 779 Don.
597 712 694 795 (1)
753 713 988 779 Utrum
1039 701 1574 782 meretricem
1623 719 1779 796 (1.0.
1828 721 1916 796 te)
1965 735 2043 780 an
2093 714 2281 780 deos
2327 712 2673 800 quaeso?

273 818 645 904 Utrumque
707 822 881 885 enim
944 823 1147 908 accipi
1208 826 1438 908 potest.
1577 821 1698 888 Ed.
1767 821 1867 903 (2)
1930 823 2032 886 An
2098 823 2416 907 „quaeso”
2466 844 2673 888 unum

278 924 400 990 hoc
447 922 656 1008 scito?

365 1031 562 1098 Recte
623 1031 912 1099 Fabia:
979 1033 1175 1100 Thais
1238 1055 1276 1100 a
1337 1033 1625 1120 repondu
1674 1041 1815 1122 trop
1864 1034 2247 1101 froidement
2294 1055 2377 1100 au
2423 1035 2539 1122 gre
2586 1034 2664 1100 de

273 1136 596 1205 Chaerea:
643 1139 696 1206 11
740 1142 984 1206 insiste.
1124 1140 1331 1229 Ergo:
1383 1151 1492 1219 „te
1539 1143 1840 1227 quaeso”.

367 1244 530 1311 Ibid.
580 1244 666 1312 39
693 1267 786 1331 sq.
837 1243 1286 1314 Contumeliae
1331 1267 1456 1312 non
1505 1269 1611 1312 me
1656 1249 1880 1314 fecisse
1926 1268 2137 1326 causa,
2184 1247 2295 1313 sed
2340 1249 2600 1314 amoris.

642 1352 780 1418 Ph.
828 1352 974 1419 Scio
994 1401 1012 1432 ‚
1061 1361 1127 1420 et
1172 1354 1280 1440 pol
1325 1360 1661 1440 propterea
1709 1357 1923 1440 magis
1966 1375 2135 1420 nunc
2181 1356 2444 1440 ignosco
2492 1354 2615 1419 tibi

371 1458 472 1524 Ad
511 1459 600 1526 40
641 1459 870 1538 ,,Ν11110
906 1463 1043 1547 ign.
1083 1462 1176 1526 t.''
1219 1461 1390 1547 quod
1430 1459 1619 1546 culpa
1654 1482 1779 1526 non
1818 1463 1905 1526 sit
1944 1461 2223 1525 hominis
2261 1460 2371 1525 sed
2410 1461 2672 1526 amoris.

276 1566 385 1633 Sic
429 1565 546 1632 Ed.
597 1565 948 1632 secundum
993 1565 1188 1634 schol.
1235 1588 1430 1634 suum
1482 1565 1570 1632 36
1595 1567 1711 1648 (2).

368 1671 530 1738 Ibid.
579 1673 661 1738 41
734 1673 880 1740 Non
925 1673 1081 1740 adeo
1127 1675 1482 1740 inhumano
1529 1676 1793 1760 ingenio
1843 1694 2026 1752 sum,
2075 1670 2359 1740 Chaerea

732 1778 955 1864 Neque
999 1788 1132 1845 tam
1168 1782 1472 1866 imperita
1491 1829 1506 1858 ,
1549 1786 1625 1846 ut
1662 1779 1816 1866 quid
1856 1800 2033 1846 amor
2072 1778 2283 1846 valeat
2321 1780 2602 1843 nesciam

371 1885 468 1965 (1)
518 1885 702 1964 „Nou
747 1887 1142 1951 inhumano’'
1194 1889 1344 1971 quia
1392 1886 1619 1964 homo,
1672 1907 1843 1964 „non
1889 1885 2234 1970 imperita’'
2284 1886 2437 1970 quia
2474 1904 2673 1949 mere-

283 1994 439 2057 trix.
579 1991 675 2073 (2)
741 1991 1006 2077 „Neque
1065 1999 1202 2058 tam
1261 1992 1635 2079 imperita”,
1682 1994 1929 2078 inquit,
1968 1981 2163 2078 'quasi
2211 1991 2415 2056 dicat:
2466 2010 2673 2075 neque

282 2104 417 2163 tam
467 2098 698 2185 pudica
743 2117 889 2163 sum
908 2148 925 2178 ‚
971 2106 1043 2164 ut
1090 2099 1244 2184 quid
1291 2119 1471 2165 amor
1516 2099 1728 2165 valeat
1773 2101 2071 2164 nesciam.
2258 2095 2671 2164 Alterutrum

277 2203 780 2291 interpolatum:
830 2204 1032 2283 illud,
1076 2205 1282 2272 crede.
1746 2191 1754 2198 ’

369 2312 532 2379 Ibid.
584 2311 672 2378 45
742 2312 880 2399 Py.
929 2311 1112 2379 Nihil
1159 2313 1280 2377 tibi
1326 2315 1673 2398 quicquam
1720 2312 1905 2379 credo

372 2419 534 2485 Don.
599 2419 698 2498 (3)
764 2417 988 2497 ,,Ν11111
1047 2420 1434 2505 quicquam”
1501 2419 1805 2499 παρέλκειν
1840 2419 1889 2502 ¹)
1936 2424 2261 2503 quartum.
2400 2415 2518 2483 Ed.
2569 2416 2667 2497 (4)

279 2526 416 2592 Aut
463 2525 714 2603 „nihil”
764 2549 879 2614 pro
925 2548 1099 2594 non.

370 2630 530 2698 Ibid.
584 2631 660 2699 61
739 2633 874 2719 Py.
925 2631 1167 2699 Parum
1214 2635 1609 2718 perspexisse
1653 2635 1793 2698 eius
1839 2632 2056 2699 videre
2101 2632 2435 2698 audaciam

368 2739 530 2806 Don.
591 2740 692 2821 (1)
751 2739 989 2826 Ironia,
1022 2746 1120 2806 est
1170 2740 1506 2825 „parum”.
1647 2739 2049 2805 Additicium
2094 2739 2353 2805 videtur
2396 2737 2530 2818 (2);
2580 2736 2667 2801 Et

275 2868 404 2912 non
446 2848 796 2925 „sensisse”
836 2846 948 2913 sed.
988 2845 1471 2935 „perspexisse”
1514 2845 1716 2924 dixit,
1758 2853 1833 2912 ut
1855 2848 1986 2911 iam
2012 2865 2137 2910 non
2162 2848 2249 2910 sit
2268 2843 2669 2930 experienda,

277 2973 444 3039 quae
487 2956 574 3020 sit
619 2953 896 3039 perfecte
943 2955 1223 3039 cognita.

370 3060 534 3126 Ibid.
584 3059 670 3126 68
692 3060 790 3141 (2)
837 3059 996 3127 Vide
1042 3080 1238 3145 supra
1289 3080 1352 3145 p.
1409 3056 1490 3125 19
1517 3081 1610 3145 sq.

367 3166 532 3233 Ibid.
582 3165 668 3232 69
693 3166 791 3247 (2)
844 3164 1085 3252 „Virgo
1148 3166 1340 3232 vero”
1411 3185 1560 3231 vero
1623 3166 1952 3243 εἰρωνικῶς.
2104 3164 2201 3246 (3)
2248 3164 2417 3229 Nam
2462 3164 2668 3229 ironia

275 3280 410 3351 est,
475 3281 549 3339 ut
615 3276 989 3360 „egregiam
1055 3294 1202 3339 vero
1262 3271 1564 3338 laudem”
1615 3271 1833 3359 (Verg.
1886 3269 1973 3337 IV
2022 3271 2157 3353 93).
2207 3270 2505 3357 Sumpsit
2549 3269 2669 3334 hoc

273 3401 314 3447 a
354 3379 602 3445 Donato
639 3380 720 3445 ad
759 3400 854 3445 vs,
896 3378 1004 3445 55.
1142 3378 1382 3445 Miram
1420 3378 1983 3464 interpolationem
2020 3382 2153 3444 iam
2178 3377 2665 3444 Wessnerus

271 3488 526 3553 notavit
569 3489 638 3551 in
680 3486 811 3567 (4):
860 3484 1282 3552 Manifestum
1327 3492 1424 3552 est
1471 3506 1586 3551 cur
1632 3488 1940 3551 meretrix
1986 3485 2172 3552 docta
2206 3484 2663 3571 capiendorum

273 3613 455 3659 more
509 3595 824 3659 iuvenum
873 3595 1116 3679 praeire
1161 3591 1324 3659 velit
1369 3590 1753 3660 Chaeream:
1804 3600 1880 3657 ut
1924 3595 1993 3658 in
2038 3591 2479 3678 consequendo
2523 3592 2664 3675 ipsa

273 3702 364 3765 sit
411 3698 648 3766 tardior
665 3720 682 3779 3
733 3698 880 3766 vult
925 3701 1101 3764 enim
1147 3698 1248 3764 illi
1293 3696 1574 3764 liberum
1620 3702 1757 3769 sine
1797 3701 2056 3766 arbitris
2092 3719 2241 3764 cum
2281 3696 2496 3784 puella
2532 3716 2667 3761 esse

276 3804 672 3890 colloquium
712 3810 778 3871 et
814 3803 1074 3871 licitum
1113 3825 1430 3884 amorem;
1467 3842 1553 3853 —
1590 3808 1715 3870 nisi
1756 3806 1916 3872 forte
1952 3810 2259 3891 putamus
2298 3803 2671 3869 Terentium

277 3912 438 3977 haec
497 3913 632 3976 sine
691 3931 884 3977 causa
945 3911 1200 3989 fecisse,
1265 3912 1377 3996 qui
1439 3913 1525 3976 sit
1572 3911 2079 3978 artificiossimus
2124 3917 2332 3997 poeta.
2386 3946 2469 3959 —
2515 3930 2669 3975 nam

275 4038 484 4103 neque
525 4020 668 4103 ipsa
711 4018 1076 4104 ingreditur
1119 4039 1270 4083 cum
1315 4016 1596 4085 Chaerea
1635 4039 1843 4104 neque
1880 4018 2135 4106 ingredi
2175 4016 2373 4083 simul
2413 4019 2671 4104 permit·
2737 4104 2746 4112 .

341 4296 396 4359 1)
445 4293 524 4343 Sic
575 4295 790 4343 Donatus
841 4292 1034 4343 centies.
1087 4292 1160 4343 Cf.
1215 4293 1341 4343 And.
1385 4292 1412 4343 1
1461 4294 1500 4341 1.
1520 4290 1603 4342 28.
1626 4293 1710 4353 63,
1756 4293 2007 4353 2.3o.84‚
2043 4294 2190 4347 5.56.
2244 4293 2368 4344 Eun.
2405 4293 2478 4343 1v
2512 4294 2665 4345 4.68.

273 4377 316 4425 V
365 4376 515 4437 24⁵,
550 4378 596 4425 8.
616 4376 663 4425 2.
716 4377 786 4425 Ad
833 4374 914 4423 111
951 4376 997 4425 2.
1018 4376 1066 4435 8,
1101 4378 1147 4425 3.
1169 4375 1248 4425 12.
1267 4376 1350 4425 28.
1404 4375 1470 4426 1v
1526 4376 1675 4426 1212.
1722 4374 1764 4422 V
1801 4376 1911 4426 5.6.
1968 4376 2083 4426 Hec.
2121 4376 2147 4426 1
2188 4378 2230 4426 1.
2253 4377 2332 4426 10.
2357 4376 2437 4434 56,
2472 4378 2518 4427 2.
2542 4376 2654 4426 110.

272 4459 353 4511 m
389 4461 538 4511 3.40.
577 4456 612 4507 V
651 4460 696 4511 1.
717 4460 795 4509 18.
831 4457 953 4511 Pho.
989 4458 1014 4507 1
1050 4458 1096 4509 2.
1118 4458 1399 4511 susam.
1434 4460 1579 4510 830.
1614 4458 1667 4508 11
1701 4458 1748 4509 2.
1772 4460 1851 4509 18.
