3246 5085
648 346 799 427 ’116
1706 366 2011 419 ransom.

665 533 1111 599 Atellanarum
1172 534 1511 599 histriones
1576 554 1716 599 eam
1781 536 2096 620 egissent,
2161 536 2272 619 qui
2333 535 2466 598 iam
2526 531 2675 596 inde
2733 550 2771 595 a
2831 532 3056 616 prima

660 642 910 724 origine
970 641 1166 705 huius
1226 638 1591 705 fabularum
1653 641 1909 725 generis
1957 678 2042 687 —
2089 638 2156 703 id
2204 642 2378 704 enim
2423 644 2522 703 est
2569 636 2912 723 „proprie”
2967 671 3060 684 —

663 746 1073 831 „personati”
1112 748 1179 809 in
1221 765 1511 811 scaenam
1549 746 1873 832 prodirent
1904 746 1972 825 ¹).
2021 746 2188 812 Nam
2229 743 2562 812 comoedos
2601 750 2667 808 et
2705 741 3056 828 tragoedos

661 852 891 918 multis
937 852 1201 917 demum
1247 854 1428 918 annis
1473 859 1617 937 post
1669 852 2038 937 „personis”
2086 855 2186 917 uti
2233 853 2533 937 coepisse.

751 958 1333 1044 Quotienscumque
1380 958 1553 1023 Festi
1602 959 1800 1024 verba
1844 957 2139 1045 perlego,
2189 959 2356 1022 mihi
2403 958 2478 1022 de
2525 955 2754 1033 larvis,
2805 975 2932 1021 non
2977 952 3059 1018 de

660 1085 813 1130 zona
874 1064 1134 1131 videtur
1196 1086 1403 1131 sermo
1466 1085 1638 1143 esse,
1705 1084 1858 1129 nam
1905 1070 1978 1129 ut
2023 1081 2170 1129 ante
2218 1066 2432 1129 omnia
2478 1083 2676 1127 uuam
2727 1082 2866 1126 rem
2912 1081 3061 1145 pre-

657 1192 867 1249 mam,
932 1174 1087 1235 satis
1134 1192 1212 1236 ex
1258 1173 1374 1249 iis,
1425 1182 1584 1256 quae
1633 1168 1855 1237 Cicero
1902 1169 2190 1235 Donatus
2235 1169 2578 1235 Diomedes
2624 1167 2805 1233 nobis
2849 1166 3058 1231 tradi-

655 1276 886 1341 derunt
912 1275 983 1357 ²),
1032 1283 1281 1342 constat
1328 1276 1661 1342 comoedos
1707 1276 1854 1342 illos
1903 1282 1969 1342 et
2015 1276 2351 1364 tragoedos
2398 1275 2624 1340 multis
2671 1274 2850 1338 annis
2899 1278 3056 1358 post

652 1382 883 1447 Naevii
944 1388 1223 1447 aetatem
1283 1402 1407 1446 non
1471 1380 1755 1466 cingulis
1819 1380 1925 1446 vel
1986 1403 2155 1446 novo
2202 1380 2481 1467 quodam
2525 1399 2758 1465 genere
2805 1381 3053 1455 vestis,

654 1486 764 1552 sed
822 1486 1022 1552 larvis
1081 1490 1182 1552 uti
1244 1489 1544 1572 coepisse.
1613 1488 1826 1572 Atque
1888 1507 2015 1572 quo
2077 1486 2268 1552 modo
2325 1485 2604 1552 Atellani
2651 1490 2852 1550 certas
2899 1482 3056 1548 illas

655 1598 866 1677 partes
929 1592 1138 1657 Macci
1198 1592 1509 1658 Bucconis
1556 1593 1762 1679 Pappi
1809 1592 2122 1658 Dossenni
2165 1600 2233 1659 et
2277 1593 2652 1678 praesertim
2698 1588 3054 1667 Manduci,

649 1701 835 1763 cuius
914 1719 1255 1783 „personae
1314 1697 1613 1784 pallentis
1676 1699 1931 1763 hiatum
1994 1701 2064 1762 in
2124 1702 2375 1785 gremio
2447 1698 2676 1763 matris
2740 1694 3055 1761 formidat

654 1806 934 1868 rusticus
979 1802 1231 1868 infans”
1260 1802 1329 1884 ³),
1379 1825 1539 1888 quae
1585 1810 1799 1889 partes
1849 1808 2058 1891 primo
2097 1810 2356 1889 aspectu
2397 1788 2698 1868 omnibus
2737 1807 3056 1887 spectato-

654 1909 833 1973 ribus
894 1908 1266 1973 manifestae
1326 1929 1461 1973 esse
1526 1915 1591 1973 et
1651 1910 1729 1974 ab
1793 1911 1874 1974 iis
1935 1912 2196 1996 agnosci
2259 1931 2440 1995 posse
2502 1907 2848 1985 debebant,
2919 1927 3051 1991 quo

658 2014 885 2090 modo,
968 2016 1264 2099 inquam,
1332 2015 1676 2080 histriones
1735 2013 1834 2079 illi
1897 2036 2000 2081 eas
2065 2036 2255 2102 agere
2317 2019 2702 2101 potuerunt,
2773 2015 2901 2077 nisi
2967 2014 3051 2079 ab

655 2121 844 2186 initio
882 2122 1154 2204 propriis
1194 2119 1393 2184 larvis
1430 2122 1728 2206 insigniti
1765 2118 2073 2187 fuissent?
2113 2120 2336 2206 Itaque
2375 2142 2581 2205 neque
2604 2117 3050 2202 „personatu”

657 2246 863 2310 neque
912 2225 1239 2311 „(sabulc1)
1266 2226 1636 2307 personata”
1679 2246 1884 2312 neque
1928 2228 2275 2309 „personati
2315 2225 2678 2290 histrionee”
2707 2223 3052 2305 (Atellani)

658 2330 1009 2416 quidquam
1067 2352 1407 2396 commune
1467 2332 1700 2396 habere
1761 2335 2062 2397 existimo
2123 2354 2273 2398 cum
2335 2330 2646 2397 vocabulo
2695 2326 2881 2409 ζώνη,
2933 2328 3050 2393 sed

658 2438 873 2502 omnia
935 2456 1081 2500 cum
1134 2459 1400 2517 persona
1458 2441 1563 2515 (=
1597 2437 1990 2519 „masker”),
2056 2459 2128 2504 eo
2190 2459 2377 2503 sensu
2424 2440 2536 2521 qui
2585 2436 2790 2501 adhuc
2838 2434 3050 2521 vulgo

658 2542 811 2608 huic
858 2545 1000 2609 voci
1046 2542 1328 2607 tributus
1374 2550 1498 2622 est,
1550 2544 1882 2609 cohaerere
1931 2544 2093 2608 mihi
2139 2565 2515 2630 persuasum
2563 2548 2680 2608 est.

792 2648 1015 2733 Neque
1062 2653 1275 2714 tamen
1322 2648 1588 2714 Festum
1636 2670 1855 2714 veram
1901 2670 2159 2715 causam
2207 2651 2599 2735 perspexisse
2640 2646 3048 2724 crediderim,

658 2775 773 2819 cur
820 2753 1104 2820 Naevius
1150 2753 1435 2820 fabulam
1484 2775 1669 2819 suam
1713 2755 2143 2832 „Personata”
2185 2739 2633 2841 inscripsisset.
2681 2751 2828 2818 Non
2868 2755 3051 2818 enim

658 2862 795 2925 veri
857 2858 1071 2925 simile
1132 2866 1230 2925 est
1282 2867 1522 2926 actores
1571 2859 1902 2925 Atellanos
1949 2861 2195 2927 Naevio
2242 2881 2497 2946 operam
2546 2880 2731 2925 suam
2778 2862 3050 2944 praesti-

654 2968 845 3042 tisse,
894 2964 998 3031 vel
1045 2966 1213 3050 quod
1258 2973 1437 3031 erant
1484 2964 1922 3031 adulescentes
1969 2964 2248 3044 nobileS,
2299 2969 2412 3052 qui
2453 2969 2521 3029 in
2569 2964 2705 3030 sola
2743 2963 3049 3030 Atellana

657 3079 868 3156 partes
914 3072 1188 3157 agebant
1237 3093 1441 3157 neque
1487 3070 1614 3137 alio
1661 3092 1848 3156 opere
1896 3071 2263 3137 histrionali
2309 3092 2376 3136 se
2420 3070 2791 3156 polluebant
2815 3069 2890 3148 ⁴),
2941 3069 3052 3134 vel

657 3177 826 3263 quod
871 3197 1090 3242 eorum
1136 3177 1350 3242 larvae
1392 3178 1678 3262 partibus
1718 3178 2078 3242 comoediae
2114 3177 2474 3242 Naevianae
2512 3178 2781 3241 minime
2823 3196 3051 3241 conve·

654 3282 933 3346 niebant.
989 3280 1221 3345 Malim
1264 3284 1472 3368 igitur
1509 3288 1734 3367 putare
1773 3303 2002 3348 nomen
2052 3283 2480 3361 „Personata”
2519 3281 2751 3346 idcirco
2788 3280 3050 3346 fabulae

653 3387 935 3452 inditum
997 3407 1166 3463 esse,
1235 3390 1383 3472 quia
1444 3408 1568 3452 una
1633 3393 1887 3453 tantum
1935 3389 2152 3452 mulier
2198 3395 2532 3474 personata
2578 3391 2644 3452 in
2693 3407 2766 3453 ea
2811 3388 3050 3473 agebat

654 3495 881 3558 ceteris
919 3493 1341 3557 histrionibus
1381 3513 1486 3558 ore
1524 3515 1650 3558 non
1691 3500 1890 3572 tecte,
1933 3501 2008 3560 ut
2047 3500 2200 3560 tunc
2233 3493 2370 3560 fieri
2393 3493 2655 3571 solebat,
2679 3492 3046 3578 agentibus.

745 3672 984 3737 Verum
1024 3677 1147 3738 etsi
1185 3673 1559 3738 Stowasseri
1595 3677 1960 3759 opinionem
1984 3677 2204 3752 reici0,
2237 3682 2454 3741 tamen
2479 3695 2682 3760 neque
2705 3674 2783 3739 ad
2808 3695 3044 3740 eorum

653 3782 1072 3856 sententiam,
1137 3783 1247 3864 qui
1296 3802 1559 3862 persona
1623 3801 1659 3844 a
1723 3781 1917 3846 verbo
1978 3781 2354 3866 personandi
2409 3781 2677 3845 ductum
2723 3779 3042 3844 arbitran-

654 3891 781 3960 tur,
845 3905 1046 3970 neque
1103 3884 1181 3949 ad
1230 3883 1534 3962 illorum,
1588 3889 1701 3970 qui
1748 3885 1814 3949 id
1862 3885 2251 3952 vocabulum
2301 3907 2376 3950 ex
2427 3883 2670 3950 Graeco
2720 3883 3046 3962 πρόσωπον

652 3991 1075 4078 depravatum
1116 3997 1403 4070 censent,
1446 3993 1691 4056 acced0.
1742 3991 1908 4056 Nam
1951 3990 2138 4056 alteri
2175 3989 2606 4077 etymologiae
2645 3988 2862 4054 littera
2898 4011 2932 4052 o
2976 3993 3045 4054 in

640 4109 904 4180 persona
950 4098 1257 4183 producta
1302 4099 1545 4174 obstat,
1596 4095 1799 4161 altera
1845 4097 2168 4182 probanda
2208 4119 2332 4163 non
2371 4103 2500 4174 est,
2545 4099 2694 4181 quia
2734 4094 3049 4179 explicari

651 4207 910 4288 nequit,
973 4223 1098 4287 qua
1159 4206 1400 4268 ratione
1464 4203 1820 4287 quibusque
1882 4199 2134 4289 legibus
2181 4224 2484 4268 sonorum
2531 4201 2910 4266 mutationis
2961 4221 3044 4266 ex

723 4401 776 4463 1)
812 4401 886 4448 Cf.
919 4403 1085 4448 Scaea.
1116 4401 1251 4450 Rom.
1288 4417 1334 4465 p.
1372 4402 1453 4449 88.
1574 4361 1581 4370 ι
2021 4399 2078 4460 2)
2111 4399 2183 4447 Cf.
2221 4399 2382 4446 Scaea.
2421 4397 2558 4446 Rom.
2588 4412 2634 4461 p.
2673 4392 2888 4446 33-41.

722 4483 777 4546 a)
812 4481 913 4531 1uv.
950 4481 1029 4530 111
1070 4481 1349 4533 175-176.
2017 4481 2074 4545 4)
2111 4479 2210 4528 mv.
2255 4478 2348 4526 v11
2385 4481 2436 4538 2,
2468 4481 2502 4527 4
2535 4493 2635 4541 sqq.
