3246 5085
1275 343 1649 392 rumorum.
2515 325 2643 395 1¹77

267 505 657 587 βιαζομένοις
681 556 698 587 ,
762 506 1012 578 τούτους
1078 507 1368 575 δύνασθαι
1434 509 1576 588 πρὸς
1645 505 1793 588 ὕδωρ
1841 510 2089 588 σμικρὸν
2135 508 2379 588 διδάξαι
2427 510 2645 582 ἱκανῶς

268 619 388 676 τῶν
446 612 788 691 γενομένων
845 616 952 688 τὴν
1011 615 1301 690 ἀλήθειαν
1319 635 1336 694 ;
1409 612 1876 680 Stallbaumius
1936 634 2139 701 quum
2200 617 2337 701 ipse
2400 637 2648 703 quoque

264 718 519 784 videret
564 719 718 785 haec
764 719 987 787 idoneo
1035 741 1223 786 sensu
1272 719 1582 786 destituta
1627 740 1762 786 esse
1780 769 1797 800 ,
1845 742 1881 786 e
1928 720 2349 788 deterioribus
2398 723 2656 807 quibus-

269 823 419 889 dam
461 823 804 891 Oodicibus
841 829 1146 892 assumsit
1185 825 1419 900 τούτοις
1456 847 1570 913 pro
1609 827 1857 898 τούτους
1874 847 1889 864 ·
1924 833 2019 892 est
2040 825 2156 893 illa
2179 827 2437 913 quidem
2459 826 2651 894 lectio

268 929 462 1017 paulo
522 929 938 1011 tolerabilior,
987 932 1096 998 sed
1159 939 1376 999 tamen
1423 935 1548 998 nisi
1589 931 1795 1012 decies
1840 932 2064 999 eodem
2110 936 2453 1000 recurreris
2472 983 2489 1014 ,
2538 937 2653 1000 vix

269 1039 624 1122 assequeris
691 1037 846 1124 quid
910 1037 1098 1105 Plato
1157 1039 1284 1104 sibi
1344 1037 1524 1104 velit.
1588 1038 1857 1124 Nempe,
1920 1037 2347 1105 Stallbaumio
2405 1038 2651 1120 iudice,

273 1145 508 1214 τούτοις
570 1145 852 1230 pertinet
911 1144 990 1209 ad
1047 1151 1165 1209 τῶν
1225 1144 1582 1223 γενομένων,
1634 1143 1860 1230 quodsi
1905 1164 2138 1210 verum
2186 1144 2547 1223 videbitur,
2578 1149 2655 1210 'ut

273 1249 568 1314 animum
610 1247 924 1327 oblectes,
973 1248 1185 1316 multo
1230 1253 1354 1315 erit
1391 1248 1713 1316 difficilius
1754 1247 2075 1316 Graecum
2114 1252 2486 1336 scriptorem
2527 1271 2655 1317 uno

273 1359 489 1420 tenore
536 1353 863 1442 perlegere
883 1404 901 1434 ,
949 1376 1142 1442 quam
1189 1357 1520 1442 hucusque
1566 1356 1972 1442 putabamus.
2021 1353 2146 1421 Sed
2193 1356 2395 1422 scribe
2436 1357 2501 1421 εἰ
2542 1378 2655 1444 pro

272 1484 301 1524 ο
321 1455 394 1532 ἷς
414 1482 429 1497 ·
475 1460 727 1527 tantula
771 1463 1047 1527 mutatio
1092 1462 1436 1528 obscurum
1481 1460 1697 1527 locum
1742 1464 1836 1527 ita
1882 1461 2209 1546 expediet,
2256 1466 2335 1527 nt
2378 1484 2459 1529 ne
2497 1482 2656 1548 puer

275 1565 537 1650 quidem
595 1566 852 1632 haerere
899 1569 1118 1653 possit.
1167 1566 1311 1633 Hoc
1358 1573 1684 1653 praeterea
1724 1565 2141 1645 lucrabimur,
2188 1570 2428 1633 servari
2473 1588 2658 1653 posse

275 1681 342 1736 et
411 1671 635 1737 debere
703 1672 986 1752 τούτους,
1055 1693 1260 1759 neque
1331 1661 1640 1760 co'gemur
1699 1671 1958 1738 aliunde
2021 1672 2252 1746 τούτοις
2315 1694 2615 1760 reponere
2637 1721 2654 1752 ,

274 1797 438 1862 quae
481 1776 734 1843 librarii
779 1779 1114 1845 cuiusdam
1158 1781 1522 1853 coniectura
1569 1783 1689 1844 est.

1201 1905 1226 1979 (
1237 1900 1649 1964 Continuabun
1654 1904 1779 1980 tar)
1786 1945 1801 1964 .

968 2298 1302 2346 'rnnm'run
1345 2295 1536 2345 Vnae.
1584 2296 1726 2344 non.
1778 2278 1839 2346 6.
1866 2279 1991 2348 21..

365 2463 662 2532 Chromis
707 2469 772 2529 et
817 2463 1172 2553 Mnasyllos
1217 2463 1510 2531 Silenum
1559 2466 1711 2529 vino
1760 2483 2110 2549 somnoque
2155 2462 2483 2551 sepultum
2523 2467 2659 2532 vin·

273 2570 441 2638 culis
485 2592 565 2638 ex
612 2574 796 2637 sertis
841 2571 1026 2637 factis
1072 2574 1419 2636 vinxerunt
1436 2618 1453 2649 ‚
1501 2592 1626 2656 quo
1674 2570 1841 2635 facto
1886 2569 2090 2655 Aegle
2137 2569 2397 2637 advenit

1743 2678 2005 2761 iamque
2050 2675 2295 2742 videnti

639 2784 1008 2870 sanguineis
1051 2782 1328 2847 frontem
1375 2782 1573 2847 moris
1619 2784 1685 2846 et
1730 2786 2019 2867 tempora
2065 2784 2301 2869 pingit.

273 2890 538 2957 Servius
581 2889 813 2953 videnti
860 2886 1136 2975 explicat
1183 2886 1522 2974 'vigilanti'
1565 2907 1771 2971 neque
1811 2886 2000 2953 aliter
2036 2886 2325 2953 Donatus
2362 2889 2469 2968 (ad
2510 2888 2654 2954 Ter.

277 2996 445 3062 Eun.
504 3015 602 3061 vs.
651 2994 764 3076 73)
821 2993 1040 3060 locum
1099 2992 1438 3059 intellexit.
1503 2992 1671 3059 Cum
1720 2996 1937 3058 tamen
1984 2995 2125 3057 eius
2170 2994 2657 3079 significationis

279 3104 489 3168 desint
547 3099 842 3186 exempla
898 3120 1105 3185 neque
1163 3101 1450 3187 iocosum
1496 3097 1814 3175 videatur,
1862 3100 2004 3164 viro
2049 3096 2355 3183 vigilanti
2402 3119 2473 3165 ac
2519 3101 2658 3166 vin·

279 3207 445 3275 culis
505 3208 846 3274 constricto
908 3203 1148 3272 colores
1207 3203 1538 3281 inducere,
1587 3201 1875 3289 leporem
1919 3224 2072 3269 vero
2116 3206 2185 3268 in
2232 3224 2305 3269 eo
2352 3224 2487 3269 esse
2533 3226 2659 3270 cre-

275 3314 461 3391 dam,
529 3318 608 3377 ut
673 3310 929 3377 Silenus
991 3310 1475 3396 expergefactus
1539 3306 1738 3374 simul
1798 3310 2092 3374 vinctum
2154 3310 2529 3396 pict-nmque
2591 3332 2657 3377 se

274 3420 545 3496 sentiat,
610 3416 913 3483 traditam
973 3415 1318 3481 lectionem
1381 3420 1747 3501 corruptam
1793 3420 1953 3501 puto
2000 3435 2204 3500 neque
2251 3418 2378 3482 scio
2424 3438 2503 3482 an
2541 3438 2657 3503 pro

273 3522 508 3588 videnti
575 3521 978 3587 scribendum
1050 3524 1170 3585 sit:
1241 3520 1495 3598 rubenti,
1568 3522 1707 3586 sive
1778 3520 1968 3585 deum
2028 3522 2179 3586 vino
2238 3522 2371 3585 iam
2429 3524 2657 3588 rubere

276 3636 466 3716 poeta
495 3625 706 3694 voluit
744 3633 966 3712 utpote
1009 3624 1350 3703 „inflatum
1389 3627 1686 3691 hesterno
1716 3645 1941 3704 venas,
1982 3630 2057 3691 ut
2093 3647 2363 3712 semper,
2386 3626 2654 3693 Iaccho”

275 3742 399 3818 (vs.
453 3734 584 3815 15),
647 3736 787 3798 sive
848 3753 916 3797 os
978 3730 1410 3797 rubicundum
1472 3730 1673 3795 Sileni
1732 3734 2066 3818 proprium
2124 3751 2258 3796 esse
2306 3734 2653 3819 cogitavit,

273 3842 577 3927 quoniam
624 3845 690 3903 et
735 3836 1014 3903 aliorum
1061 3836 1324 3903 deorum
1372 3834 1719 3902 simulacra
1765 3842 1830 3901 et
1873 3839 2257 3902 rusticorum
2298 3840 2654 3924 praecipue,

279 3956 354 4013 ut
413 3946 690 4022 videtur,
756 3945 958 4009 minio
1018 3941 1190 4008 illini
1251 3942 1562 4021 solebant,
1628 3942 1705 4007 de
1768 3963 1893 4027 qua
1938 3964 2008 4008 re
2051 3943 2128 4008 cf.
2175 3942 2351 4010 Plut.
2400 3944 2652 4025 Quaest.

274 4052 466 4118 Rom.
517 4050 625 4129 98,
674 4049 843 4115 Plin.
890 4049 970 4115 N.
998 4048 1084 4113 H.
1136 4046 1242 4114 33.
1274 4047 1398 4113 111
1452 4069 1567 4114 nec
1612 4070 1739 4114 non
1786 4048 1923 4113 Ecl.
1977 4047 2082 4113 10.
2110 4048 2197 4113 26
2239 4068 2364 4134 sq.:

637 4156 771 4221 Pan
819 4155 974 4220 deus
1017 4154 1323 4220 Arcadiae
1367 4157 1574 4234 venit,
1626 4176 1819 4241 quem
1863 4154 2153 4220 vidimus
2199 4155 2326 4240 ipsi

633 4262 1002 4348 sanguineis
1050 4260 1224 4327 ebuli
1268 4261 1441 4326 bacis
1489 4262 1818 4346 minioque
1864 4262 2226 4328 rubentem.

2224 4366 2297 4431 P.
2346 4365 2432 4432 H.
2481 4366 2560 4433 D.

2300 4532 2365 4583 12
