3246 5085
1294 335 1606 410 nonnus.
2330 281 2335 286 .
2518 321 2653 388 203

258 509 478 590 parat,
541 525 748 592 neque
809 509 1028 570 autem
1073 525 1226 570 cum
1271 506 1444 571 vocis
1490 507 2017 591 interpretatione
2065 505 2651 588 manifestum,

262 632 426 697 quae
485 611 581 676 nil
641 632 982 678 commune
1041 612 1234 678 habet
1287 633 1439 678 cum
1501 612 1723 678 funere
1786 616 1849 678 et
1914 612 2119 678 obitu.
2256 611 2398 676 Hoc
2442 613 2653 698 igitur

259 717 509 783 redolet
549 719 822 783 nimiam
867 720 1287 804 sagacitatem
1333 717 1614 785 Editoris
1633 767 1650 795 ,
1699 720 1811 804 qui
1857 720 2099 804 satagit
2136 719 2321 809 novjis
2358 720 2425 782 et
2459 715 2653 804 longe

257 826 600 892 arcessitis.
663 823 835 889 Hinc
897 824 1104 890 eidem
1166 824 1466 901 fortasse,
1533 824 1653 889 hac
1712 822 2133 909 explicatione
2180 823 2467 888 nondum
2515 845 2659 890 con-

261 936 478 1008 tento,
539 930 934 1018 adsignanda
996 938 1094 997 est
1155 934 1354 996 etiam
1414 929 1546 1011 (3):
1612 931 1750 996 Aut
1797 928 2082 1008 „concL”
2131 932 2347 996 satis
2393 929 2660 1015 deplo-

256 1046 540 1104 ratum
600 1039 982 1123 satisque
1043 1037 1616 1104 vociferatum
1681 1042 1813 1114 est,
1864 1043 1941 1102 ut
1984 1039 2055 1100 in
2102 1034 2515 1120 conclamatis
2562 1037 2693 1130 fu·-

267 1144 527 1209 neribus
571 1141 754 1209 nulla
796 1145 932 1209 iam
977 1143 1200 1210 dilatio
1247 1150 1346 1208 est
1391 1141 1629 1210 doloris
1677 1163 1747 1210 ac
1794 1141 2044 1220 luctus,
2095 1150 2170 1208 ut
2216 1142 2515 1209 Lucanus
2562 1145 2657 1208 ait

260 1271 572 1337 „corpora
615 1250 900 1316 nondum
949 1248 1343 1316 conclamata
1386 1249 1664 1316 iacent'’.
1760 1249 1935 1314 Haec
1982 1255 2047 1315 et
2086 1248 2246 1316 falsa
2282 1256 2465 1327 sunt,
2506 1269 2658 1314 nam

258 1361 510 1436 satis,
557 1357 729 1443 quod
773 1357 1150 1434 intruditur,
1199 1359 1557 1442 corrumpit
1595 1356 1949 1422 dictionem
1997 1375 2125 1441 qua
2170 1357 2382 1422 utitur
2426 1353 2656 1420 'Peren-

255 1467 425 1542 tius,
489 1469 556 1530 et
614 1465 892 1550 pessime
955 1465 1321 1540 enuntiata,
1385 1484 1509 1530 non
1574 1462 1749 1528 enim
1811 1461 2109 1528 funera
2168 1459 2651 1528 conclamantur

257 1569 370 1637 sed
417 1572 730 1636 mortui
773 1571 922 1656 ipsi.

343 1675 560 1763 Igitur
626 1675 948 1742 Donateae
1014 1678 1530 1762 interpretationi
1597 1675 1857 1742 Editor.
1898 1675 2057 1741 duas
2117 1676 2419 1761 apposuit
2478 1694 2517 1739 a
2576 1695 2645 1740 se

255 1785 574 1848 inventas.
1986 1781 2053 1848 S.
2103 1788 2451 1866 utrumque
2500 1802 2554 1846 c.

343 1889 508 1956 Ibid.
560 1887 648 1955 58
707 1889 938 1956 Nostin
986 1909 1146 1974 quae
1193 1885 1322 1954 sit?
1371 1888 1491 1954 Dic
1539 1889 1741 1967 mihi,
1790 1885 2101 1954 vidistin?

342 1996 470 2060 Pa.
519 1993 702 2073 Vidi,
750 1997 938 2074 novi3
989 1997 1121 2061 scio
1168 2017 1295 2081 quo
1340 1995 1615 2061 abducta
1662 1999 1769 2062 sit.

346 2099 482 2168 Oh.
529 2100 704 2180 Eho,
757 2101 1070 2168 Parmeno
1115 2103 1243 2179 mi,
1292 2105 1505 2168 nostin
1552 2108 1618 2167 et
1665 2103 1791 2167 scis
1837 2101 1953 2166 ubi
1998 2098 2163 2167 siet?

343 2208 470 2273 Pa.
519 2207 666 2272 Huc
714 2208 1046 2274 deductast
1089 2208 1169 2273 ad
1219 2211 1623 2274 meretricem
1671 2206 2021 2274 Thaidem:
2061 2211 2122 2275 ei
2162 2208 2327 2274 dono
2367 2207 2599 2274 datast.

345 2313 446 2378 Ad
506 2311 592 2379 59
619 2314 718 2394 (l)
784 2313 946 2379 Plus
1007 2313 1175 2379 dixit
1235 2335 1430 2400 quam
1485 2315 2024 2401 interrogabatur,
2076 2353 2160 2364 —
2210 2314 2397 2380 credo
2440 2313 2649 2380 taedio

249 2423 744 2508 interrogantis3
795 2441 944 2486 nam
992 2428 1324 2507 properat,
1374 2427 1448 2486 ut
1496 2421 1786 2486 dicturus
1834 2427 1931 2487 est
1978 2429 2100 2504 (vs.
2148 2421 2283 2501 ¹72),
2330 2421 2410 2487 ad
2448 2420 2646 2488 dedu-

245 2527 527 2593 cendum
589 2527 962 2594 eunuchum
1008 2527 1090 2594 ad
1133 2524 1446 2593 Thaidem
1493 2549 1644 2593 cum
1690 2525 1923 2593 ancilla
1968 2549 2045 2594 ex
2094 2528 2457 2615 Aethiopia.

344 2634 444 2699 Ad
493 2633 617 2699 61:
677 2634 763 2700 Et
815 2635 933 2700 hoc
980 2633 1246 2700 effundit
1291 2634 1489 2701 semel
1538 2636 2017 2721 acervatimque
2062 2636 2219 2702 dicit
2262 2634 2447 2702 velut
2493 2635 2639 2702 odio

243 2743 704 2829 interrogantis
762 2742 1016 2827 saepius
1062 2747 1126 2806 et
1172 2741 1584 2807 festinatione
1634 2741 1713 2807 ad
1760 2741 2059 2809 mandata
2104 2742 2456 2809 Phaedriae
2502 2763 2641 2828 per-

249 2848 521 2935 agenda.
1069 2864 1078 2875 ·

343 2955 880 3021 Additamentum
943 2955 1023 3020 ad
1089 2954 1174 3020 59
1199 2956 1296 3037 (1)
1358 2976 1736 3041 expressum
1784 2961 1884 3023 est
1930 2956 2011 3021 ab
2056 2954 2518 3041 Interpolatore
2562 2955 2644 3022 ad

245 3060 622 3148 exemplum
671 3060 960 3127 eiusdem
1007 3063 1326 3127 enuntiati
1375 3059 1719 3127 Donatiani
1766 3061 1846 3128 ad
1895 3061 2003 3127 61.

1599 3167 1666 3233 S.
1714 3188 2047 3254 perperam
2098 3174 2448 3255 utrumque
2498 3191 2551 3234 c.

341 3273 505 3339 Ibid.
569 3274 656 3339 64
703 3272 802 3355 (2)
895 3272 1320 3361 „comparet”
1390 3294 1504 3360 pro
1577 3274 1838 3352 „emat”
1910 3281 2025 3340 aut
2096 3274 2643 3361 „comparandum

243 3380 502 3467 putet''.
575 3379 919 3446 Vitiosum.
2378 3380 2444 3447 S.
2494 3403 2548 3447 c.

339 3486 502 3553 Ibid.
553 3484 638 3553 67
700 3486 916 3552 Homo
963 3488 1291 3573 quatietur
1335 3492 1505 3553 certe
1551 3508 1702 3553 cum
1750 3488 1911 3554 dono
1956 3488 2123 3553 foras

339 3592 541 3659 Don.:
614 3591 711 3674 (l)
771 3592 942 3658 Mire
1008 3614 1198 3671 „cum
1261 3593 1466 3658 dono”
1538 3601 1872 3679 tamquam
1933 3592 2035 3658 illi
2094 3592 2387 3680 repulsae
2447 3614 2637 3659 causa

242 3699 489 3765 donum
533 3700 832 3765 futurum
877 3702 984 3765 sit.
1139 3698 1488 3765 Subiunxit
1534 3698 1665 3764 IP:
1714 3700 1812 3781 (2)
1857 3699 2029 3766 Tum
2077 3700 2305 3767 deinde
2342 3722 2469 3767 non
2514 3703 2641 3779 „ei-

242 3804 495 3872 ciatur”
555 3804 665 3870 sed
713 3804 1154 3895 „quatietur'’.
1319 3803 1482 3871 Don.
1531 3804 1775 3872 denuo:
1825 3804 1923 3888 (3)
1969 3804 2131 3872 Vide
2176 3827 2370 3891 quam
2418 3813 2644 3872 contu-

239 3912 580 3978 me‘liosius
625 3910 874 3976 dictum
921 3913 1008 3976 sit
1059 3912 1430 3996 „quatietur
1473 3911 1716 3978 foras'’:
1780 3911 1889 3977 vel
1936 3912 2311 3978 verberibus
2354 3910 2644 4004 impelle-

237 4024 354 4085 tur
409 4018 611 4094 foras,
675 4037 800 4082 non
863 4016 1237 4102 expulsione
1300 4024 1366 4082 et
1430 4017 1827 4097 detrusione;
1878 4053 1964 4065 -
2030 4019 2126 4099 (4)
2176 4018 2292 4083 Vel
2336 4022 2429 4085 sic
2475 4020 2642 4085 dixit

234 4125 456 4205 „foras
518 4124 888 4211 quatietur''
962 4130 1040 4188 ut
1111 4122 1276 4188 desit
1351 4123 1727 4202 „versum'',
1796 4128 1873 4189 ut
1943 4126 2061 4191 sit:
2132 4125 2302 4192 foras
2380 4146 2643 4193 versum

231 4231 682 4299 verberabitur
745 4233 850 4313 [ut
895 4230 1298 4315 verberetur]
1333 4231 1378 4311 ¹)
1428 4236 1492 4296 et
1535 4230 1799 4317 fugetur
1843 4231 2015 4298 foras
2066 4268 2150 4281 —
2198 4253 2349 4299 nam
2398 4239 2463 4299 et
2507 4254 2647 4319 per-

307 4469 363 4535 1)
405 4465 559 4517 Verba
597 4469 681 4517 ,ιιι
717 4464 1024 4519 verberetur-’⁹
1059 4483 1148 4535 pro
1181 4466 1507 4534 dittographia
1541 4466 1721 4533 expuli.
