3246 5085
647 326 738 391 94
1188 306 1199 318 ’
1428 405 1433 409 .
1671 346 2004 396 armms.

649 507 753 570 1⁸¹4.
817 510 897 557 18.
924 508 1209 572 facietenus
1228 513 1283 570 φ.
1332 509 1398 558 20
1420 508 1636 572 fortuna
1658 510 1719 559 F·
1741 515 1778 572 φ
1803 512 2013 575 fortune
2031 510 2115 560 1²¹.
2169 511 2234 560 28
2261 511 2354 559 kae
2385 508 2522 573 Ἐφ’.
2585 512 2648 561 28
2670 512 2884 575 puellm
2909 510 2980 561 F¹
3012 516 3066 571 Φ

642 589 863 652 puillam
881 594 947 651 φ’
981 592 1054 653 (ut
1086 590 1221 651 ἠὼ).
1272 590 1339 639 24
1367 590 1495 640 thori
1521 596 1573 651 φ.
1629 592 1694 640 28
1720 591 1812 640 sibi
1837 592 1890 641 in
1923 592 1962 641 F
1989 592 2270 657 rescriptum
2290 595 2358 642 eat
2378 592 2596 655 (forta-0
2610 593 2769 658 primo
2785 592 2880 643 fuit
2905 593 3062 654 τίδ’).

719 670 887 730 242,7
916 671 1141 735 quaudiu·
1174 676 1232 721 Φ.

749 813 908 892 242,
936 814 979 879 8
1020 814 1128 879 sed
1178 815 1291 881 ubi
1336 814 1575 879 fraudis
1621 820 1942 881 extremae
1986 816 2164 902 lapsa
2203 818 2472 899 decipulo
2520 838 2575 883 e.
2602 839 2661 902 q.
2688 839 2737 882 s.

744 920 931 986 Idem
996 921 1125 986 fere
1188 920 1433 1006 legitur
1499 920 1648 999 166,
1677 921 1717 987 8
1764 930 1988 988 nactus
2033 924 2355 988 fraudium
2403 930 2835 1009 opportunum
2881 924 3071 990 deci-

648 1026 899 1113 pulum.
2531 1100 2560 1120 x

742 1132 965 1196 Huius
1011 1132 1401 1197 substantivi
1445 1132 1717 1217 pluralis
1759 1136 2088 1199 invenitur
2133 1133 2367 1199 Florid.
2414 1132 2630 1199 XVIII
2665 1136 2758 1219 (v.
2781 1134 2840 1198 d.
2869 1132 3060 1200 Vliet

656 1237 809 1317 181,
837 1237 954 1317 21)
1015 1242 1245 1303 cuncta
1304 1236 1421 1302 illa
1482 1237 1823 1304 exorabula
1883 1239 2307 1305 iudicantium
2369 1246 2436 1304 et
2481 1239 2775 1324 decipula
2819 1239 3064 1305 aduer-

644 1346 965 1439 santium3
1024 1345 1137 1428 qui
1197 1364 1503 1409 numerus
1563 1342 1947 1429 deprehendi
2001 1344 2258 1411 videtur
2303 1348 2372 1409 in
2415 1346 2627 1411 verbis
2672 1344 2952 1410 laudatis
3006 1366 3056 1410 a.

644 1450 995 1516 Frontone:
1055 1448 1242 1525 (Nab.
1293 1448 1398 1526 13,
1429 1448 1493 1529 1)
1539 1449 1935 1535 Praestigiae
1981 1449 2196 1516 nullae
2245 1457 2380 1515 tam
2426 1458 2755 1527 versutae;
2817 1448 3050 1535 nulla,

644 1563 719 1621 ut
783 1558 874 1621 ait
922 1554 1177 1631 Levius,
1228 1552 1518 1639 decipula
1565 1561 1699 1621 tam
1744 1555 2068 1621 insidiosa.
2118 1555 2364 1621 Rursus
2409 1555 2803 1642 singularem
2851 1556 3046 1621 offert

645 1661 981 1728 Sidonius:
1026 1660 1171 1746 (Ep.
1204 1659 1353 1724 VIII
1380 1661 1485 1738 10,
1514 1660 1582 1742 4)
1620 1683 1732 1747 per
1769 1661 2137 1747 decipulum
2163 1661 2331 1727 male
2358 1661 2743 1728 blandientis
2768 1661 3041 1747 eloquii.

736 1768 954 1831 Etiam
1020 1764 1405 1831 vocabulum
1466 1787 1908 1853 synonymum
1951 1767 2212 1833 adhibet
2257 1766 2413 1845 244,
2439 1768 2528 1833 20
2573 1766 2818 1853 laqueis
2863 1767 3046 1831 frau-

650 1873 834 1938 dium
882 1893 935 1938 e.
963 1893 1024 1957 q.
1050 1892 1101 1935 s.

714 2030 910 2089 242,16
942 2048 1145 2082 acen-uae
1176 2034 1240 2082 F¹
1283 2032 1479 2083 acerbae
1512 2034 1577 2082 F·
1618 2049 1790 2083 aceruo
1820 2037 1908 2095 φ“,
1937 2034 2017 2084 sed
2052 2049 2117 2084 m.
2135 2049 2176 2083 r.
2207 2033 2618 2105 superscripsitp
2645 2032 2700 2082 be
2726 2035 2802 2095 (ει
2827 2047 2917 2097 pro
2947 2032 3044 2095 be).

650 2132 713 2183 18
746 2126 897 2184 trade*
916 2140 969 2195 φ.
1022 2136 1085 2184 19
1120 2135 1265 2185 illata
1295 2140 1335 2197 φ
1369 2135 1443 2199 (οι
1475 2136 1537 2185 Ει
1580 2139 1638 2184 ut
1672 2136 1811 2200 via).
1861 2136 1924 2186 21
1959 2136 2275 2200 ueramque
2309 2135 2414 2196 Ρφ.

738 2276 893 2354 242,
921 2277 1008 2342 22
1054 2283 1128 2342 ut
1172 2280 1299 2363 ipsi
1345 2299 1597 2363 quoque
1645 2281 1778 2343 iam
1822 2276 2073 2343 medela
2119 2278 2449 2343 uideretur
2493 2301 2617 2342 esee
2659 2280 3040 2343 necessaria.

739 2381 965 2447 Editor
1010 2385 1229 2449 omisit
1274 2406 1396 2448 esse
1443 2405 1835 2470 quamquam
1883 2390 2151 2469 uterque
2197 2384 2394 2449 codex
2440 2385 2711 2450 verbum
2743 2384 3045 2449 substan-

649 2491 868 2554 tivum
930 2489 1189 2554 exhibet
1205 2510 1221 2568 ;
1280 2489 1587 2556 addamus
1633 2488 1986 2576 Apuleium
2033 2512 2264 2554 neceose
2308 2492 2444 2555 sine
2491 2490 2686 2555 uerbo
2734 2510 2858 2554 esse
2901 2509 3040 2555 non

648 2615 882 2679 ponere
928 2594 1036 2674 (cf.
1085 2593 1317 2660 Novak
1363 2595 1408 2660 1.
1435 2617 1486 2660 c.
1534 2616 1646 2682 pg.
1698 2595 1831 2673 44).

712 2759 909 2818 242,25
965 2763 1101 2809 nocte
1144 2762 1209 2822 Φ*
1264 2763 1315 2810 at
1360 2776 1423 2810 m.
1448 2777 1485 2811 r.
1519 2761 1751 2825 expunxit
1785 2777 1826 2812 c.
1893 2760 1959 2812 27
1993 2765 2158 2824 tropea
2190 2767 2230 2824 φ
2263 2765 2314 2811 at
2349 2777 2414 2812 m.
2434 2777 2471 2811 r.
2509 2761 2700 2828 scripsit
2733 2762 2765 2809 h
2797 2777 2943 2828 supra
2970 2779 3030 2826 p.

646 2848 710 2897 28
746 2847 951 2895 semia
983 2851 1037 2906 Φ.

736 2990 891 3067 243,
922 2991 956 3054 1
1007 3011 1134 3075 quo
1184 2990 1467 3056 confecto
1512 2989 1858 3056 simulatur
1900 2994 2250 3056 necessaria
2294 2991 2676 3076 praecordiis
2720 2991 3040 3056 leniendis

643 3096 887 3180 bilique
926 3095 1388 3160 subtrahendae
1426 3094 1539 3160 illa
1574 3095 1957 3180 praenobilis
1997 3100 2172 3182 potio
2211 3117 2404 3181 quam
2443 3117 2688 3161 sacram
2719 3096 3042 3162 doctiores

648 3204 1018 3279 nominant,
1066 3201 1175 3266 sed
1214 3203 1281 3265 in
1322 3204 1461 3265 eius
1500 3201 1633 3264 uice
1669 3200 1969 3266 subditur
2003 3200 2133 3267 alia
2170 3203 2586 3286 Proserpinae
2623 3222 2799 3268 sacra
2830 3203 3038 3266 Saluti

649 3306 999 3391 <mse-eta).
1697 3310 1700 3313 ’

741 3411 966 3476 Editor
1026 3411 1257 3477 adiecit
1314 3412 1578 3495 infesta,
1644 3417 1712 3476 at
1769 3409 2082 3496 Apuleius
2127 3411 2246 3476 hoc
2289 3413 2561 3478 scribere
2603 3433 2728 3477 non
2773 3415 2993 3497 potuit
3013 3461 3032 3489 ‚

649 3519 885 3601 quippe
948 3519 1059 3600 qui
1104 3536 1296 3600 quam
1345 3519 1626 3581 maxime
1673 3516 1926 3581 studeat
1971 3517 2225 3582 hiatum
2270 3521 2336 3580 in
2387 3515 2672 3582 clausula
2718 3521 2922 3584 vitare
2956 3518 3032 3596 ¹).

646 3621 850 3686 Porro
917 3624 1030 3687 vix
1077 3622 1297 3686 dubito
1343 3625 1495 3707 quin
1540 3622 1740 3685 Saluti
1780 3625 2428 3706 interpretamentum
2476 3623 2672 3688 fuerit
2716 3626 2890 3688 vocis
2933 3645 3036 3686 εα-

650 3749 809 3789 cram
870 3731 936 3790 et
994 3729 1061 3789 in
1111 3728 1306 3792 verba
1352 3730 1679 3811 scriptoris
1721 3728 2064 3812 irrepserit.
2114 3727 2213 3791 Ad
2259 3733 2621 3792 extremum
2669 3727 2833 3792 facio
2877 3747 3032 3791 cum

644 3831 1002 3896 Stewechio
1049 3831 1337 3916 Hauptio
1384 3829 1562 3907 aliis,
1613 3834 1725 3916 qui
1769 3834 2103 3917 requirunt
2147 3833 2214 3894 in
2261 3832 2388 3896 eius
2431 3832 2637 3895 uicem.
2677 3819 2766 3895 In'
2791 3830 3035 3896 talibus

648 3940 821 4002 enim
869 3936 1299 4002 locutionibus
1348 3939 1731 4022 praepositio
1779 3935 2062 4002 construi
2109 3935 2270 4002 solet
2315 3958 2463 4001 cum
2509 3939 2902 4014 accusativo,
2957 3942 3037 4000 ut

644 4049 907 4127 apparet
952 4064 1025 4108 ex
1074 4044 1246 4107 hisce
1292 4040 1637 4128 exemplis:

744 4147 881 4226 (69,
910 4148 1021 4228 10)
1058 4151 1127 4212 in
1167 4149 1436 4214 modum
1473 4148 1646 4214 floris
1659 4169 1678 4228 ;
1722 4149 1904 4230 (254,
1933 4149 2000 4229 1)
2035 4152 2098 4214 in
2141 4149 2407 4214 modum
2440 4148 2710 4234 speculi:
2753 4147 2936 4254 (260,
2965 4148 3034 4228 8)

720 4438 771 4496 1)
808 4436 887 4486 Cf.
922 4435 1175 4484 Kirchhofl'
1206 4435 1240 4483 1.
1256 4451 1297 4484 c.
1332 4450 1408 4499 pg.
1448 4435 1511 4483 19
1526 4449 1630 4498 sqq.
1670 4434 1836 4484 Novfik
1869 4435 1902 4484 1.
1917 4449 1958 4483 c.
1997 4436 2079 4483 6⁶.
