3246 5085
616 326 750 393 220
1660 341 1973 391 nonnus.

622 511 700 577 ad
741 532 902 597 quae
941 510 1018 576 de
1055 511 1286 578 itinere
1325 509 1769 576 divertendum
1798 513 1903 574 sit.
2020 509 2357 577 Rationem
2383 513 2743 578 causativae
2772 510 3025 596 „quia”

611 640 738 683 non
810 639 1130 704 assequor.
1233 617 1452 683 Etiam
1521 617 1653 700 (3):
1718 616 1865 702 plus
1928 623 2024 682 est
2084 619 2388 683 scientem
2453 620 2762 686 restitisse
2809 639 3021 704 quam

612 727 1015 810 praeteriisse
1063 727 1451 791 nescientem
1472 776 1489 805 ,
1541 731 1909 810 suspectum
1960 730 2075 790 est.

706 831 866 896 Ibid.
919 831 959 896 9
1031 831 1313 897 Biduum
1363 833 1468 897 hic
1514 831 1913 898 manendum
1962 837 2059 897 est
2106 830 2226 897 soli
2271 834 2404 898 sine
2452 829 2609 897 illa?

703 938 799 1019 (l)
865 937 1046 1017 „Soli
1107 941 1269 1021 [sine
1331 937 1518 1022 illa]’'
1583 938 1834 1005 scilicet
1896 941 2032 1004 sine
2092 938 2227 1005 illa.
2369 938 2465 1020 (2)
2513 940 2648 1004 Aut
2696 940 2831 1004 sine
2878 936 3021 1003 alio

613 1043 1097 1110 oblectamento.
1239 1043 1334 1126 (3)
1383 1045 1552 1110 Satis
1599 1051 1910 1110 amanter.
2050 1045 2145 1127 (4)
2185 1044 2321 1110 Iam
2364 1066 2555 1111 causa
2593 1051 2721 1122 est,
2764 1065 2880 1108 cur
2918 1043 3020 1108 bi-

617 1151 822 1215 duum
879 1157 1190 1238 gravetur
1250 1150 1389 1218 loco
1453 1154 1662 1229 tristi,
1726 1172 1842 1216 cur
1902 1150 2214 1217 solacium
2262 1151 2787 1238 conquirendum.
2838 1149 3019 1215 Sunt

617 1262 835 1323 autem
899 1260 1008 1343 qui
1069 1258 1240 1323 idem
1303 1264 1533 1344 putent
1593 1279 1729 1324 esse
1778 1257 1986 1337 „soli”
2048 1261 2227 1336 „sine
2272 1257 2449 1338 illa'’,
2501 1264 2576 1323 ut
2626 1261 2801 1337 „sine
2845 1255 3017 1322 illa'’

619 1361 908 1441 ἐξήγησις
972 1365 1128 1446 εῡίιιεί
1165 1366 1250 1429 sit
1295 1365 1465 1451 quod
1512 1364 1759 1430 dixerat
1810 1364 2036 1443 „soli’'.
2178 1365 2273 1446 (3)
2320 1371 2385 1431 et
2432 1364 2549 1447 (4),
2597 1385 2757 1451 quae
2802 1365 3023 1430 forma

616 1491 682 1536 se
723 1469 1162 1548 commendat,
1205 1469 1386 1536 Aelio
1429 1470 1631 1536 danda
1669 1472 1991 1550 videntur,
2034 1473 2145 1558 qui
2194 1477 2410 1538 tamen
2456 1493 2571 1537 cur
2618 1493 2745 1537 non
2790 1470 3025 1556 proba-

615 1579 782 1642 verit
824 1574 1092 1642 alteram
1137 1579 1735 1663 interpretationem
1784 1580 1970 1644 unice
2018 1599 2258 1655 veram,
2308 1601 2436 1643 non
2486 1578 2701 1657 video,
2750 1598 2863 1643 nec
2916 1579 3022 1642 in-

617 1681 893 1770 telleg0,
943 1682 1262 1768 quomodo
1308 1686 1444 1769 ipse
1495 1683 1706 1762 „soli”
1756 1682 2175 1770 explicuerit,
2216 1686 2343 1749 nisi
2382 1684 2500 1749 hoc
2538 1683 2737 1749 lateat
2778 1685 2845 1748 in
2888 1683 3019 1765 (2),

618 1792 802 1855 cuius
847 1794 1062 1856 tamen
1110 1790 1348 1868 forma,
1399 1795 1474 1856 ut
1521 1792 1738 1877 primi,
1788 1790 2071 1878 aliquem
2118 1793 2510 1879 magistrum
2560 1790 2793 1877 prodit.

707 1895 870 1961 Ibid.
926 1895 1007 1961 14
1074 1896 1231 1962 Vide
1279 1918 1473 1982 supra
1519 1919 1584 1983 p.
1638 1897 1743 1963 18.

712 2110 799 2176 IV
847 2110 909 2177 3.
939 2109 977 2178 7
1051 2112 1328 2177 Absente
1373 2112 1556 2177 nobis

711 2217 872 2284 Don.
935 2217 1031 2299 (1)
1091 2223 1204 2283 aut
1249 2217 1907 2305 subdistinguendum
1954 2225 2018 2284 et
2064 2217 2581 2284 subaudiendum
2633 2215 2846 2296 „me”,
2896 2224 3022 2283 aut

621 2325 970 2406 ἀργαισμός
1034 2331 1130 2390 est
1193 2325 1403 2411 figura
1469 2325 1769 2402 „absente
1831 2324 2054 2390 nobis”
2119 2347 2232 2410 pro
2298 2325 2713 2403 „absentibus
2760 2324 3019 2390 nobis'’.

621 2434 1016 2517 Pomponius
1063 2435 1129 2496 in
1175 2430 1500 2518 Ergastilo
1549 2439 1923 2516 „praesente
1974 2432 2240 2497 amicis''
2280 2438 2454 2509 cett„
2499 2431 2695 2497 Varro
2732 2434 2799 2496 in
2840 2432 3021 2496 Mar-

621 2537 784 2605 cello
847 2537 955 2615 „id
1015 2544 1347 2623 praesente
1408 2536 1684 2626 legatis”
1751 2544 1880 2605 cett
1913 2535 1979 2620 ¹).
2119 2537 2220 2603 IP
2271 2537 2367 2621 (2)
2415 2540 2737 2619 „Absente
2784 2538 3015 2605 nobis’'

621 2667 771 2711 cum
820 2645 976 2711 dicit
1023 2667 1136 2731 pro
1181 2648 1650 2731 praepositione
1695 2648 1882 2732 ponit
1928 2647 2224 2724 absente,
2266 2652 2343 2710 ut
2380 2648 2435 2711 si
2472 2645 2709 2712 diceret
2752 2666 3019 2725 „coram

621 2751 913 2819 amicis’'.

711 2860 1083 2937 Praeteriit,
1127 2880 1340 2945 spere,
1381 2864 1639 2945 tempus
1678 2880 1827 2923 cum
1873 2857 1949 2923 de
1994 2858 2362 2925 istiusmodi
2400 2860 2786 2925 commentis
2810 2860 3024 2923 conici

621 2972 865 3053 poterat
943 2966 1253 3051 „perhaps
1322 2965 1432 3031 the
1493 2967 1657 3031 view
1722 2966 1797 3031 of
1848 2964 2062 3031 Donat
2119 2964 2425 3031 himseIF'
2502 2965 2837 3047 (Smith,
2899 2966 3023 3029 Ar-

620 3075 897 3139 chaisms
945 3073 1017 3137 of
1052 3072 1345 3138 Terence.
1395 3070 1751 3138 Baltimore
1806 3071 1982 3137 1890
2031 3094 2094 3158 p.
2153 3072 2283 3156 14).

710 3178 870 3245 Ibid.
924 3178 1002 3242 11
1078 3178 1466 3244 Eunuchum
1518 3200 1712 3263 quem
1762 3180 1998 3245 dedisti
2045 3180 2229 3245 nobis
2276 3200 2434 3265 quas
2481 3179 2703 3245 turbas
2751 3175 2963 3244 dedit!

714 3286 809 3366 (l)
879 3286 1067 3367 [Aut]
1128 3286 1531 3366 σύλλημψις,
1597 3292 1672 3350 ut
1738 3286 2006 3364 „urbem
2072 3306 2266 3372 quam
2328 3290 2540 3351 statuo
2602 3290 2816 3350 vestra
2868 3285 3015 3350 est’'

625 3391 806 3472 (Aen.
848 3389 878 3456 1
920 3389 1078 3473 573)
1117 3430 1202 3439 —
1243 3397 1355 3457 aut
1406 3392 1684 3478 „quem”
1735 3413 1886 3458 cum
1923 3394 2425 3478 interrogatione
2464 3390 3016 3477 pronuntiandum

621 3503 699 3561 ut
759 3499 843 3562 sit
906 3496 1232 3583 qualem
1285 3536 1368 3547 --
1426 3500 1521 3580 (2)
1572 3502 1692 3582 [et]
1743 3500 2004 3585 quidam
2053 3497 2289 3565 volunt
2340 3498 2618 3585 „quem”
2670 3497 3016 3563 subdistin-

623 3625 841 3691 guere,
905 3607 1086 3689 quasi
1148 3604 1317 3671 dicat
1382 3606 1749 3691 „qualem’',
1806 3606 1915 3671 sed
1964 3608 2255 3672 nesciunt
2300 3607 2421 3672 hac
2466 3605 2677 3691 figura
2722 3604 3015 3671 multum

627 3717 872 3777 veteres
929 3732 1076 3777 usos
1121 3731 1292 3776 esse:
1345 3712 1801 3789 „eunuchum”
1852 3714 2025 3778 enim
2074 3712 2152 3778 ad
2202 3711 2520 3791 „dedisti”
2573 3712 2845 3777 verbum
2892 3716 3021 3777 ret-

621 3817 779 3884 tulit
823 3840 1026 3897 nunc,
1077 3818 1156 3883 ad
1203 3818 1462 3897 „dedit”
1512 3840 1668 3905 ergo
1718 3824 1980 3906 propter
2025 3819 2199 3886 aliud
2245 3816 2493 3895 ἀξίωμα
2544 3816 3017 3884 adsumendum

623 3927 1018 3991 extrinsecus
1067 3928 1163 4003 „is
1209 3925 1583 3991 eunuchus''
1609 3946 1625 4005 ;
1672 3947 1824 3991 nam
1874 3929 2167 4013 quotiens
2205 3930 2354 3991 cett.
2472 3924 2568 4007 (3)
2604 3924 2690 3990 Et
2732 3925 3016 4010 „quem”

623 4036 690 4097 et
760 4032 1002 4117 „quas”
1075 4034 1167 4098 sic
1235 4034 1485 4119 accipe,
1561 4035 1747 4118 quasi
1819 4033 2057 4099 dixerit
2121 4030 2422 4119 „qualem
2484 4031 2898 4098 eunuchum’'
2948 4037 3021 4097 et

630 4137 893 4226 „quales
939 4139 1225 4205 turbas”.

691 4402 744 4465 1)
780 4402 988 4451 Omnem
1022 4400 1254 4450 eiusmodi
1288 4399 1552 4449 doctrinam
1590 4398 1769 4451 Wess
1788 4414 1861 4448 ne
1882 4414 1953 4448 ru
1972 4414 1994 4447 s
2028 4415 2056 4448 a
2096 4400 2281 4450 Donato
2314 4402 2554 4467 sumptam
2591 4401 2731 4467 putat
2764 4414 2820 4449 ex
2850 4398 3015 4450 Probo

619 4487 670 4535 et
707 4486 872 4551 Aspre.
