3246 5085
605 305 745 374 258
881 333 888 340 ·
1498 379 1507 388 ,
1646 327 1942 398 nouus.

545 507 560 526 ‘
611 490 860 556 dictum
919 511 1054 556 esse
1111 494 1578 577 grammaticus
1636 491 1851 570 docet,
1904 493 2008 557 κκὶ
2057 494 2228 570 μετὰ
2270 503 2389 567 τῆς
2439 493 2763 574 προθέσεως
2815 503 3003 574 Φερε-

611 598 846 676 κράτης
893 599 1184 682 Πετάλῃ·
1235 598 1522 678 πρόσοιιρε
1570 599 1702 664 κτὲ.

705 703 860 792 Leg.
909 706 1079 781 μετὰ
1127 712 1241 780 τῆς
1287 707 1608 786 <xpo-3>
1660 705 1987 784 προθέσεως
2033 705 2316 788 (Nabar).

705 905 812 984 55,
838 906 1054 972 26=
1100 907 1300 973 Bekk.
1349 907 1586 974 Anecd.
1639 908 1793 989 363,
1822 909 1883 974 5.
1935 945 2020 960 —
2084 908 2313 977 Glossa
2366 934 2429 974 aa
2414 909 2652 992 ’Μσχιον
2699 911 2837 975 ἀντὶ
2885 915 3008 976 τοῦ

612 1014 888 1094 αἰσχρόν.
933 1015 1322 1094 Θουκυδίδης,
1362 1037 1489 1080 11011
1520 1014 1724 1081 ’1’.111κ1
1765 1015 1828 1080 ΙΙ
1863 1016 1950 1082 40
1985 1018 2081 1103 §1
2128 1019 2385 1102 respici,
2427 1017 2597 1104 quod
2630 1019 3007 1102 suspicatur

611 1119 1077 1202 Reitzenstein,
1139 1121 1249 1187 sed
1309 1120 1461 1188 VIII
1505 1121 1592 1189 27
1642 1122 1767 1208 §3,
1832 1129 2099 1190 annotat
2142 1124 2371 1190 Naber.
2422 1122 2546 1192 Cui
2595 1123 2768 1190 haud
2815 1123 3009 1190 dubi-

611 1233 822 1292 tanter
882 1226 1260 1313 adstipulor.

703 1431 812 1510 56,
838 1430 1008 1496 2-
927 1460 1008 1487 =
1053 1431 1256 1499 Bekk.
1305 1433 1541 1499 Anecd.
1592 1431 1881 1514 359,10.
1936 1471 2020 1486 —-
2070 1437 2248 1510 ἡμεῖς
2310 1433 2408 1506 δὲ.
2436 1435 2572 1512 περὶ
2624 1433 3006 1514 ἀμφοτέρων

483 1583 486 1588 -
612 1539 946 1621 ἑροῦμεν<,
996 1535 1182 1611 Su>
1231 1539 1301 1604 τὸ
1352 1541 1745 1605 αἰσθάνεσθαι
1792 1589 1807 1605 .
1837 1589 1851 1606 .
1883 1589 1898 1606 .
1943 1542 1993 1606 οἱ
2036 1542 2291 1606 παλαιοὶ
2335 1541 2435 1606 ἐπὶ
2478 1588 2493 1605 .
2524 1587 2541 1606 .
2570 1539 2957 1618 Ηέταξαν.
2990 1589 3009 1607 .

610 1645 716 1709 καὶ
768 1644 936 1711 ἐπὶ.
1011 1644 1166 1726 (N
1167 1647 1364 1727 aber)

703 1843 812 1928 56,
839 1849 882 1915 8
919 1873 1000 1900 =
1040 1849 1240 1916 Bekk.
1291 1849 1528 1917 Anecd.
1578 1850 1732 1930 359,
1759 1852 1801 1916 4
1846 1883 1927 1910 =
1970 1851 2153 1917 Suid.
2207 1887 2293 1902 -
2340 1851 2784 1932 αἰσχυνόμενος
2834 1875 3014 1931 περι·

613 1959 832 2022 πλέκει
879 1959 989 2030 τῆν
1035 1961 1386 2036 συμφοράν.
1427 1959 1487 2022 ἐν
1533 1963 1820 2042 συνουσίᾳ
1874 1961 2152 2039 <χρῶ>.

702 2063 809 2129 Sic
853 2063 1305 2130 Reitzenstein.
1353 2064 1507 2130 Post
1551 2064 1997 2145 αἰσχυνόμενος
2048 2063 2292 2131 Dobree
2341 2064 2505 2130 Adv.
2553 2087 2616 2150 p.
2666 2063 2795 2130 619
2844 2085 3007 2151 sup·

613 2170 833 2256 plebat
879 2171 976 2250 δέ,
1027 2173 1396 2237 trimetrum
1441 2173 1652 2257 igitur
1695 2171 1994 2238 efficiens.

707 2389 816 2469 56,
841 2389 952 2456 20.
1001 2427 1086 2439 -
1132 2393 1346 2472 αιώρω.
1394 2391 1559 2458 Add.
1606 2341 1805 2458 schol.
1852 2391 2048 2478 δορὴ.
2096 2390 2172 2457 0.
2222 2391 2297 2460 R.
2353 2391 2524 2457 1264
2574 2390 2860 2472 (Nabar).

708 2612 816 2692 57,
840 2612 882 2679 ‚3
923 2637 1003 2664 -··--
1040 2614 1278 2680 Anecd.
1320 2612 1525 2681 Bekk.
1566 2612 1720 2694 359,
1746 2614 1834 2680 24
1872 2651 1953 2677 =
1990 2613 2172 2680 Suid.
2211 2649 2292 2677 --.-
2339 2612 2625 2700 Hesych.
2690 2649 2773 2661 -—
2840 2612 3009 2693 αἰρό-

616 2726 803 2787 πινον.
867 2721 1309 2787 σκοτεινόν.
1378 2724 1509 2786 καὶ
1575 2722 1846 2787 κόσκινον
1908 2723 1968 2785 ἐν
2030 2716 2072 2803 ὦ
2136 2721 2305 2802 πυροὶ
2356 2722 2635 2793 σήθοντοῑι
2689 2718 2837 2799 ὑπὲρ
2884 2726 2999 2785 τοῦ

615 2831 736 2900 τοὶς
782 2828 963 2908 αἴρας
1013 2828 1392 2894 διελθεῖν.

705 2935 879 3016 Quae
925 2934 1138 3022 glossa
1181 2938 1462 3021 pertinet
1505 2936 1586 3001 ad
1610 2956 1871 3001 versum
1900 2934 2344 3021 Aristophanis
2382 2954 2416 2999 e
2453 2931 2717 3000 Polluce
2758 2932 2820 2999 X
2868 2932 2999 2997 114

613 3045 954 3129 cognitum
1000 3043 1105 3123 (fr.
1155 3042 1350 3127 480):

1157 3146 1354 3229 ωσπερ
1403 3149 1728 3233 [κόσκινον]
1778 3150 2079 3229 οιῖρόπινον
2127 3150 2438 3228 τέτρηται.

705 3253 829 3319 Sed
887 3255 1095 3320 cribro
1157 3254 1372 3341 paleae
1417 3262 1785 3342 ceteraeque
1831 3256 2044 3322 sordes
2091 3258 2392 3341 quoniam
2441 3256 2818 3332 retinentur,
2866 3275 2999 3319 non

611 3362 1161 3437 transmittuntur,
1224 3370 1338 3427 aut
1383 3369 1530 3428 ante
1577 3363 1830 3426 διελθεῖν
1878 3360 2212 3427 inserenda
2258 3366 2357 3427 est
2400 3363 2659 3448 negatio
2709 3361 2835 3440 μή,
2878 3366 3003 3425 aut

615 3502 702 3515 —
742 3471 806 3530 et
843 3465 963 3531 hoc
1003 3466 1265 3533 demum
1303 3468 1592 3534 adhibito
1626 3468 1908 3533 remedio
1946 3476 2093 3560 apte
2127 3468 2419 3533 decurret
2443 3470 2853 3533 enuntiatum
2878 3486 3001 3531 —:

615 3574 761 3651 ὑπὲρ
823 3577 931 3638 τοῦ
993 3574 1113 3645 τὰς
1169 3574 1349 3650 αἴρας
1397 3573 1737 3652 ἐξελεῖν.
1800 3575 2066 3661 Iamque
2112 3576 2354 3660 optime
2401 3576 2675 3640 concinit
2723 3574 3007 3661 Phryni-

611 3682 770 3745 chus
815 3679 1077 3760 (Auecd.
1129 3680 1331 3747 Bekk.
1381 3681 1651 3767 22,13),
1701 3682 1814 3767 qui
1860 3681 2158 3761 οιῖρόπινον
2206 3680 2363 3745 dicit
2399 3701 2597 3759 esse,
2594 3681 2689 3758 ,τὸ
2729 3679 3000 3745 κόσκινον

612 3788 682 3851 τὸ
729 3790 858 3860 τὰς
897 3811 1078 3867 οιιροις
1125 3810 1270 3866 οπερ
1317 3788 1448 3853 ἐστὶ
1497 3790 1677 3871 ῥύπος
1729 3794 1844 3853 τῶν
1890 3794 2087 3867 πυρῶν
2135 3789 2544 3866 καθαιρον.

704 3893 870 3974 Quid
917 3903 1138 3961 autem
1187 3897 1606 3962 σκοτεινόν
1646 3894 1812 3961 illud
1849 3896 1974 3961 sibi
2012 3892 2200 3960 vult?
2246 3894 2320 3959 Id
2358 3894 2623 3959 demum
2660 3892 2999 3960 obscurum!

613 4001 952 4088 Leguntur
999 4024 1257 4087 prorsus
1304 4003 1525 4069 eadem
1572 4003 1769 4069 verba
1806 4006 1875 4067 in
1913 4007 2094 4067 sexto
2126 4000 2334 4067 lexico
2374 3999 2787 4087 Segueriano,
2828 4001 3007 4087 apud

612 4106 914 4184 Suidam,
985 4109 1154 4193 apud
1222 4109 1650 4198 Hesychium.
1722 4108 1977 4195 Ergone
2042 4110 2359 4194 patienter
2417 4105 2715 4172 ferenda?
2786 4106 3003 4173 Immo

612 4214 806 4298 prisci
865 4216 1014 4278 vitii
1072 4218 1268 4280 nimis
1329 4215 1561 4282 stolide
1608 4218 1867 4302 repetiti
1915 4214 2262 4280 admodum
2306 4213 2711 4280 luculentum
2760 4214 2867 4280 hic
2914 4222 3007 4281 te-
3070 4269 3075 4272 .

611 4340 841 4384 nemus
913 4322 1303 4409 exemplum.
1390 4323 1557 4388 Nam
1632 4330 2128 4387 CKOTGINON
2198 4320 2366 4387 illud
2434 4320 2600 4387 nihil
2665 4342 2803 4388 esse
2874 4325 3005 4387 nisi

617 4434 1080 4491 KOCICtNoN
1130 4429 1299 4495 male
1345 4428 1625 4505 lectum,
1667 4426 1935 4493 delenda
1971 4430 2180 4514 igitur
2218 4449 2354 4495 esse
2399 4431 2808 4494 σκοτεινὸν
2860 4432 3001 4493 καὶ
