3246 5085
1051 381 1137 429 nn
1185 380 1501 431 sompnus
1546 380 1873 431 riai‘rnoo.
2403 410 2409 415 -
2513 360 2646 431 377

610 543 701 613 ὅτι
749 549 891 613 ποτ’
943 546 1066 628 ἄρα
1112 546 1181 612 τὸ
1230 546 1535 627 δαιμόνιον

609 654 680 720 τό
728 657 784 719 τ’
835 655 896 718 ἐν
943 652 1139 734 χρόνῳ
1186 656 1403 735 μακρῷ

609 760 863 839 νόμιμον
910 760 1007 825 ἀεὶ
1058 759 1246 840 Φύσει
1296 784 1365 825 τε
1416 758 1696 840 οι·εΦιικόι,Ι
1747 760 2002 839 (Bacch.
2047 758 2229 843 826).

228 866 373 933 Sed
432 869 616 933 iuxta
677 865 860 932 illam
923 866 1168 953 Legem
1230 872 1382 932 sunt
1445 865 1626 953 leges
1689 886 1850 952 quae
1913 867 2421 947 conscribuntur,
2482 889 2646 953 quae

224 994 359 1039 nec
418 972 605 1054 Φύσει
663 974 1012 1051 πεφυκότες
1062 979 1246 1048 sunt,
1296 992 1411 1037 nec
1457 971 1936 1051 immutabiles,
1986 972 2497 1058 quandoquidem
2549 994 2642 1040 se-

224 1079 525 1146 cundum
588 1100 884 1145 normam
929 1078 1125 1165 Legis
1171 1078 1350 1145 illius
1398 1100 1771 1165 supremae,
1824 1079 1937 1157 „lx
1984 1086 2099 1144 τῶν
2149 1079 2459 1158 δικαίων”,
2508 1101 2640 1146 cor-

224 1190 548 1272 riguntur
608 1185 711 1267 (fr.
763 1184 945 1266 212),
1010 1191 1228 1251 contra
1272 1185 1773 1271 pessumdantur
1819 1191 2322 1272 corrumpuntur
2369 1184 2640 1252 simulac

225 1313 427 1359 aures
476 1290 718 1378 popelli
768 1290 1171 1377 permulcent
1228 1298 1541 1369 oratores,
1584 1292 1944 1370 δημηγόρων
1987 1292 2326 1372 ἀχάριστον
2361 1292 2635 1373 σπέρμα,

231 1400 359 1485 qui
396 1399 534 1471 τοὺς
576 1398 796 1478 Φίλους
829 1398 1226 1474 βλάπτοντες
1262 1400 1326 1464 ού
1366 1397 1751 1479 Φροντίζουσι
1771 1446 1789 1477 ,
1831 1397 2180 1473 dummodo
2222 1406 2344 1471 τοῖς
2382 1407 2636 1470 πολλοῖς

229 1507 389 1585 πρὸς
434 1504 621 1586 χάριν
664 1504 873 1583 λέγειν
922 1506 1170 1589 possint
1215 1504 1400 1583 (Hec.
1455 1503 1637 1586 256).

333 1613 660 1693 Quantum
697 1632 735 1678 a
757 1610 1070 1699 gliscente
1107 1611 1496 1678 ochlocratia
1532 1615 1671 1698 ipse
1711 1616 1898 1698 poeta
1938 1618 2071 1678 tam
2111 1610 2368 1698 legibus
2392 1614 2635 1677 civium

229 1739 439 1806 quam
478 1720 765 1785 moribus
802 1722 1130 1796 timuerit,
1174 1718 1469 1806 singulae
1510 1718 1990 1806 tragoediarum
2032 1722 2302 1805 paginae
2326 1718 2633 1785 clamant.

226 1828 639 1893 Paucissima
684 1831 942 1891 tantum
979 1825 1277 1912 exempla
1318 1825 1634 1891 adducam
1685 1862 1762 1875 -
1803 1846 1953 1891 nam
1993 1847 2094 1891 res
2128 1828 2267 1912 ipsa
2305 1829 2374 1891 in
2412 1830 2632 1913 aperto

226 1939 339 2000 est
382 1971 469 1983 —
517 1953 679 2019 quae
736 1936 1001 2019 propius
1046 1953 1241 2019 quam
1286 1939 1497 1999 cetera
1543 1933 1623 1998 ad
1669 1932 2020 2020 ftagmenti
2069 1930 2200 1999 597
2249 1936 2629 1999 sententiam

226 2038 565 2106 accedunt.
612 2036 846 2126 Cogito
893 2038 969 2105 de
1015 2037 1235 2105 Oreste
1283 2037 1470 2120 (907)

602 2140 753 2210 ὅταν
800 2145 927 2224 γὰρ
976 2144 1117 2219 ἡδὺς
1165 2154 1289 2217 τοῖς
1339 2145 1545 2223 λόγοις
1594 2150 1824 2226 φρονῶν
1873 2151 2070 2217 κακῶς

603 2252 795 2317 πείθει
844 2250 913 2315 τὸ
960 2253 1229 2329 πλῆθος,
1278 2261 1356 2333 τῇ
1405 2250 1582 2315 πόλει
1631 2251 1819 2315 κακὸν
1866 2250 2082 2329 μέγα,

234 2362 381 2445 apti
426 2380 677 2445 quoque
726 2364 919 2424 testes
966 2358 1198 2423 adsunt
1244 2360 1315 2450 in
1359 2357 1774 2444 supplicibus
1823 2362 1958 2423 tam
2002 2357 2286 2424 Theseus
2305 2408 2322 2438 ,
2364 2358 2440 2425 de
2482 2380 2633 2446 pau-

230 2465 504 2553 peribus
551 2470 817 2550 questus
862 2470 983 2546 (vs.
1033 2463 1193 2546 243)
1239 2466 1350 2552 qui
1398 2466 1615 2529 omnia
1664 2463 1835 2529 mala
1880 2469 2142 2530 struunt
2187 2468 2256 2530 in
2305 2464 2538 2531 divites

604 2571 921 2651 γλώσσαις
975 2579 1232 2651 πονηρῶν
1272 2573 1633 2651 προστατῶν
1680 2571 2058 2650 Φηλούμενοι

225 2699 430 2765 quam
477 2677 931 2745 Thebanorum
976 2677 1233 2763 legatus
1274 2677 1387 2744 ille
1426 2679 1865 2744 monarchiam
1905 2676 2222 2744 extollens
2262 2678 2439 2744 urbis
2479 2698 2630 2744 suae

172 2848 177 2852 .
227 2795 361 2868 (vs.
411 2784 570 2869 413)

599 2891 718 2958 οὐδ’
768 2888 932 2957 ἔστιν
980 2891 1175 2964 αὐτὴν
1220 2885 1386 2960 ὅστις
1435 2890 1753 2972 ἐκχαυνῶν
1805 2889 2014 2968 λόγοις

599 2998 741 3079 πρὸς
796 2998 991 3078 κέρδος
1040 2995 1187 3064 ἴδιον
1232 2996 1453 3062 ἄλλοτ’
1505 2996 1740 3061 ἄλλοσε
1789 2995 2062 3078 στρέφει.

328 3105 627 3172 Oratores
686 3102 975 3191 publicos
1034 3109 1100 3170 et
1157 3103 1381 3190 populi
1428 3105 1755 3169 contiones
1800 3103 1954 3169 haec
2003 3107 2311 3190 spectant.
2361 3101 2485 3168 Sed
2533 3109 2626 3168 te-

224 3212 516 3280 nendum
582 3217 715 3291 est,
779 3216 1036 3296 poetam
1100 3230 1224 3294 quo
1287 3230 1475 3276 nemo
1545 3211 1760 3296 magis
1826 3209 2172 3276 rhetorices
2240 3214 2625 3295 potestatem

226 3320 490 3408 propria
551 3338 668 3383 sua
730 3322 867 3383 arte
928 3319 1318 3394 exercuerit,
1382 3323 1447 3382 et
1510 3317 1762 3382 novisse
1825 3321 1891 3382 et
1953 3318 2251 3382 timuisse
2299 3337 2443 3382 eam
2488 3319 2624 3383 vim

228 3447 429 3513 quam
475 3427 543 3490 in
588 3423 881 3510 singulos
929 3423 1222 3489 homines
1268 3444 1371 3489 ars
1417 3421 1669 3488 dicendi
1720 3429 2045 3489 exerceat:

598 3533 705 3596 οὐκ
752 3529 882 3594 ἔστι
934 3532 1179 3602 Πειθοῦς
1222 3530 1372 3608 ἱερὸν
1420 3525 1581 3593 ἄλλο
1632 3531 1794 3604 πλὴν
1845 3528 2070 3608 λόγος,

598 3637 701 3701 καὶ
750 3636 963 3714 βωμὸς
1012 3637 1207 3710 αὐτῆς
1259 3636 1389 3700 ἐστ’
1440 3636 1500 3700 ἐν
1545 3635 1851 3715 ἀνθρώπου
1899 3636 2088 3716 Φύσει
2139 3636 2242 3718 (fr.
2300 3634 2476 3715 1¹70).

326 3743 494 3810 Cum
556 3750 811 3810 tantum
858 3744 1077 3827 itaque
1124 3740 1383 3807 suadela
1429 3744 1651 3828 possit,
1701 3747 2020 3829 praestare
2067 3741 2328 3808 videtur
2377 3740 2628 3836 homini

230 3857 505 3917 naturae
551 3857 745 3936 atque
790 3848 1029 3926 indoli,
1078 3869 1275 3934 quam
1321 3851 1634 3928 orationi,
1676 3849 1858 3916 factis
1899 3870 2096 3934 quam
2139 3849 2371 3926 verbis,
2411 3849 2624 3912 animo

230 3959 397 4024 civis
457 3976 651 4044 quam
710 3955 845 4042 legi
904 3957 1011 4019 cui
1072 3959 1291 4040 pareat
1353 3955 1685 4021 confidere.
1753 3954 1911 4021 Vide
1973 3975 2166 4040 qnam
2230 3953 2417 4039 plane
2479 3975 2622 4020 con—

228 4084 473 4150 gruens
518 4083 669 4128 cum
715 4061 1079 4148 fragmento
1129 4058 1260 4127 597
1308 4063 1623 4146 sapientia
1672 4061 1750 4126 fr.
1802 4061 1934 4127 206
1982 4068 2086 4142 (ex
2136 4063 2438 4147 Antiope)
2483 4081 2623 4147 pro-

230 4171 509 4235 feratur:
716 4151 731 4158 ”

596 4269 639 4336 ὦ
690 4281 841 4352 παῖ,
892 4272 1148 4350 γένοιντ’
1196 4272 1273 4336 ἂν
1323 4269 1390 4337 εὖ
1436 4273 1807 4350 λελεγμένοι
1855 4274 2028 4350 λόγοι

597 4382 877 4460 ψευδεῖς,
932 4381 1087 4445 ἐπῶν
1132 4379 1195 4445 δὲ
1244 4380 1543 4445 κάλλεσιν
1590 4381 1795 4460 νικῷεν
1841 4378 1918 4445 ἂν

598 4486 894 4563 τάληθές·
944 4489 1123 4553 ἀλλ’
1172 4487 1253 4552 οὐ
1303 4491 1543 4552 τοῦτο
1589 4486 2270 4568 τῶκριβὲστατον
