3246 5085
628 350 759 416 142
1676 364 1960 417 snmus.

620 532 847 618 palen,
910 533 990 597 cf.
1052 531 1248 597 Theb.
1312 530 1418 595 VI.
1469 528 1642 597 830:
1697 536 1892 597 uncta
1937 531 2117 616 pale;
2167 530 2230 596 11
2278 550 2370 597 vs.
2425 530 2590 598 158:
2639 534 3016 619 priscosque

619 642 838 705 virum
886 640 1155 703 mirarer
1198 638 1465 703 honores
1483 686 1501 717 ‚
1550 637 1628 703 cf.
1686 636 1850 702 118:
1903 642 2256 702 monstrare
2302 635 2448 724 lyra
2492 643 2740 703 veteres
2784 639 3016 705 heroas

622 744 915 822 alumn0,
966 748 1032 808 et
1084 742 1211 809 188
1237 763 1365 828 sq.:
1414 745 1584 809 canit
1629 742 1740 808 ille
1784 742 1992 808 libens
2031 746 2344 809 immania
2387 742 2656 809 laudum
2693 747 2962 811 semina.

596 918 603 927 ,
710 850 840 916 Ubi
886 850 1176 916 versibus
1222 870 1416 935 supra
1460 848 1759 915 indicatis
1805 851 2060 915 numeri
2103 854 2255 915 nota
2301 848 2590 916 Romana
2629 871 2750 915 non
2791 850 3016 917 addita

620 961 752 1035 est,
797 977 1025 1023 versus
1070 976 1105 1021 e
1149 954 1314 1022 libro
1361 957 1572 1042 priore
1616 954 2083 1042 significantur.

1319 1440 1407 1487 AD
1450 1439 1724 1488 SOHOLIA
1768 1438 2296 1489 ARISTOPHAMGA.

706 1633 893 1722 Vesp.
940 1634 1115 1701 1188
1138 1656 1229 1722 sq.
1283 1635 1648 1721 „Nunquam
1684 1635 1753 1699 in
1789 1635 1964 1700 budoc
1987 1635 2265 1719 publicos
2301 1634 2515 1701 missu-8
2552 1658 2678 1700 mm
2701 1635 3003 1722 equidem,

614 1742 741 1807 nisi
783 1741 963 1805 semel
1004 1741 1248 1820 Parum,
1297 1742 1400 1805 καὶ
1449 1746 1661 1805 ταῦτα
1710 1739 1803 1805 δύ’
1851 1740 2048 1821 ὀβολὼ
2095 1741 2366 1821 Φέρων”.

706 1845 1134 1912 Philocleonis
1172 1848 1329 1912 haec
1364 1847 1560 1914 verba
1598 1852 1804 1924 recte,
1849 1851 1926 1910 ut
1964 1848 2258 1925 arbitror,
2299 1849 2546 1913 amicus
2583 1868 2767 1915 meus
2789 1848 3012 1913 iunior

614 1952 967 2039 Hooykaas
1005 1974 1155 2019 cum
1194 1955 1405 2039 primo
1446 1951 1788 2018 scholiasta
1821 1954 1914 2017 ita
1953 1958 2049 2018 est
2085 1954 2544 2038 interpretatus
2584 1960 2660 2019 ut
2690 1958 3011 2019 statueret

614 2061 884 2139 remiyem
921 2078 1073 2123 eum
1110 2064 1253 2123 tum
1290 2059 1488 2124 fuisse
1525 2061 1594 2123 in
1632 2061 1784 2124 navi
1824 2057 2100 2144 publica.
2143 2058 2280 2138 Qua
2318 2058 2738 2145 explicatione
2770 2080 3006 2145 parum

614 2165 880 2250 probata
924 2164 1161 2229 Romer
1204 2162 1502 2243 (Studien
1550 2186 1612 2251 p.
1671 2161 1824 2243 114)
1873 2166 1964 2229 sic
2010 2164 2406 2249 disputavit:

708 2269 1081 2347 „vielleicht
1126 2290 1255 2333 war
1299 2269 1400 2333 die
1445 2270 1720 2355 richtige
1759 2268 2130 2355 Erkliirung
2167 2273 2239 2334 in
2278 2267 2423 2335 dem
2465 2268 3006 2335 verstiimmelten

479 2454 487 2462 ¹
617 2374 956 2455 „Scholion
1000 2374 1324 2461 gegeben,
1375 2374 1485 2441 das
1531 2377 1652 2441 wir
1696 2376 1890 2441 heuto
1939 2395 2015 2440 an
2055 2379 2312 2442 zweiter
2351 2375 2550 2441 Stelle
2588 2376 2797 2441 lesen:
2840 2378 2892 2440 οἷ
2934 2377 3005 2441 δὲ

617 2483 833 2560 »κατὰ
882 2480 1137 2545 παιδιὰν
1186 2482 1451 2562 εἰρῆσθαι
1500 2482 1770 2560 κωμικὴν
1816 2482 1926 2556 τὴν
1973 2482 2172 2561 Πάρον
2220 2490 2265 2560 <
2273 2529 2561 2550 .......
2573 2489 2634 2554 >.
2685 2482 2890 2564 ἷκρὶοις
2933 2482 3002 2547 δὲ

616 2589 1009 2666 »θεωροῦντες
1081 2586 1219 2660 τοὺς
1293 2587 1396 2652 δύο
1464 2589 1726 2664 ὀβολοὺς
1795 2596 2097 2668 παρεῖχον
2159 2596 2298 2668 τοῖς,
2349 2577 2800 2670 ἀρχιτέκτοσιν.
2874 2589 3002 2655 Die

615 2691 877 2772 „Worte
938 2693 1128 2758 sehen
1193 2695 1369 2758 einer
1427 2693 1637 2759 leeren
1700 2693 2057 2780 Erfindung
2118 2693 2435 2759 durchaus
2482 2695 2667 2760 nicht
2710 2693 2998 2761 ahnlich.

612 2797 745 2876 „Es
790 2819 970 2863 muss
1016 2798 1323 2863 demnach
1370 2802 1474 2864 ein
1520 2798 1879 2865 schlechter
1923 2800 2102 2865 Platz
2147 2803 2242 2865 im
2289 2799 2840 2866 Zuschauerraum
2888 2801 3004 2866 (les

613 2905 961 2985 „Theaters
1003 2905 1230 2991 irgend
1278 2909 1461 2984 einen
1502 2905 1623 2971 den
1663 2905 1828 2970 Witz
1870 2909 1994 2970 mit
2031 2905 2232 2984 Πάρος
2269 2905 2745 2993 nahelegenden
2784 2906 3004 2992 Spott-

612 3033 885 3091 „namen
945 3011 1329 3076 bekommen
1394 3011 1636 3088 haben,
1702 3011 1822 3075 auf
1876 3011 1996 3076 den
2047 3011 2158 3076 der
2203 3011 2470 3076 Dichter
2515 3012 2655 3077 hier
2699 3010 3002 3096 anspielt.

612 3117 808 3197 „Also
866 3119 1039 3183 seine
1099 3117 1306 3196 θεωρίαι
1371 3117 1720 3182 erstreckte
1769 3117 1904 3182 sich
1952 3138 2077 3182 nur
2123 3117 2242 3182 auf
2279 3116 2400 3182 den
2447 3115 3008 3203 einmaligen·Be·

610 3223 812 3302 „such
861 3220 967 3286 des
1014 3220 1317 3286 Theaters
1360 3224 1426 3286 in
1475 3221 1758 3287 Athen’'.

697 3326 790 3393 At
846 3327 1160 3392 Roemero
1230 3327 1399 3392 hu‘nc
1466 3326 1684 3393 locum
1749 3329 2051 3393 tractanti
2114 3330 2168 3392 si
2215 3333 2467 3413 praesto
2518 3328 2780 3408 fuisset,
2830 3349 3001 3415 quae

608 3432 857 3520 aliquot
918 3434 1247 3498 mensibus
1307 3439 1451 3518 post
1498 3433 1810 3519 evulgata
1855 3439 1972 3512 est,
2022 3433 2257 3498 codicis
2303 3433 2529 3500 Veneti
2578 3437 2794 3522 imago
2841 3435 3005 3521 pho-

605 3545 867 3625 totypa,
929 3541 1148 3603 minus
1209 3545 1284 3602 ut
1330 3541 1554 3623 opinor
1599 3541 1661 3604 ei
1708 3537 2051 3623 placuisset
2096 3560 2289 3623 quam
2337 3540 2487 3603 iniit
2532 3541 3000 3625 interpretandi

604 3649 787 3711 ratio.
830 3643 995 3709 Nam
1033 3643 1168 3709 illic
1205 3647 1272 3708 in
1312 3648 1583 3729 paginae
1622 3647 1916 3730 margine
1955 3646 2212 3709 sinistro
2249 3643 2492 3730 legitur
2523 3645 2646 3709 hoc
2671 3644 2994 3712 scholion:

609 3754 1020 3831 »μισθοφορῶν
1081 3751 1390 3816 τοσούτου.
1452 3749 1652 3829 Πάρον
1712 3751 1776 3816 δὲ
1824 3751 1874 3815 οἱ
1922 3751 2037 3829 μὲν
2084 3751 2267 3816 τόπον
2311 3751 2362 3815 οἱ
2411 3750 2472 3816 δὲ
2521 3751 2688 3816 κατὰ
2737 3751 2998 3817 παιδιὰν

608 3859 919 3937 »κωμικὴν
967 3857 1075 3930 τὴν
1124 3855 1361 3936 Ποὶρονε
1412 3855 1541 3904 -”

692 3965 761 4027 in
808 3962 1029 4027 dextro
1078 3983 1229 4028 vero
1270 3999 1354 4010 —
1395 3961 1621 4027 multis
1669 3959 1815 4026 aliis
1861 3960 2120 4027 scholiis
2164 3963 2546 4027 intermissis
2587 3999 2673 4011 —-
2716 3963 2946 4030 hocce:

608 4077 682 4148 „3
720 4073 857 4148 (ἰπὶ)
896 4068 1087 4147 ἰκρίων
1136 4069 1487 4147 θεωροῦντες
1534 4066 1678 4138 τοὺς
1731 4066 1833 4132 δύο
1880 4067 2135 4144 ὀβολοὺς
2186 4077 2485 4150 παρεῖχον
2530 4077 2659 4140 τοῖς
2699 4069 2998 4149 ἀρχιτέκ-

607 4171 880 4251 ,,τοσιν”.

690 4276 1065 4346 Cavendum
1105 4284 1203 4343 est
1238 4280 1445 4365 igitur
1484 4299 1561 4343 ne
1604 4280 1672 4342 in
1713 4299 1918 4344 unum
1960 4278 2488 4365 conglutinentur
2527 4279 2991 4348 diversissima.

2700 4403 2762 4450 v.
2811 4385 2888 4452 L.
