3246 5085
1252 358 1565 407 nonnus.
2397 297 2410 307 .
2476 342 2607 409 429

218 532 603 593 tamentum.
667 524 991 589 Donatum
1057 544 1206 588 cum
1270 522 1500 601 „aliis”
1567 522 1702 587 illis
1764 525 1962 589 etiam
2023 524 2415 591 intellexisse
2474 529 2609 591 coci

217 631 570 719 discipulos
628 630 1024 696 demonstrat
1086 633 1225 695 eius
1287 628 1609 695 scholium
1668 630 1799 711 (4):
1867 629 2149 708 „Eccum
2211 631 2430 699 adest”
2497 654 2610 718 pro

218 761 287 805 se
336 760 409 805 ac
455 758 569 824 pro
618 736 951 822 discipulis
1000 734 1233 823 Sanga.

314 845 473 910 Ibid.
527 843 609 908 16
681 843 849 925 Quid
896 840 1194 909 videtur?
1244 842 1535 907 Fundam
1578 843 1697 907 tibi
1741 864 1909 907 nunc
1949 846 2143 909 nimis
2184 843 2417 910 vellem
2454 845 2610 923 dari,

217 962 297 1017 ut
345 958 417 1016 tu
466 948 690 1035 procul
738 949 886 1014 hinc
932 970 1008 1013 ex
1060 948 1307 1014 occulto
1353 948 1664 1013 caederes.
1715 948 2021 1014 Facerent
2068 950 2314 1037 fugam.

313 1057 409 1138 (2)
469 1055 787 1120 Dubitant
848 1074 885 1119 a
948 1076 1074 1140 quo
1132 1054 1379 1119 dictum
1446 1057 1531 1118 sit
1598 1054 1797 1140 „quid
1844 1054 2212 1120 videtur?’'.
2277 1056 2416 1141 Ego
2463 1078 2613 1122 sane

217 1164 341 1229 hoe
401 1162 683 1228 militem
748 1168 907 1246 puto
972 1160 1223 1226 dicere''
1284 1165 1433 1226 cett.
1529 1160 1820 1227 Donatus
1882 1162 2133 1226 abunde
2181 1162 2396 1242 docet,
2447 1164 2617 1250 quod

220 1282 411 1335 nemo
458 1268 650 1334 hodie
698 1266 987 1345 dubitat,
1039 1265 1321 1331 militem
1370 1269 1460 1331 sic
1510 1267 1738 1333 dicere.

316 1373 389 1438 In
459 1372 695 1439 scholio
756 1372 853 1454 (3)
919 1372 1203 1467 Donatus
1267 1378 1435 1437 recte
1502 1374 1696 1438 verba
1764 1373 2100 1451 „Fundam
2164 1374 2327 1439 tibi’'
2393 1397 2447 1440 e.
2475 1397 2533 1461 q.
2561 1398 2613 1440 s.

217 1480 549 1548 Gnathoni
612 1478 806 1545 dedit.
878 1478 1087 1543 Aliam
1154 1479 1542 1543 divisionem
1604 1485 2069 1544 commemorat
2128 1483 2197 1544 in
2258 1480 2358 1561 (7)
2408 1480 2618 1558 „Sunt

219 1594 444 1653 autem
506 1587 618 1671 qui
679 1591 912 1669 putant
972 1585 1127 1649 haec
1191 1606 1227 1649 a
1287 1583 1529 1649 Thaide
1592 1583 1671 1649 ad
1735 1582 2148 1651 Chremetem
2212 1585 2382 1651 dici”
2443 1592 2615 1665 cett„

227 1694 340 1760 sed
389 1694 508 1757 hoc
553 1693 785 1757 merito
832 1689 1071 1756 refellit
1102 1690 1167 1772 ¹).

321 1799 680 1864 Discrimen
719 1797 851 1863 late
887 1806 1110 1883 patens
1148 1800 1211 1861 in
1255 1818 1669 1883 personarum
1712 1797 2160 1863 distributione
2189 1806 2382 1884 atque
2405 1799 2620 1886 ampla

226 1905 464 1971 Donati
502 1905 853 1991 disputat-io
893 1903 968 1968 de
1004 1904 1121 1968 hac
1162 1924 1229 1968 re
1267 1905 1698 1989 suspicionem
1739 1912 2003 1969 movent
2041 1911 2330 1971 auctores
2354 1904 2620 1971 alterius

226 2013 545 2099 opinionis
582 2012 780 2075 fuisse
820 2016 1013 2075 testes
1054 2012 1209 2075 satis
1232 2008 1615 2095 locupletes,
1654 2010 1940 2076 Probum
1972 2012 2248 2098 Asprum
2273 2014 2616 2089 nimirum,

230 2126 377 2184 tum
426 2137 577 2183 vero
622 2115 723 2181 illi
772 2120 1081 2181 errarunt.

324 2223 483 2289 Ibid.
532 2223 619 2288 25
693 2222 860 2302 Quid
910 2243 1056 2287 cum
1107 2220 1220 2287 illo
1268 2220 1464 2307 agas?

324 2330 517 2396 Recte
578 2329 867 2395 Donatus
926 2329 1046 2394 hoc
1094 2330 1184 2393 sic
1233 2327 1512 2414 explicat
1555 2331 1626 2393 in
1672 2328 1791 2409 (l),
1841 2335 1916 2393 ut
1960 2328 2153 2394 Thais
2202 2330 2480 2396 militem
2527 2333 2622 2394 in-

233 2439 505 2525 dignum
570 2439 866 2502 aestimet
929 2456 1207 2521 quocum
1268 2442 1419 2522 agat
1480 2437 1712 2521 cuique
1775 2456 1840 2501 se
1904 2442 2175 2523 purget3
2225 2444 2292 2501 at
2338 2443 2478 2501 tum
2529 2458 2622 2502 se-

232 2551 523 2632 quuntur
582 2548 882 2628 corrupta
946 2542 1139 2608 verba
1184 2542 1589 2608 huiusmodi:
1646 2564 1838 2620 „nam
1885 2550 2066 2610 erant
2111 2546 2224 2628 qui
2268 2542 2512 2623 dicent,
2566 2546 2622 2608 si

230 2649 475 2716 vellem
537 2648 736 2714 militi
796 2670 861 2714 se
908 2647 1301 2714 conciliari’'.
1355 2647 1652 2712 Wessn.
1702 2652 1792 2714 sic
1838 2652 2146 2715 correxit:
2200 2670 2390 2728 „nam
2441 2656 2621 2714 erant

232 2759 347 2841 qui
382 2755 695 2833 dicerent,
744 2757 796 2818 si
847 2752 1041 2820 vellet
1090 2752 1291 2818 militi
1330 2753 1792 2819 reconciliari'’.
1843 2753 2008 2834 Quid
2053 2756 2172 2820 hoc
2217 2757 2284 2819 in
2334 2776 2400 2820 re
2448 2777 2623 2840 prae-

180 2919 195 2926 -
230 2864 399 2928 senti
438 2861 561 2926 sibi
599 2859 793 2938 velit,
836 2881 959 2926 non
996 2859 1315 2946 intelligo.
1357 2859 1659 2945 Suspicor
1683 2859 2006 2925 Donatum
2034 2863 2392 2946 scripsisse:
2425 2883 2617 2940 „nam

232 2968 617 3047 errant2),
659 2968 767 3052 qui
808 2966 1134 3045 dicunt,
1179 2965 1404 3032 velle
1451 2986 1623 3031 eam
1665 2965 1864 3031 militi
1906 2987 1972 3031 se
2012 2966 2399 3032 conciliari''.
2447 2965 2616 3031 Tum

230 3076 441 3161 igitur
489 3072 566 3137 D.
616 3094 721 3138 eos
770 3073 1042 3148 refutat,
1090 3074 1205 3157 qui
1249 3077 1591 3157 putarent,
1639 3071 1950 3138 Thaidem
1997 3073 2097 3137 his
2143 3074 2353 3138 verbis
2400 3093 2618 3138 secum

228 3185 562 3266 reputare,
627 3179 944 3264 quomodo
1006 3200 1154 3244 cum
1216 3176 1429 3245 milite
1491 3199 1558 3244 se
1620 3178 2004 3244 conciliaret.
2066 3178 2353 3260 Quorum
2401 3187 2619 3244 autem

230 3289 661 3372 interpretum
711 3286 815 3350 hie
863 3307 1035 3350 error
1083 3285 1315 3363 fuerit,
1367 3287 1510 3370 quis
1558 3282 1771 3350 dicet?

326 3392 381 3454 V
429 3389 605 3457 4.17
674 3391 773 3456 Ex
820 3393 961 3456 iure
1014 3392 1307 3457 hesterno
1356 3411 1583 3476 panem
1636 3396 1849 3455 atrum
1896 3397 2125 3456 vorent

328 3497 422 3578 (3)
474 3497 758 3576 „Panem
804 3503 1019 3562 atrum
1067 3497 1362 3563 hesterno
1410 3519 1489 3562 ex
1537 3496 1740 3574 iure'’,
1789 3501 1864 3561 ut
1908 3496 2170 3582 quidam
2220 3497 2478 3575 volunt,
2527 3520 2620 3564 ex

234 3606 759 3690 antiquitate
809 3603 1231 3670 mucidum
1281 3606 1655 3689 accipimus.
1749 3601 2078 3669 Scholium
2124 3606 2460 3692 magistri,
2509 3607 2620 3690 qui

238 3701 636 3797 „quosdam”
686 3712 997 3795 sequitur,
1049 3715 1123 3773 ut
1169 3716 1355 3775 antea
1402 3710 1606 3775 docui.

328 3815 381 3880 V
430 3816 493 3881 8.
520 3814 606 3882 27
676 3815 960 3896 Quodvis
1011 3815 1251 3881 donum
1298 3818 1657 3902 praemium
1705 3835 1741 3880 a
1787 3837 1891 3880 me
1939 3821 2160 3900 optato

326 3922 423 4003 (5)
488 3921 622 3986 Alii
682 3942 835 3987 vero
898 3921 1237 3993 αἱσυνδετῶς
1286 3924 1740 4007 pronuntiant:
1789 3924 2000 4006 primo
2049 3921 2376 3999 „donum”
2420 3928 2485 3987 et
2531 3925 2622 3988 sic

238 4027 687 4116 „praemium”
739 4030 922 4113 quasi
969 4048 1165 4092 unam
1213 4034 1480 4114 partem,
1512 4030 1836 4094 orationis.

326 4135 519 4200 Recte
589 4132 784 4208 „alii”
847 4133 952 4198 illi
1014 4132 1287 4214 (Probus
1336 4135 1541 4220 Asper
1558 4131 1610 4214 2)
1631 4156 1648 4213 ς
1714 4133 2001 4199 Donatus
2052 4155 2385 4220 perperam
2433 4133 2622 4199 aliter

234 4245 302 4307 in
351 4241 467 4322 (1).
531 4240 625 4305 De
673 4241 773 4304 his
819 4261 1069 4326 quoque
1117 4245 1303 4306 antea
1347 4241 1622 4325 egimus.

307 4423 358 4482 1)
396 4419 469 4468 De
504 4417 703 4480 reliquis
735 4415 927 4464 scholiis
962 4415 1069 4464 vide
1101 4419 1244 4480 caput
1278 4415 1337 4465 dc
1370 4413 1838 4480 interpolationibus.

306 4501 359 4566 2)
394 4500 465 4550 ct.
502 4500 592 4550 Ad.
628 4499 651 4547 1
688 4497 817 4548 236
836 4499 927 4561 (1>=
968 4499 1178 4548 ‚Errant
1213 4497 1295 4561 qui
1332 4495 1555 4562 putant”.
