3246 5085
1253 364 1568 414 nonu-us.
2480 354 2608 419 431

315 534 392 598 In
451 532 548 614 (1)
610 530 900 597 Donatus
962 530 1458 617 significationes
1520 530 1807 596 diversas
1872 533 2050 597 verbi
2115 539 2180 599 et
2225 536 2613 602 substantivi

207 646 450 727 etymo
497 638 774 727 quodam
821 636 1159 703 conciliare
1204 642 1468 703 conatus
1517 644 1635 703 est.
1684 638 2086 726 Quantopere
2132 644 2199 705 in
2246 640 2616 709 definiendis

206 752 290 811 et
329 743 679 811 scribendis
718 744 818 808 his
857 744 1124 809 vocibus
1161 742 1512 809 laborarint
1551 746 1801 830 antiqui
1851 766 1966 811 nec
2010 767 2133 812 non
2182 747 2371 813 hodie
2417 751 2615 818 etiam

202 851 568 930 laboretur,
632 850 860 915 docent
921 848 1046 915 loci
1095 871 1131 915 a
1179 849 1514 916 Wessnero
1561 853 1743 915 citati
1791 852 1858 915 in
1904 852 2271 939 Appendice
2317 860 2383 918 et
2426 857 2617 920 inter-

205 963 436 1045 pretes
483 956 562 1023 ad
609 956 864 1022 Horatii
909 956 1028 1043 Ep.
1082 956 1110 1020 Ι
1159 955 1358 1035 5.16,
1411 954 1470 1023 7.
1505 956 1544 1020 6
1577 956 1647 1031 ¹).
1727 956 1802 1021 In
1841 957 1939 1039 (2)
1980 966 2199 1025 autem
2238 960 2467 1026 Editor
2503 982 2617 1047 per

191 1072 368 1147 puto
437 1086 536 1145 eqo
618 1068 996 1149 arroganter
1063 1063 1356 1129 adiunxit
1427 1060 1594 1129 alius
1666 1064 2056 1130 substantivi
2124 1066 2271 1131 inde
2341 1065 2617 1133 derivati

205 1170 760 1258 significationem
799 1190 1060 1255 prorsus
1101 1168 1460 1235 inauditam
1501 1170 1578 1234 ab
1617 1172 1885 1256 ipsoque
1925 1174 2234 1238 nimirum
2261 1174 2617 1254 inventam,

209 1286 297 1344 ut
361 1276 488 1343 alia
545 1276 920 1342 istiusmodi
981 1297 1175 1362 supra
1221 1296 1258 1341 a
1303 1296 1410 1342 me
1456 1275 1739 1362 prolata,
1791 1276 1945 1343 dum
1993 1281 2059 1344 in
2108 1279 2231 1345 fine
2275 1301 2449 1346 more
2497 1282 2619 1345 sibi

207 1383 413 1451 solito
461 1383 770 1470 quaedam
819 1405 854 1448 e
901 1382 1137 1449 Donati
1185 1382 1424 1448 scholio
1471 1386 1798 1468 repetivit.

311 1488 475 1557 Ibid.
527 1488 614 1555 36
687 1490 828 1577 Ego
876 1488 976 1555 illi
1022 1491 1378 1555 maximam
1425 1496 1678 1575 partem
1726 1491 1926 1557 feram

311 1596 412 1677 (1)
475 1596 712 1662 Errant
774 1598 887 1682 qui
940 1594 1127 1674 „illi”
1178 1602 1412 1682 putant
1458 1616 1595 1663 esse
1640 1618 2023 1684 pronomen,
2071 1618 2221 1663 cum
2271 1601 2355 1664 sit
2404 1599 2622 1666 adver-

215 1704 413 1768 bium
459 1701 584 1768 loci
631 1708 706 1767 ut
749 1701 894 1780 „illi
931 1722 1076 1769 mea
1115 1704 1326 1768 tristia
1367 1705 1534 1769 facta
1573 1703 2080 1791 degeneremque
2117 1704 2619 1791 Neoptolemum

215 1828 483 1875 narrare
519 1808 886 1875 memento''
913 1810 1098 1890 (Aen.
1139 1808 1202 1874 ῙῙ
1244 1808 1423 1891 548).
1477 1810 1669 1888 „Illi”
1696 1831 1882 1899 ergo:
1925 1811 2052 1890 ibi,
2092 1812 2204 1878 ubi
2228 1811 2340 1878 ille
2364 1820 2615 1899 peccat3

217 1937 425 2003 quare
485 1916 748 2003 quidam
811 1919 1008 1982 etiam
1067 1915 1131 1981 li
1200 1915 1518 2003 syllabam
1564 1917 1966 1984 discretionis
2011 1940 2236 1998 causa,
2286 1927 2360 1985 ut
2404 1920 2619 1987 locum

219 2023 588 2111 significet,
635 2026 1012 2109 corripiunt.

317 2128 491 2195 Fieri
537 2135 748 2217 potest
793 2135 869 2195 ut
914 2129 1076 2196 Don.
1125 2130 1246 2196 hoc
1289 2129 1425 2196 loco
1472 2129 1667 2196 Probi
1706 2132 1897 2217 Aspri
1938 2134 2322 2197 sententiam
2363 2137 2622 2198 tueatur

225 2242 456 2303 contra
515 2256 622 2302 eos
669 2239 778 2322 qui
827 2256 1177 2321 pronomen
1223 2256 1358 2302 esse
1407 2235 1753 2301 crederent.
1802 2236 1992 2302 Redit
2040 2237 2253 2303 simile
2302 2238 2617 2303 scholium

225 2366 384 2409 cum
432 2341 728 2429 exemplo
775 2342 968 2430 Verg.
1019 2343 1176 2410 Hec.
1228 2341 1259 2407 Ῑ
1306 2346 1368 2408 2.
1402 2342 1483 2408 19
1509 2342 1627 2425 (3).
1676 2343 1838 2409 Pho.
1888 2342 1918 2409 I
1965 2344 2028 2409 2.
2058 2345 2138 2410 41
2169 2346 2285 2427 (2).
2353 2344 2619 2412 Servius

221 2450 308 2515 ad
360 2451 516 2515 Aen.
563 2447 656 2515 1.1.
707 2454 895 2515 tacet.

321 2556 386 2622 II
434 2556 494 2622 3.
525 2555 566 2621 6
635 2555 859 2643 Itaque
897 2578 1094 2622 unam
1134 2577 1272 2622 rem
1313 2579 1418 2622 me
1457 2557 1691 2624 habere
1729 2564 1979 2643 praeter
2018 2557 2172 2624 alios
2212 2562 2620 2646 praecipuam

221 2664 527 2740 arbitror,
589 2662 853 2727 fratrem
912 2663 1162 2727 homini
1225 2665 1470 2728 nemini
1531 2684 1666 2728 esse
1713 2665 2073 2749 primarum
2120 2666 2361 2729 artium
2407 2669 2620 2752 magis

221 2771 588 2856 principem

319 2875 417 2957 (1)
479 2874 660 2940 Nove
723 2873 888 2940 dixit
937 2896 1177 2952 „unam
1226 2873 1408 2940 rem''
1461 2874 1834 2952 „fratrem”.
1975 2875 2071 2957 (2)
2117 2875 2239 2941 Sed
2289 2899 2411 2963 ego
2461 2883 2619 2963 puto

225 2983 584 3062 „fratrem”
642 3005 766 3047 non
827 2982 1479 3068 subdistinguendum
1525 2981 1635 3046 sed
1682 2981 2029 3066 legendum
2078 2988 2371 3048 contexte
2418 3005 2621 3070 usque

221 3089 306 3154 ad
349 3089 812 3176 „principem'’.
855 3089 1022 3154 Nam
1062 3092 1115 3154 si
1158 3088 1528 3154 distinxeris
1573 3088 1946 3167 „fratrem'’,
1986 3089 2083 3154 bis
2107 3091 2229 3154 erit
2258 3090 2617 3166 „arbitror”

220 3193 777 3274 subaudiendum,
824 3199 890 3260 et
935 3217 1126 3280 supra
1173 3202 1237 3260 et
1275 3195 1457 3260 infra.
1508 3193 1748 3274 Quodsi
1796 3195 2145 3273 „fratrem”
2186 3197 2620 3282 superioribus

219 3304 542 3380 iunxeris,
627 3307 692 3368 et
760 3323 910 3367 cum
979 3301 1402 3367 admiratione
1471 3303 1998 3386 pronuntiabitur
2068 3309 2132 3368 et
2200 3303 2621 3369 subaudietur

227 3429 468 3494 „quam
507 3407 737 3473 mihi”.
785 3408 969 3473 Hanc
1015 3429 1164 3473 sane
1203 3407 1599 3473 locutionem
1644 3412 1805 3472 scire
1844 3407 2149 3474 debemus
2192 3416 2451 3496 propter
2485 3432 2621 3496 per-

223 3536 449 3581 sonam
488 3513 912 3592 elaboratam,
954 3535 1102 3580 nam
1140 3520 1204 3579 et
1243 3515 1519 3578 nimium
1561 3513 1803 3600 gaudet
1841 3521 1905 3580 et
1945 3518 2224 3581 rusticus
2250 3516 2616 3582 adulescens

226 3627 360 3698 est,
404 3623 514 3706 qui
553 3625 817 3686 conatur
853 3620 1114 3686 laudare
1156 3618 1554 3686 Aeschinum
1595 3621 1879 3686 titubans
1917 3641 1987 3686 ac
2011 3642 2207 3706 paene
2231 3621 2616 3689 balbutiens.

299 3851 354 3916 1)
389 3849 606 3915 Exempli
639 3848 796 3913 gratia
830 3848 949 3898 cito:
993 3847 1470 3914 Eugraphium
1507 3851 1564 3898 ad
1603 3847 1729 3900 h.l:
1784 3848 2241 3914 ‚Dissignere
2275 3851 2469 3916 proprie
2502 3851 2619 3900 dici·

226 3935 310 3981 tnr
357 3931 537 3996 aliquid
585 3930 822 3993 signatum
873 3931 1058 3994 legibus
1103 3931 1357 3996 rumpere''
1405 3947 1446 3980 e.
1464 3947 1508 3996 q.
1529 3947 1566 3980 s.
1622 3933 1669 3980 N
1688 3931 1922 3981 onius:
1978 3933 2126 3981 -Cum
2164 3937 2275 3982 nota
2311 3937 2454 3997 atque
2489 3934 2621 3997 igno-

225 4013 378 4063 minia
426 4013 608 4077 aliquid
655 4012 842 4063 facere”
889 4014 1042 4063 citans
1087 4013 1186 4062 h.l.
1231 4014 1441 4063 Terenti.
1497 4014 2011 4062 Pseudo-Acron
2046 4015 2105 4063 ad
2144 4015 2263 4064 Hor.
2302 4015 2388 4080 Ep.
2428 4015 2611 4078 1.‚7.6=

227 4095 562 4160 Dissigna
585 4099 649 4144 to
671 4109 778 4144 res
827 4095 1070 4154 dicuntur,
1114 4095 1198 4158 qui
1242 4096 1299 4144 ad
1340 4095 1494 4144 locum
1531 4094 1711 4157 (lucum
1726 4099 1768 4156 Ρ)
1806 4094 2046 4144 Libitinae
2082 4096 2300 4145 funebria
2334 4099 2618 4161 praestanda

134 4169 147 4174 ’
224 4178 574 4238 conducuntur,
612 4181 665 4226 ut
701 4177 909 4226 defuncti
945 4193 1053 4226 cum
1091 4178 1269 4226 honore
1298 4178 1574 4226 efferantur.
1605 4177 1784 4226 Aliter:
1822 4178 1851 4226 d
1872 4178 1887 4226 i
1907 4195 1929 4226 s
1948 4177 2004 4226 si
2022 4194 2099 4242 gn
2119 4194 2146 4226 a
2166 4183 2185 4227 t
2204 4195 2231 4228 o
2252 4194 2318 4229 re
2337 4195 2360 4228 s
2393 4179 2617 4229 funerum

225 4261 466 4325 mancipes
515 4263 565 4308 et
614 4259 934 4318 ordinatores3
989 4275 1100 4309 nam
1151 4259 1562 4323 dissignat-e
1613 4263 1685 4308 est
1733 4260 1974 4321 ordinare,
2020 4261 2145 4310 unde
2188 4265 2237 4310 et
2283 4261 2364 4326 qui
2402 4262 2531 4312 locos
2565 4262 2616 4312 in

224 4343 430 4393 theatris
479 4341 824 4408 spectatoribus
876 4341 1250 4400 distribuebant,
1314 4341 1653 4405 dissignatores
1704 4341 2003 4392 dicebantur.
2055 4342 2312 4394 Praeterea
2362 4347 2434 4393 est
2485 4345 2515 4394 d
2534 4344 2552 4393 i
2574 4360 2616 4393 s-

226 4426 510 4488 signare
555 4423 861 4483 confundere,
908 4428 961 4473 nt
994 4428 1041 4472 et
1077 4423 1166 4472 iste
1199 4423 1342 4475 alibi:
1397 4424 1556 4489 „Quid
1593 4440 1689 4473 non
1724 4423 1927 4474 ebrietas
1963 4425 2233 4489 dissignat?
2268 4426 2358 4491 Ep.
2396 4427 2613 4487 1.5.10‚

229 4507 308 4558 ubi
344 4509 408 4559 id.
437 4507 596 4556 Schol.
639 4507 890 4570 ‚dissig
911 4513 1026 4555 nat
1060 4504 1261 4571 sperit’'.
1305 4506 1514 4570 Denique
1551 4507 1706 4556 Gloss.
1740 4507 1774 4556 i.
1796 4523 1839 4555 v.
1878 4507 1944 4555 VI
1986 4507 2023 4554 l.
2047 4509 2161 4556 330.
2198 4509 2313 4558 855.
