3246 5085
1269 347 1582 396 murus.
2492 331 2627 398 239

239 516 445 594 „bene
508 513 576 578 τὸ
639 513 818 600 pro'’,
867 533 904 578 a
951 511 1386 600 compilatore
1438 516 1801 601 praeposita
1849 536 1999 581 cum
2047 518 2258 582 nescio
2306 536 2435 602 quo
2482 538 2633 583 casu

235 622 364 688 hoc
423 617 739 686 scholium
801 623 1145 706 separatim
1212 619 1490 686 adderet.
1555 620 1701 686 Hoc
1758 620 1952 686 modo
2010 621 2407 688 obtinuimus
2451 625 2637 688 iuxta

238 725 532 792 Donatea
584 724 681 807 (3)
728 732 806 814 -Ι-
855 725 974 807 (4),
1038 724 1357 791 scholium
1417 725 1694 792 alterum
1742 725 1839 807 (2)
1884 722 1965 803 -l-
2011 726 2109 808 (5)
2153 727 2635 815 Interpolatoris

239 835 541 900 acumine
587 831 882 918 dignum.

331 939 494 1006 Ibid.
543 938 631 1004 28
699 939 879 1018 Nisi,
929 940 1081 1025 quia
1129 961 1424 1006 necessus
1470 941 1598 1004 fuit
1644 940 1763 1006 hoc
1809 940 2014 1006 facere
2033 989 2050 1019 ‚
2096 940 2162 1006 id
2208 941 2479 1028 gaudeo.

335 1047 436 1128 (1)
499 1046 893 1125 „Necessus”
959 1067 1194 1112 nomen
1255 1050 1372 1112 est.
1444 1047 1604 1109 Nam
1672 1046 2024 1124 „neceam”
2086 1054 2144 1112 ct
2191 1048 2527 1125 „necesaria”
2580 1056 2637 1112 ct

245 1153 654 1235 „necessitas”
727 1161 786 1218 ct
855 1154 1230 1231 „necessum”
1303 1153 1516 1218 lectum
1586 1160 1693 1218 eat.
1848 1152 2086 1220 Merito
2150 1155 2642 1221 Wessnerus

241 1263 400 1330 haec
445 1280 572 1327 non
619 1280 657 1324 a
702 1258 952 1326 Donato
999 1258 1320 1346 adscripta
1366 1280 1500 1324 esse
1546 1258 1879 1324 indicavit.

337 1366 436 1449 (2)
477 1366 593 1444 „Id
629 1365 922 1453 gaudeo''
965 1358 1040 1432 ut
1085 1364 1332 1432 scilicet
1369 1370 1851 1432 succurreretur
1891 1364 2206 1434 Chaereae
2231 1367 2642 1453 periclitanti.

334 1472 629 1552 Falsum3
685 1471 837 1551 „id”
885 1471 1129 1538 indicat
1176 1472 1348 1559 quod
1394 1474 1687 1557 sequitur
1732 1474 1799 1536 in
1849 1493 1942 1538 vs.
1993 1470 2101 1552 29,
2149 1473 2227 1539 cf.
2277 1473 2551 1539 Fabia.

342 1687 397 1752 V
461 1685 523 1752 6.
551 1685 639 1752 20
722 1685 857 1767 Qui
924 1684 1482 1752 adulescentulum
1550 1685 1856 1752 nobilitas
1918 1685 2187 1774 flagitiis
2246 1695 2309 1754 et
2372 1687 2647 1754 eundem

247 1795 498 1860 indicas

345 1901 444 1983 (2)
505 1899 682 1966 Duas
745 1921 845 1966 res
905 1899 1231 1987 significat
1276 1899 1511 1967 simul:
1563 1905 1630 1965 et
1677 1902 1856 1987 cogis
1905 1900 2113 1967 facere
2161 1900 2409 1988 flagitia
2454 1906 2519 1966 et
2564 1901 2651 1967 fa-

249 2013 528 2075 cientem
589 2007 854 2073 indicas.
1040 2005 1258 2073 Otiosa
1319 2009 1604 2072 imitatio
1672 2006 1901 2072 scholii
1967 2007 2133 2073 Don.
2202 2007 2284 2072 13
2310 2008 2441 2088 (1):
2507 2006 2651 2073 Duo

255 2116 492 2181 obicit:
557 2134 766 2179 unum
828 2113 999 2200 quod
1062 2112 1235 2179 male
1281 2110 1711 2192 consuluerit,
1761 2112 2040 2180 alterum
2086 2113 2255 2200 quod
2301 2111 2656 2199 prodiderit

255 2219 434 2287 male
477 2219 767 2286 consulta
813 2241 947 2287 sua.

352 2325 513 2392 Ibid.
567 2326 652 2392 21
727 2326 1012 2413 Uterque
1060 2329 1126 2392 in
1174 2331 1236 2392 te
1285 2325 1576 2412 exempla
1621 2326 1811 2391 edent

353 2433 514 2499 Post
558 2432 720 2500 Don.
773 2432 869 2514 (2)
920 2433 997 2499 de
1040 2435 1216 2498 varia
1259 2431 1531 2498 lectione
1580 2431 1834 2511 „edet”,
1902 2431 2019 2499 Ed.
2068 2431 2348 2498 addidit:
2394 2437 2462 2500 et
2508 2431 2655 2520 plus

261 2548 360 2607 est
411 2537 636 2620 „edet”
687 2561 882 2626 quam
933 2539 1219 2620 „dabit’'.
1366 2539 1490 2605 Vix
1537 2561 1787 2606 verum.

353 2646 518 2711 Ibid.
567 2645 654 2711 23
723 2646 866 2734 Ego
914 2667 1057 2713 meo
1101 2646 1338 2712 indicio
1391 2648 1588 2712 miser
1633 2650 1813 2732 quasi
1862 2668 2042 2713 sorex
2088 2647 2279 2712 hodie
2324 2648 2485 2732 perii

357 2752 458 2833 (1)
518 2752 862 2839 Proprium
923 2756 1202 2818 soricum
1267 2759 1361 2819 est
1419 2751 1689 2817 stridere
1746 2752 1981 2819 clarius
2044 2774 2240 2839 quam
2287 2774 2505 2819 mures
2552 2752 2657 2819 vel

228 2864 548 2945 ,strepere
586 2860 800 2946 magis
844 2879 994 2924 cum
1042 2858 1358 2925 obrodunt
1405 2858 1639 2925 frivola
1659 2880 1676 2938 ς
1728 2859 1807 2925 ad
1854 2880 2048 2945 quam
2091 2880 2316 2926 vocem
2355 2859 2552 2924 multi
2590 2879 2657 2924 se

261 2964 668 3030 intendentes
714 2968 1012 3051 quamvis
1059 2986 1172 3051 per
1211 2966 1500 3032 tenebras
1540 2967 1746 3030 noctis
1786 2965 2174 3053 transfigunt
2214 2986 2336 3031 eos.
2386 2964 2657 3031 Plautus

270 3071 765 3149 „confossiorem
823 3078 887 3137 te
947 3072 1174 3140 faciam
1241 3074 1514 3139 soricina
1573 3072 1803 3137 venia’'
1872 3072 2158 3155 (Bacch.)
2208 3108 2293 3122 —
2342 3072 2439 3155 (2)
2495 3072 2659 3153 Quia

264 3177 468 3244 latere
527 3180 745 3263 potuit
807 3198 921 3243 nec
984 3177 1222 3256 occidi,
1290 3180 1344 3242 si
1410 3182 1671 3243 taceret.
1723 3214 1806 3226 —
1868 3177 1965 3259 (3)
2012 3178 2200 3245 Nunc
2244 3180 2479 3266 repetit
2522 3200 2662 3265 pro·

266 3284 566 3351 vei-bium
629 3286 694 3348 in
745 3305 886 3362 eos,
935 3286 1048 3369 qui
1090 3286 1218 3370 ipsi
1264 3304 1331 3349 se
1379 3283 1677 3369 produnt.
1736 3320 1809 3332 -—
1858 3283 2023 3365 Quia
2071 3306 2253 3352 sorex
2302 3308 2423 3352 non
2474 3284 2661 3352 facile

267 3398 624 3477 caperetur,
672 3393 798 3455 nisi
843 3394 1171 3457 emitteret
1218 3411 1438 3457 vocem
1488 3397 1703 3457 noctu.

363 3496 590 3564 Editor
631 3496 867 3563 Donati
911 3496 1232 3563 scholium
1278 3500 1659 3563 continuum
1706 3496 2037 3585 supplevit
2073 3502 2413 3587 postremis
2451 3498 2663 3565 verbis

279 3602 487 3685 „Quia
533 3604 759 3671 sorex''
811 3610 960 3671 cett.
1010 3603 1232 3670 Altera
1273 3603 1689 3690 interpolatio
1736 3604 1836 3686 (2)
1881 3608 2099 3692 potius
2146 3627 2183 3672 a
2228 3602 2663 3691 Compilatore

271 3732 350 3777 ex
397 3710 613 3797 aliquo
661 3714 958 3800 margine
1003 3710 1316 3778 translata
1359 3713 1637 3799 irrepsit.

366 3927 422 3993 V
471 3926 531 3995 7.
563 3930 594 3993 1
670 3926 838 4008 Quid
883 3930 1170 4014 inceptas
1218 3929 1334 4008 (sic
1383 3926 1629 4009 schol.),
1679 3924 1963 3993 Thraso?

364 4034 485 4101 Ed.
534 4034 631 4115 (5)
694 4033 1064 4119 „Incipere”
1114 4054 1501 4120 magnorum
1545 4033 1905 4099 facinorum
1952 4040 2049 4099 eet
2096 4038 2161 4099 et
2208 4033 2528 4100 audaciae.

366 4140 530 4207 Vera
588 4138 778 4206 lectio
843 4149 940 4205 est
1003 4140 1366 4226 „coeptes”,
1421 4147 1486 4205 et
1533 4138 1791 4205 Gnatho
1834 4141 1990 4205 haec
2034 4140 2328 4226 loquitur
2373 4141 2451 4207 ad
2496 4139 2668 4206 mili-

276 4256 412 4316 tem
473 4270 599 4314 non
661 4247 967 4315 audacem
1029 4247 1140 4314 sed
1185 4250 1386 4314 animi
1434 4246 1931 4334 despondentem
1980 4253 2045 4314 et
2088 4248 2387 4314 hostibus
2434 4268 2501 4314 se
2548 4254 2669 4313 tra-

277 4356 676 4528 dfflggtlgrum
741 4460 1094 4527 differentia
1139 4467 1236 4526 est
1282 4459 1516 4526 Donati
1565 4460 1645 4526 ad
1683 4457 1737 4525 V
1787 4460 1849 4525 4.
1878 4460 1963 4526 45
1990 4461 2087 4543 (1)
2136 4462 2167 4527 f
2174 4464 2495 4528 acimus
2542 4482 2667 4527 me·
