3246 5085
1301 368 1615 418 nonnus,
2530 347 2659 415 195

267 540 472 616 tium;
541 574 626 588 -
689 539 781 602 sic
829 534 1156 602 Lucilius:
1228 540 1406 614 „ast,
1457 537 1584 613 ait,
1635 532 1790 620 quid
1831 535 1966 598 iam
2011 537 2116 612 te,
2164 535 2415 599 senium
2466 540 2663 620 atque

267 645 514 710 insulse
553 643 839 730 sophista
856 641 926 707 ‘P’
962 640 1011 722 ¹)

359 749 754 835 Exemplum
827 746 1070 814 Lucilii
1139 752 1364 814 contra
1431 731 1622 812 Sabb.
1695 744 2151 812 vindicandum
2221 753 2317 812 est
2387 746 2663 814 Donato.

267 855 554 922 Lineolis
621 858 874 921 seiunxi
934 854 1104 941 quod
1170 852 1627 940 Interpolatori
1690 852 2104 918 tribuendum
2152 852 2433 930 videtur,
2480 857 2669 919 cuius

270 961 592 1050 generalis
638 962 1002 1028 observatio
1046 981 1161 1027 nec
1209 981 1360 1027 vera
1405 966 1502 1026 est
1563 965 1630 1025 et
1690 965 1943 1046 pugnat
2001 959 2217 1045 aliquo
2271 960 2463 1025 modo
2518 981 2669 1025 cnm

275 1070 516 1137 Donati
557 1070 782 1134 initio:
833 1066 1024 1154 „plus
1069 1067 1278 1132 dixit”
1323 1088 1380 1134 e.
1408 1087 1468 1151 q.
1495 1087 1546 1130 s.

370 1175 534 1241 Ibid.
579 1175 664 1240 13
704 1174 802 1256 (2)
845 1174 1136 1255 „Quidve
1174 1194 1242 1239 es
1279 1172 1506 1240 alacris
1523 1170 1592 1237 ?”
1646 1209 1729 1221 —
1781 1173 1915 1237 Aut
1952 1169 2197 1238 velox
2240 1179 2355 1238 aut
2398 1211 2480 1222 —
2519 1172 2674 1240 lae-

276 1286 416 1348 tus
477 1303 592 1362 ee;
655 1303 806 1348 nam
855 1279 1169 1359 „alacris”
1215 1280 1240 1345 l
1284 1280 1506 1346 littera
1551 1300 1669 1365 pro
1717 1278 1757 1343 d
1804 1280 2015 1365 posita
2062 1300 2217 1344 non
2266 1282 2557 1345 tristis
2603 1279 2672 1346 id

131 1475 136 1480 ⁸
273 1397 374 1454 est
419 1385 688 1468 ἄδακρυς
733 1386 1148 1473 intelligitur.
1285 1385 1572 1452 Lineolis
1607 1385 1889 1452 indicavi
1926 1385 2439 1452 additamentum
2478 1387 2668 1454 Sabb.

275 1503 344 1561 et
407 1493 742 1561 Wessnero
804 1514 1056 1580 quoque
1117 1493 1516 1558 damnatum.
1580 1491 1698 1557 Ille
1762 1493 1992 1558 merito
2052 1498 2374 1578 praeterea
2422 1498 2676 1560 notavit

275 1600 600 1667 scholium
639 1599 768 1680 (4):
806 1599 1237 1665 Alacritas
1276 1606 1374 1665 est
1411 1600 1689 1664 mutatio
1728 1597 2041 1683 quaedam
2084 1598 2311 1665 vultus
2334 1604 2673 1687 gestientis

274 1709 346 1772 in
410 1727 591 1792 spem
653 1705 958 1792 aliquam.
1144 1704 1434 1770 Donatus
1495 1703 1899 1770 definitiones
1952 1703 2101 1770 dare
2152 1726 2277 1771 non
2325 1706 2489 1773 solet
2540 1728 2676 1773 ver-

274 1814 508 1878 borum
556 1832 719 1898 quae
765 1832 892 1877 non
939 1816 1092 1876 sunt
1135 1813 1202 1876 in
1252 1817 1469 1889 textu3
1519 1809 1763 1876 accedit
1810 1809 1977 1895 quod
2026 1810 2182 1876 haec
2228 1814 2675 1898 interpretatio

274 1922 436 1986 satis
482 1919 720 1985 recedit
766 1919 846 1984 ab
894 1918 1199 1984 adiectivi
1246 1919 1775 2002 interpretatione
1820 1919 1891 1981 in
1936 1916 2053 1997 (2).

371 2024 532 2091 Ibid.
594 2025 680 2089 14
751 2023 850 2106 (1)
915 2023 1140 2102 „Unde
1201 2021 1344 2088 is?''
1425 2022 1616 2088 modo
1686 2024 1771 2086 ad
1827 2023 2009 2108 quid·
2042 2025 2277 2088 venis
2342 2025 2674 2109 siqnifieat.

280 2131 382 2214 (2)
441 2129 566 2196 Sed
624 2151 712 2196 eo
758 2128 850 2196 de
911 2128 1053 2196 loco
1097 2129 1175 2196 ad
1221 2129 1440 2195 locum
1485 2134 1733 2195 veteres
1780 2128 2108 2206 dicebant,
2159 2131 2326 2216 quod
2373 2133 2676 2199 subiectis

281 2258 434 2302 mox
483 2237 879 2323 probabitur.
950 2235 1048 2316 (4)
1098 2234 1462 2316 „Quorsum
1502 2235 1687 2300 eam’'
1733 2235 1920 2313 hinc,
1958 2242 2034 2300 ut
2072 2235 2358 2303 diximus
2397 2241 2490 2318 (in
2528 2238 2677 2321 (2)),

281 2344 701 2409 manifestum
751 2348 848 2408 est
894 2344 1017 2408 ire
1065 2349 1130 2406 et
1176 2340 1526 2407 adventum
1572 2339 1954 2427 significare.

372 2449 447 2515 In
508 2449 604 2532 (1)
662 2449 858 2516 verba
906 2447 1292 2534 interpolata
1339 2469 1489 2514 cum
1538 2447 1873 2514 Wessnero
1917 2447 2243 2515 inclinatis
2289 2449 2527 2516 litteris
2576 2473 2679 2516 ex·

281 2556 620 2644 primenda
664 2546 923 2633 curavi,
970 2557 1207 2641 quippe
1254 2554 1450 2621 falsa.
1502 2554 1664 2620 Don.
1714 2554 1892 2620 dedit
1942 2554 2083 2632 „is”
2134 2556 2328 2622 modo
2366 2558 2674 2637 venis’',

279 2665 366 2729 cf.
423 2662 546 2727 Ad.
596 2660 692 2727 III
740 2662 802 2727 3.
833 2660 871 2727 ¹7
921 2661 1021 2743 (2)
1071 2659 1256 2739 „Ire”
1306 2682 1419 2748 pro
1465 2664 1795 2739 venire,
1857 2667 1933 2726 ut
1983 2684 2140 2739 „nec
2185 2683 2337 2728 vero
2383 2662 2675 2730 Alcidem

281 2792 390 2836 me
453 2790 601 2835 sum
659 2768 936 2835 laetatus
1001 2767 1306 2833 euntem'’
1351 2767 1467 2849 (VI
1516 2767 1697 2848 392).
1854 2767 2034 2833 Idem
2081 2789 2194 2854 per
2240 2770 2543 2856 ambages
2590 2771 2682 2836 di-

280 2882 440 2944 cunt
484 2875 582 2957 (2)
631 2882 714 2953 et
742 2875 863 2957 (4),
911 2878 1208 2960 quocirca
1245 2874 1561 2961 particula
1598 2874 2003 2941 adversativa
2047 2877 2154 2939 sed
2190 2875 2439 2942 nullam
2485 2877 2680 2945 habet

283 2984 634 3062 rationem;
683 2982 1053 3060 „subiecta”
1103 2988 1323 3047 autem
1364 3003 1528 3067 quae
1559 2983 2002 3066 probationem
2044 2981 2473 3061 exhibebunt,
2514 2983 2680 3075 nihil

287 3096 442 3155 sunt
499 3090 624 3153 nisi
667 3089 902 3154 iterata
948 3088 1311 3154 observatio
1357 3090 1424 3153 in
1469 3088 1588 3169 (4),
1636 3090 1705 3153 in
1752 3109 1877 3174 qua
1923 3088 2131 3154 denuo
2177 3090 2489 3155 habemus
2532 3090 2680 3156 Edi-

287 3198 447 3261 toris
493 3193 660 3260 illud
711 3199 826 3272 „ut
872 3193 1224 3259 diximus''.
1274 3191 1400 3273 (Of.
1449 3214 1644 3279 supra
1681 3215 1745 3280 p.
1792 3192 1921 3275 15).
2188 3268 2209 3285 ·
2422 3195 2487 3262 S.
2532 3218 2585 3263 c.

379 3300 539 3367 Ibid.
591 3300 674 3364 15
729 3300 830 3365 Ita
875 3321 1136 3385 prorsus
1181 3320 1326 3365 sum
1377 3300 1616 3401 oblitus
1665 3302 1796 3365 mei
1970 3316 1979 3330 ·

381 3405 482 3489 (3)
532 3405 925 3485 „Prorsum”
974 3406 1040 3471 id
1090 3414 1388 3498 est-recte
1433 3408 1532 3473 vel
1565 3406 1779 3487 (Sabb.
1818 3414 1886 3473 et
1913 3407 2160 3475 Wessn.
2202 3413 2286 3490 c.)
2325 3413 2677 3478 omnino.

287 3552 378 3567 -
443 3513 543 3594 (4)
588 3513 756 3579 Nam
804 3513 1188 3599 „prorsum”
1236 3520 1335 3580 est
1381 3536 1627 3601 porro
1674 3535 2040 3595 versum,
2087 3516 2153 3581 id
2201 3522 2298 3581 est
2342 3523 2491 3583 ante
2539 3540 2679 3585 ver-

285 3640 472 3699 sum;
527 3656 612 3669 —
658 3620 810 3684 hinc
864 3626 930 3684 et
974 3640 1218 3703 p-rosa
1267 3622 1585 3698 orati0‚
1631 3641 1825 3706 quam
1875 3642 1998 3687 non
2042 3620 2292 3687 inflexit
2339 3623 2677 3690 cantilena.

379 3724 455 3791 In
516 3724 614 3806 (4)
673 3728 1080 3792 causativum
1140 3749 1275 3791 nam
1321 3747 1450 3792 non
1497 3728 1717 3792 minus
1761 3729 2057 3814 ineptum
2104 3735 2202 3793 est
2248 3751 2440 3815 quam
2489 3730 2679 3799 modo

285 3832 776 3899 adversativum
821 3832 957 3910 κώ
1022 3838 1090 3898 et
1136 3833 1289 3919 quid
1340 3832 1665 3920 significat
1712 3840 1902 3911 „ante
1950 3832 2300 3900 versum''?
2481 3836 2581 3901 IP
2640 3858 2677 3902 e

285 3940 609 4005 memoria
643 3937 1055 4025 neglig-enter
1093 3938 1369 4004 reddidit
1393 3938 1558 4005 Don.
1599 3939 1681 4005 ad
1719 3939 1917 4005 Andr.
1952 3940 2045 4005 ΠΙ
2069 3939 2133 4005 2.
2162 3940 2287 4006 3οὲ
2333 3942 2677 4027 „prorsus”

249 4046 474 4133 -quasi
536 4065 722 4130 porro
787 4066 1044 4124 verene,
1109 4044 1280 4131 quod
1343 4045 1574 4113 Graeci
1628 4046 1853 4112 dicunt
1898 4046 2169 4127 μακράν.
2218 4048 2336 4113 Ad.
2386 4048 2417 4113 Ι
2470 4047 2527 4115 1.
2556 4048 2676 4131 46:

287 4150 636 4229 „rursum”
687 4155 752 4214 et
800 4157 968 4216 retro
1017 4172 1281 4218 versum
1333 4158 1408 4216 ut
1459 4154 1839 4238 „prorsum”
1889 4175 2075 4240 porro
2121 4175 2404 4222 versum.

355 4432 412 4498 1)
454 4431 634 4481 Iocum
667 4428 842 4479 Lucilii
880 4428 1122 4493 ingeniose
1155 4428 1224 4477 sic
1258 4426 1466 4477 correxit
1505 4428 1682 4477 Marx
1720 4445 1765 4493 p.
1804 4426 1959 4481 11172
2004 4428 2109 4489 λι,
2146 4430 2217 4479 ait
2250 4429 2459 4494 quidam,
2493 4431 2676 4483 scnium

285 4522 450 4581 atque,
485 4513 680 4574 insulse,
713 4510 978 4578 sophista&
