3246 5085
1318 352 1690 401 rumorum.
2558 334 2690 402 399

300 547 424 593 τας
480 517 564 592 οἷς
613 520 682 599 ἦν
730 520 953 600 πρέπον
1004 519 1254 597 ξενίοις,
1302 522 1391 597 μὴ
1440 522 1507 585 ού
1556 518 1870 599 προθύμως
1919 520 1987 583 σὲ
2036 522 2174 591 τοὺς
2225 520 2479 592 λοιποὺς
2529 523 2695 596 ἡμῶν

302 630 911 708 ἀνταφεστιᾶν.

397 735 743 821 perperam
805 734 1051 799 Bul-net
1110 733 1274 798 hanc
1330 732 1670 798 absurdam
1721 732 1898 798 codd.
1947 731 2088 797 FPr
2131 731 2468 801 lectionem
2521 754 2698 819 prae-

298 840 458 906 tulit
518 844 871 926 scripturae
929 838 1245 905 librorum
1306 837 1420 903 AV
1486 840 2076 919 ὥντεφεστιᾶν.
2151 838 2550 925 Quamquam
2615 860 2696 905 ne

298 948 459 1014 haec
507 948 765 1032 quidem
813 949 1058 1013 sincera
1105 946 1383 1025 videtur,
1440 947 1549 1012 sed
1596 952 1972 1033 expectatur
2017 948 2479 1026 ἀνθεστιῶν,
2527 947 2694 1034 quod

302 1055 582 1121 verbum
627 1052 875 1140 legitur
921 1053 1098 1119 Plut.
1148 1054 1385 1119 Anton.
1439 1052 1525 1145 32
1572 1060 1636 1119 et
1685 1054 1899 1139 [Luc.]
1947 1056 2172 1120 Amor.
2226 1052 2286 1118 9.

399 1275 485 1341 29
503 1274 575 1339 Β.
656 1273 937 1361 Requiro
1005 1270 1114 1337 ὧδε
1186 1270 1284 1339 οὖν
1356 1276 1495 1353 περί
1552 1274 1621 1339 τε
1676 1272 1883 1364 <τῆς>
1935 1273 2155 1347 εἰκόνος
2221 1274 2326 1339 καὶ
2392 1274 2527 1354 περὶ
2589 1278 2696 1339 τοῦ

301 1382 823 1461 παραδείγματος
874 1382 1071 1456 αὐτῆς
1121 1380 1457 1459 διοριστέον.

404 1602 484 1668 31
508 1602 580 1668 Β.
646 1603 795 1667 ἀλλ’
846 1599 945 1668 οὖν
995 1598 1095 1666 ὅδε
1142 1602 1470 1679 μονογενὴς
1521 1600 1763 1680 οὐρανὸς
1812 1605 2086 1679 γεγονὼς
2136 1600 2363 1666 ἔστιν
2412 1600 2545 1667 καὶ
2594 1598 2698 1665 ἔτ’

309 1711 572 1775 ἔσται.
624 1708 730 1775 Sic
777 1708 907 1789 AF,
958 1710 1136 1773 ἔστι
1184 1732 1268 1773 τε
1316 1708 1451 1773 καὶ
1502 1706 1605 1772 ἔτ’
1656 1706 1891 1773 ἔσται
1941 1707 2230 1774 A²PVPr
2268 1715 2331 1773 et
2367 1706 2698 1775 StobaeuS.

304 1816 687 1903 Suspectam
733 1816 933 1882 habeo
982 1815 1282 1883 voculam
1332 1813 1441 1894 ἔτ’,
1492 1836 1654 1901 quae
1701 1813 2005 1881 facillime
2053 1815 2490 1903 dittographia
2528 1817 2702 1881 nasci

305 1925 545 2009 potuit.
595 1924 695 1989 An
746 1922 1011 2005 ἔστι(ν)
1063 1946 1146 1987 τε
1194 1922 1328 1987 καὶ
1380 1920 1654 1987 ἔσταιῖ

408 2124 591 2192 37]).
654 2125 843 2207 Φύσις
906 2126 1680 2199 αἰώνιος-αἰώνιον
1746 2126 1971 2192 εἷκόνα.
2035 2125 2190 2192 38Β
2256 2135 2369 2201 τῆς
2433 2126 2699 2192 διαιω-

315 2231 593 2315 νΙαςζῐ)
642 2234 912 2313 Φύσεως.

402 2339 529 2405 Res
589 2346 815 2405 notatu
878 2338 1073 2427 digna
1137 2339 1413 2419 videtur,
1474 2340 1762 2425 primum
1809 2338 2146 2405 Platonem
2193 2342 2260 2404 in
2309 2338 2574 2405 Timaeo
2621 2360 2700 2405 ex

316 2444 461 2511 αἰών
516 2446 827 2513 formasse
877 2447 1143 2525 αἰώνιος,
1192 2453 1503 2525 aeternus,
1550 2467 1665 2532 pro
1713 2468 1786 2511 eo
1835 2445 2002 2533 quod
2047 2445 2205 2511 alibi
2254 2466 2504 2533 semper
2552 2467 2702 2511 cum

314 2553 579 2640 reliquis
642 2555 881 2619 Atticis
927 2560 1197 2639 usurpat
1244 2553 1470 2632 ἀΐδιος,
1518 2556 1705 2618 cuius
1749 2553 1964 2618 locum
2012 2575 2258 2620 novum
2309 2552 2702 2620 vocabulum

312 2660 482 2746 apud
532 2663 796 2726 seriores
840 2659 1223 2746 plerumque
1270 2662 1627 2745 occupavit.
1678 2658 1875 2725 Valde
1921 2681 2070 2726 vero
2119 2661 2283 2724 mihi
2330 2664 2702 2745 suspectum

314 2773 413 2832 est
457 2767 770 2831 διαιωνί
788 2792 878 2838 ας
930 2767 1155 2845 (AFPr
1200 2765 1455 2850 Philop.
1504 2763 1734 2846 stou),
1783 2787 1898 2853 pro
1945 2786 2070 2850 quo
2118 2765 2228 2830 PV
2277 2772 2341 2830 et
2389 2765 2515 2831 alio
2559 2766 2700 2832 loco

310 2873 625 2939 Stobaeus
687 2875 959 2950 rectius,
1022 2875 1091 2937 ni
1152 2873 1357 2950 fallor,
1424 2873 1729 2937 exhibent
1777 2874 2005 2938 azani
2021 2895 2150 2951 ας,
2201 2873 2370 2959 quod
2415 2875 2704 2939 restituit

310 2982 509 3044 etiam
570 2981 639 3044 in
707 2980 759 3043 A
806 3000 976 3044 man.
1026 2979 1089 3058 2,
1140 2981 1399 3065 punctis
1445 2982 1682 3044 notatis
1728 2977 1967 3045 litteris
2018 2989 2126 3058 ΔΙ,
2177 3000 2336 3065 quae
2383 2982 2541 3066 quin
2587 2979 2705 3044 dit-

312 3085 653 3172 tographia
698 3106 776 3150 ex
827 3095 909 3150 Al
960 3091 1109 3150 nata
1154 3086 1286 3150 sint
1333 3087 1442 3150 vix
1490 3084 1735 3150 dubito.
2572 3087 2580 3092 ’

407 3303 643 3372 38DE.
706 3307 791 3370 τὰ
855 3306 907 3370 δ’
955 3303 1131 3370 ἄλλα
1197 3299 1257 3371 οἶ
1312 3304 1382 3379 δὴ
1444 3306 1547 3370 καὶ
1613 3304 1688 3371 δι’
1737 3297 1816 3378 ἃς
1875 3305 2085 3379 αἰτίας
2138 3305 2456 3386 ἱδρύσατο,
2505 3305 2562 3372 εἴ
2607 3331 2704 3380 τις

314 3413 541 3491 ἐπεξίοι
605 3411 857 3492 πάσας,
924 3413 951 3477 ὅ
1001 3413 1188 3491 λόγος
1239 3412 1542 3493 παρεργὸς
1594 3414 1673 3478 ὢν
1721 3412 1910 3478 πλέον
1959 3413 2128 3492 ἔργον
2179 3409 2271 3477 ὧν
2319 3410 2558 3480 ἕνεκα
2609 3414 2700 3480 λέ-

316 3545 504 3600 γεται
552 3521 900 3602 παράσχοι.

404 3625 686 3692 Facilius
732 3625 1174 3712 intellegitur:
1225 3627 1411 3692 πλέον
1457 3623 1630 3706 ἔργον
1683 3624 1766 3714 (ἢ
1814 3626 1923 3694 vel
1969 3621 2134 3712 τῶν)
2187 3623 2261 3692 ὦν
2301 3623 2478 3692 ἕνεκα
2529 3626 2707 3706 λέγε-

310 3758 455 3813 ται,
504 3733 615 3800 sed
660 3734 924 3800 fortasse
970 3733 1123 3798 ferri
1168 3737 1380 3818 potest
1427 3732 1718 3818 vulgata.

404 3935 491 4003 43
510 3939 587 4003 A.
634 3934 779 4016 Dii,
830 3937 1195 4014 μιμούμενοι
1245 3936 1347 4002 τὸν
1396 3936 1693 4018 σφέτερον
1741 3935 2124 4016 δημιουργόν,
2171 3937 2550 4005 fabricantes
2598 3937 2706 4005 ho·

310 4047 518 4111 mines
584 4049 887 4131 quattuor
950 4043 1266 4109 elementa
1320 4044 1720 4124 συνεκόλλων,
1769 4047 1834 4110 οὐ
1884 4054 2010 4118 τοῖς
2058 4043 2307 4116 ἀλύτοις
2356 4040 2444 4118 οἷς
2491 4047 2702 4118 αὐτοῖς

313 4152 665 4231 συνείχοντο
716 4151 1001 4230 δεσμοῖς,
1046 4150 1219 4215 ἀλλὰ
1264 4151 1363 4214 διὰ
1405 4152 1791 4230 σμικρότητα
1831 4152 2108 4229 &opozema
2153 4160 2398 4226 πυκνοῖς
2428 4153 2702 4234 γόμφοις

312 4283 347 4323 σ
371 4261 880 4334 υντήκοντες.
970 4257 1135 4338 Quia
1203 4257 1742 4343 colliquefaciendi
1808 4262 1988 4325 notio
2057 4282 2289 4345 parum
2362 4263 2704 4328 convenire

310 4365 571 4432 videtur
608 4365 904 4429 clavorum
944 4371 1248 4441 naturae,
1289 4366 1542 4429 mireris
1581 4363 1920 4430 Platonem
1962 4387 2082 4431 non
2122 4369 2341 4453 potius
2377 4369 2704 4453 scripsisse

313 4471 991 4549 συμπηγνύντες,
1043 4470 1498 4554 compae'mqentee.
