3246 5085
1262 325 1573 376 nonnus.
2493 309 2625 377 309

234 496 381 554 runt
454 494 773 578 magistri.
838 491 1131 578 Denique
1180 491 1268 558 30
1290 491 1387 574 (2)
1433 490 1539 558 vel
1586 491 2038 579 Interpolatori
2081 495 2277 560 nimis
2325 497 2622 581 ineptum
2722 534 2732 544 ·

238 603 361 674 est,
422 599 552 662 uisi
613 598 881 665 fortasse
942 602 1267 685 scripserit
1311 601 1437 666 sic:
1489 599 1859 686 „Rescripsi
1904 599 2079 666 illis’'
2133 601 2218 680 „d
2234 600 2497 680 edidi,
2549 610 2626 667 ut

234 703 401 789 apud
450 703 691 791 Verg.’'
740 711 913 785 cett„
964 706 1079 772 ubi
1126 728 1241 792 pro
1292 705 1621 784 „diditur”
1671 705 1836 794 legit
1877 706 2242 788 „deditur”,
2294 709 2464 775 unde
2509 729 2624 796 pu-

232 813 395 876 tavit
448 813 786 897 „rescripsi
828 810 1004 878 illis”
1054 812 1253 879 simul
1300 813 1693 900 significare:
1739 815 1910 879 inter
1955 834 2064 880 eos
2113 813 2436 881 distribui.

316 915 391 982 In
440 925 802 985 commento
848 922 1056 1007 igitur
1098 919 1219 986 hoc
1263 925 1432 986 erat:
1486 919 1858 998 „Rescribi”
1908 920 2088 988 reddi
2105 943 2122 1002 ;
2174 924 2476 1008 quoniam
2515 922 2621 988 ad-

236 1027 741 1091 numerationem
787 1074 845 1092 ..
875 1075 890 1092 .
932 1027 1165 1113 quibus
1213 1025 1406 1093 debui
1421 1024 1490 1092 2³⁹
1539 1026 1768 1092 Editor
1804 1031 1948 1092 tum
1987 1028 2351 1115 supplevit:
2403 1029 2624 1108 „Haec

236 1137 325 1196 est
382 1152 538 1218 ergo
586 1179 601 1197 .
632 1181 647 1197 .
678 1179 693 1198 .
744 1135 1077 1211 sumunt”,
1140 1133 1561 1219 adiunxitque
1620 1131 1736 1216 (3).
1877 1133 2159 1201 Tandem
2221 1134 2624 1223 Gompilator
2667 1125 2671 1128 ⁴

234 1257 305 1301 ex
348 1240 644 1324 margine
690 1241 963 1306 inseruit
1011 1240 1297 1320 „scilicet
1341 1263 1404 1328 p.
1446 1261 1535 1306 m.
1579 1262 1632 1307 s.
1673 1241 1838 1306 scr.''
1886 1243 1956 1306 in
1998 1243 2114 1324 (1).
2254 1241 2356 1308 Ad
2394 1264 2490 1310 vs.
2535 1241 2622 1309 30

238 1342 515 1411 Donatus
562 1346 851 1411 vacabat.

320 1449 481 1516 Ibid.
532 1450 621 1516 50
691 1450 873 1520 Chr.
920 1443 1161 1519 Nullus
1206 1475 1353 1520 sum
1404 1502 1419 1520 .
1450 1501 1465 1519 .
1496 1501 1511 1519 .
1560 1451 1870 1540 Sepultus
1916 1473 2064 1518 sum

324 1557 673 1645 „Sepultus
738 1559 929 1626 sum'’
980 1559 1259 1640 αὔξησις.
1394 1559 1501 1627 Sic
1548 1559 1710 1626 Don.
1760 1559 2028 1626 Addidit
2071 1558 2229 1627 Ed.:
2277 1581 2428 1628 nam
2474 1560 2621 1648 plus

234 1669 325 1729 est
368 1683 563 1751 quam
609 1666 830 1732 nullus
875 1688 1045 1733 sum.

318 1770 481 1840 Ibid.
532 1772 621 1840 60
647 1773 744 1856 (2)
814 1774 1079 1862 Proprie
1126 1771 1447 1840 militibus
1494 1773 1944 1840 adscribuntur
1991 1773 2268 1853 „facta’'.
2405 1773 2618 1846 Schol-

236 1884 623 1966 suspectum.

319 1984 479 2052 Ibid.
531 1985 617 2050 95
686 1985 832 2052 Nisi
878 1987 1190 2072 sequitur,
1240 2007 1493 2073 pugnos
1538 1987 1607 2050 in
1653 1991 1946 2053 ventrem
1989 1988 2216 2075 ingere

320 2091 414 2174 (1)
459 2091 717 2158 Urbane
768 2095 875 2171 „in
921 2092 1256 2159 ventrem”
1299 2094 1483 2178 quasi
1522 2094 1820 2179 parasito.
1959 2091 2052 2178 (2)
2089 2095 2192 2158 An
2235 2092 2616 2171 „ventrem”

234 2201 437 2263 totum
486 2202 843 2285 parasitum
893 2191 1081 2278 dicit,
1132 2204 1209 2264 ut
1252 2198 1544 2265 Lucilius
1583 2202 1652 2264 in
1692 2198 1966 2265 secundo
2011 2201 2260 2278 „vivite
2300 2200 2616 2279 lurcones,

236 2305 633 2383 comedones,
702 2308 907 2372 vivite
977 2311 1235 2374 ventres
1250 2301 1317 2370 ‘P’
1475 2305 1571 2386 (3)
1642 2305 1742 2370 Au
1813 2305 2212 2392 simpliciter,
2283 2309 2434 2393 quia
2505 2311 2618 2394 qui

236 2415 465 2478 restitit
508 2433 625 2480 nec
668 2415 961 2500 sequitur
1006 2412 1179 2479 collo
1224 2412 1587 2478 trahentem
1635 2411 1888 2478 obtorto
1907 2461 1924 2491 ,
1963 2412 2318 2498 repandum
2356 2435 2422 2480 se
2465 2415 2619 2481 facit

238 2525 297 2586 et
342 2527 635 2587 ventrem
680 2522 945 2607 proicit,
994 2541 1146 2587 cum
1190 2522 1257 2585 in
1307 2525 1602 2589 ventrem
1651 2519 1898 2599 feritur,
1947 2521 2147 2585 currit
2181 2525 2248 2587 et
2285 2519 2617 2608 sequitur?

316 2627 647 2694 Particula
694 2628 881 2707 „An”
930 2629 1008 2695 ab
1052 2630 1241 2693 initio
1282 2626 1477 2693 schol.
1520 2626 1619 2709 (2)
1655 2625 1880 2713 procul
1914 2626 2112 2693 dubio
2148 2648 2187 2693 a
2225 2625 2616 2695 dormitante

238 2734 658 2823 Gompilatore
696 2735 830 2817 (vel
866 2736 1127 2803 librario
1144 2734 1197 2817 ⁴2)
1232 2738 1473 2801 inserta
1510 2738 1607 2801 est
1645 2732 1722 2801 ad
1753 2733 2125 2821 exemplum
2149 2738 2474 2820 sequentis
2495 2734 2612 2818 (3).

235 2842 483 2909 Etenim
532 2842 630 2925 (2)
681 2864 809 2908 non
856 2844 1199 2929 opponitur
1243 2840 1650 2928 praecedenti
1695 2839 1970 2920 scholio,
2020 2840 2129 2905 sed
2178 2839 2456 2927 explicat
2499 2862 2616 2907 cur

233 2955 516 3015 venter
578 2950 901 3028 „urbane”
965 2952 1009 3015 i.
1036 2970 1090 3015 e.
1154 2948 1401 3035 lepide,
1466 2948 1545 3013 cf.
1611 2968 1804 3033 supra
1850 2969 1912 3033 p.
1963 2946 2096 3012 304
2143 2945 2221 3012 ad
2266 2946 2361 3013 111
2409 2946 2473 3015 2.
2501 2947 2611 3028 40,

232 3062 573 3143 usurpatus
632 3077 767 3122 esse
832 3055 1101 3122 dicatur.
1240 3056 1314 3121 In
1362 3054 1461 3135 (3)
1507 3053 2043 3149 deprehendimus
2089 3052 2419 3120 Editorem
2434 3103 2451 3134 ,
2500 3057 2615 3141 qui

237 3166 465 3230 mentis
536 3166 708 3243 acie,
780 3181 907 3249 qua
974 3184 1099 3228 non
1162 3167 1369 3241 caret,
1432 3162 1748 3241 abutitur,
1813 3166 1890 3226 ut
1951 3182 2168 3249 saepe,
2233 3163 2302 3227 iu
2349 3168 2613 3248 argutas
2659 3198 2674 3209 -

236 3273 653 3337 enarrationes
699 3271 895 3335 nimis
938 3268 1135 3355 longe
1182 3270 1532 3335 arcessitae.

321 3484 376 3550 V
423 3484 485 3551 9.
515 3485 603 3551 59
677 3484 777 3551 'Pu
825 3491 1017 3550 tuum
1061 3504 1297 3549 nomen
1343 3482 1444 3549 dic
1494 3482 1651 3568 quid
1695 3484 1800 3547 sit.
1873 3481 2006 3547 Ph.
2053 3482 2360 3549 Phormio

322 3592 417 3675 (1)
480 3592 655 3658 Bene
719 3592 883 3656 dixit
945 3590 1143 3670 „tu'’:
1206 3592 1491 3655 interim·
1532 3591 1906 3676 pronomine
1965 3591 2194 3669 utitur,
2259 3589 2430 3675 quod
2489 3612 2615 3657 non

238 3700 421 3765 habet
480 3720 736 3765 nomen.
872 3696 969 3778 (2)
1032 3698 1135 3763 An
1196 3700 1632 3783 potentiorum
1691 3696 2206 3761 blandimentum
2251 3698 2416 3762 circa
2460 3697 2617 3763 infe-

236 3808 422 3872 riores
470 3806 599 3871 fuit
645 3803 761 3869 hoc
782 3852 801 3881 ,
848 3808 925 3868 ut
969 3805 1230 3869 nomina
1274 3824 1498 3869 eorum
1546 3810 1924 3888 quaererent
1968 3808 2032 3868 et
2079 3822 2226 3866 cum
2268 3800 2612 3883 audissent,

238 3916 385 3999 ipsis
432 3912 807 3978 nominibus
852 3930 959 3975 eos
1007 3908 1463 3995 compellarent
1509 3906 1777 3975 statim?
1824 3908 1929 3990 (cf.
1981 3929 2077 3973 vs.
2129 3906 2264 3989 61).
2319 3906 2472 3973 'Pale
2517 3918 2616 3975 est

234 4022 293 4083 in
354 4019 473 4085 Ad.
544 4020 697 4105 „qui
756 4014 1023 4084 vocare?
1089 4053 1173 4066 -
1227 4014 1486 4107 (Geta)
1538 4054 1623 4067 -
1690 4014 1889 4095 Geta,
1952 4013 2281 4080 hominem
2342 4017 2616 4081 maximi

234 4124 433 4210 preti''
482 4130 606 4191 etc.

318 4231 393 4296 In
440 4231 537 4311 (2)
582 4228 785 4295 lector
828 4230 1252 4296 admirabitur
1297 4232 1606 4294 nimirum
1657 4227 1942 4293 Editoris
1988 4248 2256 4293 acumen
2303 4234 2368 4294 et
2405 4229 2615 4295 erudi·

236 4342 499 4416 tionem,
550 4358 679 4403 non
728 4336 892 4402 male
940 4358 1108 4402 nunc
1157 4336 1271 4401 sed.
1306 4335 1822 4401 commodissime
1861 4332 2180 4412 adhibita,
2223 4334 2332 4400 sed
2372 4335 2616 4401 desinet

238 4446 480 4523 mirari,
522 4448 577 4510 si
616 4442 850 4531 legerit
887 4445 1089 4529 ipsius
1132 4442 1364 4509 Donati
1402 4442 1876 4509 adnotationem
1917 4439 1996 4507 ad
2034 4439 2472 4528 Adelphorum
2496 4440 2610 4523 l.l.,
