3246 5085
589 327 720 396 146
1589 342 1965 394 Pnsromos.

581 515 848 579 iuvenes
908 512 1354 601 Athenienses,
1412 514 1525 595 qui
1568 511 1833 595 quidem
1874 508 2228 575 liberaliter
2271 509 2523 573 educati
2568 510 2785 585 erant,
2832 508 2965 571 otio

583 618 992 683 abundabant
1008 664 1026 694 ‚
1095 619 1153 681 si
1225 621 1751 701 compararentur
1832 636 1983 681 cum
2065 616 2291 680 ceteris
2364 613 2614 679 civibus
2698 613 2969 699 triginta

579 725 764 789 annis
821 723 1205 798 maioribus,
1258 724 1370 807 qui
1415 723 1615 787 variis
1662 723 1942 808 negotiis
1986 723 2051 786 in
2097 742 2165 785 re
2212 721 2463 804 privata
2504 723 2571 783 et
2616 717 2964 783 domestica

579 829 1064 895 distinebantur.
1129 827 1420 893 Socrates
1478 828 1598 893 hoc
1652 830 1792 915 agit
1853 834 1927 893 ut
1989 826 2267 913 explicet
2327 824 2647 911 quomodo
2706 825 2795 888 sit
2838 824 2965 887 fac-

578 940 723 1000 tum
785 941 859 1000 ut
917 936 1248 999 iuniorum
1307 932 1520 997 studia
1583 935 1992 1018 potissimum
2058 933 2371 997 excitarit.
2434 928 2577 994 Non
2636 930 2793 993 sinit
2849 948 2965 993 nos

578 1040 869 1106 dubitare
938 1038 1280 1117 Isocraten,
1352 1040 1465 1123 qui
1531 1040 1602 1102 in
1669 1037 1898 1103 Helen.
1972 1036 2234 1103 Encom.
2305 1034 2459 1120 §62
2530 1036 2582 1099 οἱ
2645 1034 2805 1114 γὰρ,
2866 1035 2967 1097 in-

577 1148 757 1231 quit,
823 1145 985 1220 μῆτε
1043 1150 1162 1209 τῶν
1223 1144 1384 1209 ἰδίων
1448 1168 1542 1207 πω
1605 1143 1771 1221 μήτε
1834 1149 1951 1207 τῶν
2015 1148 2215 1207 κοινῶν
2259 1138 2683 1221 Φροντίζοντες
2727 1138 2965 1211 τούτοις

575 1251 824 1328 μόλις-α
889 1251 1172 1331 χαίρουσι
1233 1256 1350 1314 τῶν
1398 1249 1620 1326 λόγων.
1684 1249 1761 1314 111
1820 1250 1941 1315 hac
1986 1246 2561 1333 interpolationum
2604 1246 2968 1331 frequentia

573 1360 852 1443 suspicio
922 1357 1088 1421 mihi
1162 1356 1387 1421 oborta
1447 1361 1546 1420 est
1609 1358 1807 1420 etiam
1872 1356 1949 1420 de
2012 1377 2075 1440 p.
2127 1353 2213 1419 25
2234 1354 2307 1431 B,
2372 1354 2483 1417 ubi
2546 1350 2837 1417 Socrates
2882 1352 2963 1416 de

572 1467 754 1548 equis
791 1464 1148 1548 interrogat
1192 1468 1414 1526 utrum
1455 1459 1675 1547 plures
1715 1463 1846 1526 sint
1884 1463 1997 1547 qui
2034 1458 2333 1526 meliores
2372 1457 2641 1523 reddant
2676 1478 2757 1522 an
2794 1476 2966 1522 unus

573 1567 763 1634 modo
826 1570 860 1643 ἢ
926 1570 1091 1631 πάνυ
1139 1568 1357 1644 ὀλίγοι.
1404 1566 1548 1631 Νο11
1593 1568 1850 1651 scripsit
1896 1566 2086 1631 Plato
2132 1564 2475 1631 lectoribus
2522 1565 2756 1648 quibus
2802 1584 2963 1648 opus

570 1680 708 1749 erat
749 1670 1170 1757 explicatione
1191 1718 1207 1749 ,
1271 1692 1466 1757 quam
1528 1671 1861 1756 hucusque
1920 1674 2115 1736 nimis
2160 1674 2477 1756 patienter
2526 1668 2838 1734 tulimus:
2889 1668 2961 1733 οἱ

573 1775 918 1842 ἱππικοί.
986 1775 1207 1862 Neque
1251 1775 1560 1841 Isocrates
1609 1776 1740 1841 tale
1787 1776 1940 1861 quid
1988 1775 2231 1841 addidit
2278 1774 2355 1839 de
2400 1774 2695 1839 Antidosi
2742 1771 2961 1858 5211.

573 1880 704 1947 Sed·
757 1879 921 1947 1111111
976 1882 1096 1947 1100
1154 1886 1251 1946 est
1309 1884 1365 1946 si
1427 1883 1901 1967 comparaveris
1947 1902 2093 1946 cum
2145 1902 2207 1966 p.
2261 1878 2457 1945 2713:
2510 1878 2568 1943 εἴ
2610 1902 2701 1949 τις
2754 1874 2960 1942 ἵππων

577 1989 689 2064 μὲν
753 1986 984 2057 παῖδας
1049 1989 1260 2064 ἡγοῖτο
1324 1988 1427 2051 καὶ
1490 1989 1653 2051 ὄνων.
1714 1986 1859 2052 Non
1907 1993 2066 2072 puto
2114 1986 2250 2051 dari
2296 1987 2364 2050 in
2410 1990 2547 2051 tota
2594 1982 2960 2050 Graecitato

574 2093 893 2158 emblema
953 2094 1163 2179 magis
1221 2090 1569 2157 ridiculum
1590 2113 1607 2172 3
1668 2113 1818 2157 nam
1876 2112 2071 2179 quam
2134 2089 2407 2156 stolidus
2464 2090 2661 2155 fuerit
2708 2109 2963 2154 necesse

576 2204 706 2275 est,
759 2200 872 2283 qui
911 2198 1246 2283 adscripsit
1285 2198 1424 2269 τοὺς
1467 2195 1775 2273 ἧμιόνουςῙ
1824 2196 2087 2262 Primus
2124 2201 2341 2261 tamen
2381 2198 2448 2259 in
2486 2200 2667 2260 textu
2708 2196 2961 2259 uncinis

575 2305 862 2389 signavit
921 2302 1354 2368 Hermannus.
1420 2302 1658 2367 Scribit
1702 2301 2170 2369 Herwerdenus
2215 2303 2347 2366 iam
2395 2300 2742 2365 Attianum
2789 2299 2958 2364 Diss.

575 2407 786 2494 Epict.
848 2408 909 2473 2.
939 2407 978 2471 5
1041 2407 1277 2495 legisse
1338 2408 1474 2479 τοὺς
1541 2408 1853 2482 ἧμιόνους·
1920 2429 2035 2475 1100
2093 2428 2231 2473 rem
2287 2412 2541 2492 praesto
2601 2411 2668 2471 et
2711 2405 2964 2471 multae

573 2511 1100 2600 interpolationes
1150 2516 1344 2579 nimis
1392 2519 1687 2581 vetustae
1732 2519 1902 2580 sunt.

665 2725 816 2793 'Pria
883 2732 1033 2792 sunt
1100 2717 1414 2793 adiectiva
1477 2725 1673 2811 probe
1736 2725 2192 2812 distinguenda
2254 2723 2483 2802 ἄλογος
2504 2774 2520 2803 ,
2601 2723 2830 2796 ἄτοπος
2890 2729 2963 2790 et

573 2832 817 2914 ἄπορος.
883 2833 1182 2897 Primum
1244 2833 1453 2897 dicam
1501 2831 1655 2916 quid
1702 2831 2099 2916 significent,
2147 2837 2289 2895 tum
2338 2829 2650 2915 exemplis
2694 2830 2961 2916 quibus-

574 2939 722 3004 dam
785 2938 1119 3023 adscriptis
1187 2937 1266 3001 ad
1335 2937 1677 3001 discrimen
1746 2934 2251 3001 confirmandum
2314 2942 2645 3020 corruptos
2709 2933 2963 3019 aliquot

573 3044 748 3112 locos
818 3043 1336 3118 emendabimus3
1407 3049 1556 3106 utar
1617 3048 1836 3106 autem
1901 3044 1983 3106 iis
2045 3062 2207 3126 quae
2269 3039 2349 3106 ad
2409 3041 2749 3106 Isocratem
2798 3038 2959 3105 olim

571 3168 1016 3235 congesseram
1065 3148 1284 3212 Mnem.
1341 3145 1513 3212 1879
1562 3167 1626 3230 p.
1676 3145 1783 3212 82.
1834 3144 2057 3231 Itaque
2106 3145 2337 3221 ἄλογον
2381 3152 2651 3211 vocatur
2684 3145 2751 3210 id
2792 3145 2964 3230 quod

571 3255 696 3320 sibi
737 3255 867 3338 ipsi
913 3253 1288 3318 contradicit
1333 3259 1396 3318 et
1443 3273 1522 3317 ex
1569 3272 1638 3317 se
1680 3255 1823 3337 ipso
1870 3252 2105 3317 falsum
2152 3269 2287 3317 esse
2333 3255 2649 3338 arguitur.
2680 3251 2963 3316 ’Ἄτοπον

571 3367 671 3426 est
738 3358 1085 3423 ridiculum
1157 3364 1221 3423 et
1282 3356 1653 3423 absurdum.
1716 3357 1984 3436 Ἄπορον
2049 3358 2321 3442 denique
2388 3357 2564 3421 idem
2628 3362 2725 3421 est
2789 3357 2963 3441 qnod

571 3464 856 3529 Homero
917 3465 1266 3542 ἀμήχανον.
1330 3462 1497 3543 Quid
1558 3465 1645 3527 sit
1708 3461 1936 3539 ἄλογον
1999 3483 2317 3548 nusquam
2378 3460 2613 3527 melius
2658 3465 2963 3548 cognosci

570 3575 783 3655 potest
844 3589 1036 3654 quam
1098 3571 1166 3633 in
1228 3568 1466 3634 Phaed.
1518 3567 1713 3632 6213:
1762 3567 1866 3632 καὶ
1915 3569 2040 3647 γὰρ
2088 3568 2165 3634 ἂν
2212 3566 2435 3643 δόξειεν
2476 3565 2627 3631 οὕτω
2682 3569 2749 3644 γ’
2798 3563 2957 3632 εἶναι

569 3673 916 3750 ἄλογον·
967 3675 1033 3738 οὖ
1081 3673 1286 3752 ’μέντοι
1335 3675 1484 3739 ἀλλ’
1523 3672 1663 3744 ἴσως
1714 3671 1846 3751 ἔχει
1897 3672 2036 3737 τινὰ
2085 3672 2350 3749 λόγον.
2398 3672 2577 3737 Adde
2624 3669 2955 3738 Charmid.

573 3777 813 3846 1'750:
864 3778 1098 3851 οὐδενὸς
1147 3777 1285 3844 ὅτου
1332 3778 1474 3860 οὐχ)
1525 3777 1904 3857 ἀλογώτερον
1952 3779 2123 3842 τοῦτ’
2169 3777 2247 3842 ἂν
2293 3773 2559 3856 Φανὲίη,
2615 3777 2791 3842 idem
2836 3779 2959 3843 sci-

565 3883 720 3950 licet
779 3887 938 3952 scire
984 3891 1050 3950 et
1095 3886 1357 3950 nescire.
1399 3887 1675 3954 ''Aron-oe,-
1724 3903 1907 3968 saepe
1954 3882 2247 3949 Socrates
2296 3883 2563 3962 dicitur3
2615 3882 2763 3948 vide
2810 3904 2874 3949 v.
2900 3905 2959 3949 0.

569 3987 829 4055 Theaet.
874 4012 938 4077 p.
991 3989 1120 4055 149
1140 3991 1217 4069 A,
1266 3992 1378 4056 ubi
1425 3993 1564 4076 ipse
1611 3988 1802 4054 dicit:
1852 3989 2257 4060 ἀτοπώτατός
2308 3989 2434 4064 εἰμι
2481 3987 2584 4052 καὶ
2628 3993 2775 4052 ποιῶ
2816 3989 2958 4060 τοὺς

568 4095 902 4172 ἀνθρώπους
972 4098 1238 4176 ἀπορεῖν,
1308 4098 1418 4161 nbi
1488 4103 1659 4162 certe
1728 4115 1877 4160 cum
1944 4093 2369 4160 Stallbaumio
2439 4115 2565 4160 non
2636 4095 2960 4179 corrigam

569 4201 998 4279 ἀπορώτατος,
1063 4202 1142 4266 cf.
1204 4201 1289 4266 H.
1339 4202 1652 4268 Schmidt.
1705 4200 1785 4265 ad
1829 4198 2091 4266 Theaet.
2138 4221 2201 4285 p.
2252 4199 2385 4264 443
2400 4221 2419 4280 ;
2471 4199 2698 4266 deinde
2744 4199 2959 4267 Alcib.

566 4304 598 4369 Ι
659 4327 722 4389 p.
777 4305 996 4384 106A,
1067 4305 1280 4371 116E.
1345 4306 1570 4395 Symp.
1622 4305 1847 4373 207E.
1914 4303 2073 4372 Crit.
2126 4305 2309 4370 4413.
2358 4304 2599 4371 Phaed.
2652 4303 2827 4381 6013,
2876 4305 2963 4396 ad

568 4431 760 4495 quem
825 4411 1036 4504 locum
1103 4412 1388 4478 scholion
1437 4418 1568 4490 est,
1619 4413 1695 4478 de
1742 4433 1871 4496 quo
1919 4413 2238 4497 quaesivit
2284 4410 2357 4475 F.
2405 4411 2491 4476 H.
2540 4411 2616 4476 E.
2664 4409 2849 4476 Wolf
2886 4413 2963 4476 in
