<?xml version="1.0" encoding="UTF-8"?>
<!DOCTYPE html PUBLIC "-//W3C//DTD XHTML 1.0 Transitional//EN"
    "http://www.w3.org/TR/xhtml1/DTD/xhtml1-transitional.dtd">
<html xmlns="http://www.w3.org/1999/xhtml" xml:lang="en" lang="en">
 <head>
  <title>
</title>
<meta http-equiv="Content-Type" content="text/html;charset=utf-8" />
  <meta name='ocr-system' content='tesseract 3.04.00' />
  <meta name='ocr-capabilities' content='ocr_page ocr_carea ocr_par ocr_line ocrx_word'/>
</head>
<body>
  <div class='ocr_page' id='page_1' title='image "./mnemosynevolume03verdgoog_0269.png"; bbox 0 0 3246 5085; ppageno 0'>
   <div class='ocr_carea' id='block_1_1' title="bbox 1331 347 2662 417">
    <p class='ocr_par' dir='ltr' id='par_1_1' title="bbox 1331 347 2662 417">
     <span class='ocr_line' id='line_1_1' title="bbox 1331 347 2662 417; baseline -0.002 -2"><span class='ocrx_word' id='word_1_1' title='bbox 1331 367 1620 417; x_wconf 72' lang='lat' dir='ltr'><strong>monus.</strong></span> <span class='ocrx_word' id='word_1_2' title='bbox 2532 347 2662 414; x_wconf 79' lang='grc'><strong>261</strong></span> 
     </span>
    </p>
   </div>
   <div class='ocr_carea' id='block_1_2' title="bbox 272 531 2667 834">
    <p class='ocr_par' dir='ltr' id='par_1_2' title="bbox 272 531 2667 834">
     <span class='ocr_line' id='line_1_2' title="bbox 367 531 2667 614; baseline -0.002 -13"><span class='ocrx_word' id='word_1_3' title='bbox 367 534 475 614; x_wconf 88' lang='grc'><strong>69,</strong></span> <span class='ocrx_word' id='word_1_4' title='bbox 508 533 591 600; x_wconf 90' lang='grc'><strong>19</strong></span> <span class='ocrx_word' id='word_1_5' title='bbox 637 571 718 598; x_wconf 84' lang='lat'><strong><em>=</em></strong></span> <span class='ocrx_word' id='word_1_6' title='bbox 762 535 998 600; x_wconf 88' lang='lat' dir='ltr'><strong>Anecd.</strong></span> <span class='ocrx_word' id='word_1_7' title='bbox 1049 534 1256 599; x_wconf 80' lang='lat' dir='ltr'><strong>Bekk.</strong></span> <span class='ocrx_word' id='word_1_8' title='bbox 1302 532 1455 612; x_wconf 82' lang='lat'><strong>365,</strong></span> <span class='ocrx_word' id='word_1_9' title='bbox 1489 531 1591 598; x_wconf 90' lang='grc'><strong>18.</strong></span> <span class='ocrx_word' id='word_1_10' title='bbox 1640 569 1723 584; x_wconf 90' lang='grc'><strong>-</strong></span> <span class='ocrx_word' id='word_1_11' title='bbox 1765 531 2079 611; x_wconf 66' lang='grc' dir='ltr'><strong><em>ἀκύμονα·</em></strong></span> <span class='ocrx_word' id='word_1_12' title='bbox 2124 533 2471 613; x_wconf 70' lang='grc' dir='ltr'><strong><em>ἀτάραχον,</em></strong></span> <span class='ocrx_word' id='word_1_13' title='bbox 2513 532 2667 597; x_wconf 71' lang='grc' dir='ltr'><strong>ἀσά-</strong></span> 
     </span>
     <span class='ocr_line' id='line_1_3' title="bbox 272 657 2667 834; baseline -0.002 -18"><span class='ocrx_word' id='word_1_14' title='bbox 272 657 656 816; x_wconf 45' lang='lat' dir='ltr'><strong>Mtgdiii&#39;erri</strong></span> <span class='ocrx_word' id='word_1_15' title='bbox 737 746 1003 813; x_wconf 80' lang='lat' dir='ltr'><strong>Suidam</strong></span> <span class='ocrx_word' id='word_1_16' title='bbox 1091 753 1156 814; x_wconf 90' lang='lat' dir='ltr'><strong>et</strong></span> <span class='ocrx_word' id='word_1_17' title='bbox 1235 746 1649 834; x_wconf 84' lang='lat' dir='ltr'><strong>Hesychium</strong></span> <span class='ocrx_word' id='word_1_18' title='bbox 1719 746 1901 811; x_wconf 89' lang='lat' dir='ltr'><strong>iubet</strong></span> <span class='ocrx_word' id='word_1_19' title='bbox 1970 744 2399 811; x_wconf 79' lang='lat' dir='ltr'><strong>Reitzenstein</strong></span> <span class='ocrx_word' id='word_1_20' title='bbox 2416 768 2432 828; x_wconf 89' lang='lat'>;</span> <span class='ocrx_word' id='word_1_21' title='bbox 2506 743 2667 811; x_wconf 88' lang='lat' dir='ltr'><strong>adde</strong></span> 
     </span>
    </p>
   </div>
   <div class='ocr_carea' id='block_1_3' title="bbox 271 852 1780 942">
    <p class='ocr_par' dir='ltr' id='par_1_3' title="bbox 271 852 1780 942">
     <span class='ocr_line' id='line_1_4' title="bbox 271 852 1780 942; baseline -0.001 -23"><span class='ocrx_word' id='word_1_22' title='bbox 271 854 722 942; x_wconf 84' lang='lat' dir='ltr'><strong>Phrynichum</strong></span> <span class='ocrx_word' id='word_1_23' title='bbox 769 853 1006 919; x_wconf 91' lang='lat' dir='ltr'><strong>Anecd.</strong></span> <span class='ocrx_word' id='word_1_24' title='bbox 1060 853 1262 919; x_wconf 81' lang='lat' dir='ltr'><strong>Bekk.</strong></span> <span class='ocrx_word' id='word_1_25' title='bbox 1315 852 1377 931; x_wconf 90' lang='lat'><strong>6,</strong></span> <span class='ocrx_word' id='word_1_26' title='bbox 1409 853 1441 918; x_wconf 94' lang='lat' dir='ltr'><strong>l</strong></span> <span class='ocrx_word' id='word_1_27' title='bbox 1494 853 1780 934; x_wconf 86' lang='lat' dir='ltr'><strong>(Naber).</strong></span> 
     </span>
    </p>
   </div>
   <div class='ocr_carea' id='block_1_4' title="bbox 256 1100 2663 3849">
    <p class='ocr_par' dir='ltr' id='par_1_4' title="bbox 267 1100 2660 1291">
     <span class='ocr_line' id='line_1_5' title="bbox 365 1100 2660 1182; baseline -0.001 -12"><span class='ocrx_word' id='word_1_28' title='bbox 365 1104 473 1182; x_wconf 85' lang='lat'><strong>69,</strong></span> <span class='ocrx_word' id='word_1_29' title='bbox 501 1104 587 1170; x_wconf 82' lang='grc'><strong>26</strong></span> <span class='ocrx_word' id='word_1_30' title='bbox 632 1130 714 1157; x_wconf 95' lang='lat'><strong><em>=</em></strong></span> <span class='ocrx_word' id='word_1_31' title='bbox 757 1103 992 1170; x_wconf 83' lang='lat' dir='ltr'><strong>Anecd.</strong></span> <span class='ocrx_word' id='word_1_32' title='bbox 1061 1102 1264 1169; x_wconf 84' lang='lat' dir='ltr'><strong>Bekk.</strong></span> <span class='ocrx_word' id='word_1_33' title='bbox 1333 1100 1487 1181; x_wconf 84' lang='grc'><strong>374,</strong></span> <span class='ocrx_word' id='word_1_34' title='bbox 1518 1103 1580 1168; x_wconf 84' lang='grc'><strong>5.</strong></span> <span class='ocrx_word' id='word_1_35' title='bbox 1654 1139 1740 1151; x_wconf 94' lang='grc'>-</span> <span class='ocrx_word' id='word_1_36' title='bbox 1805 1100 1963 1168; x_wconf 70' lang='grc' dir='ltr'><strong>ἅλα.</strong></span> <span class='ocrx_word' id='word_1_37' title='bbox 2031 1101 2378 1168; x_wconf 72' lang='grc' dir='ltr'><strong>θάλασσαν.</strong></span> <span class='ocrx_word' id='word_1_38' title='bbox 2446 1103 2479 1178; x_wconf 73' lang='grc' dir='ltr'><em>ἢ</em></span> <span class='ocrx_word' id='word_1_39' title='bbox 2543 1103 2660 1176; x_wconf 79' lang='grc' dir='ltr'><strong>τοὶς</strong></span> 
     </span>
     <span class='ocr_line' id='line_1_6' title="bbox 267 1208 1050 1291; baseline 0 -15"><span class='ocrx_word' id='word_1_40' title='bbox 267 1217 388 1276; x_wconf 77' lang='grc' dir='ltr'><strong>τῶν</strong></span> <span class='ocrx_word' id='word_1_41' title='bbox 434 1209 670 1291; x_wconf 75' lang='grc' dir='ltr'><strong><em>ὀνύχων</em></strong></span> <span class='ocrx_word' id='word_1_42' title='bbox 718 1208 1050 1287; x_wconf 54' lang='grc' dir='ltr'><strong>ὅξύτηώάς.</strong></span> 
     </span>
    </p>

    <p class='ocr_par' dir='ltr' id='par_1_5' title="bbox 263 1313 2663 2254">
     <span class='ocr_line' id='line_1_7' title="bbox 355 1313 2662 1401; baseline 0 -20"><span class='ocrx_word' id='word_1_43' title='bbox 355 1317 618 1384; x_wconf 88' lang='lat' dir='ltr'><strong>Poetica</strong></span> <span class='ocrx_word' id='word_1_44' title='bbox 665 1339 788 1382; x_wconf 83' lang='lat' dir='ltr'><strong>vox</strong></span> <span class='ocrx_word' id='word_1_45' title='bbox 837 1323 934 1383; x_wconf 88' lang='lat' dir='ltr'><strong>est</strong></span> <span class='ocrx_word' id='word_1_46' title='bbox 979 1313 1138 1395; x_wconf 67' lang='grc' dir='ltr'><strong>ἃλς,</strong></span> <span class='ocrx_word' id='word_1_47' title='bbox 1205 1318 1434 1401; x_wconf 53' lang='lat' dir='ltr'><strong>itaque.</strong></span> <span class='ocrx_word' id='word_1_48' title='bbox 1470 1337 1599 1382; x_wconf 88' lang='lat' dir='ltr'><strong>non</strong></span> <span class='ocrx_word' id='word_1_49' title='bbox 1649 1314 1865 1381; x_wconf 86' lang='lat' dir='ltr'><strong>solum</strong></span> <span class='ocrx_word' id='word_1_50' title='bbox 1916 1317 2246 1381; x_wconf 73' lang='grc' dir='ltr'><strong>θάλασσαν</strong></span> <span class='ocrx_word' id='word_1_51' title='bbox 2294 1315 2501 1394; x_wconf 88' lang='lat' dir='ltr'><strong>illud,</strong></span> <span class='ocrx_word' id='word_1_52' title='bbox 2552 1316 2662 1381; x_wconf 87' lang='lat' dir='ltr'><strong>sed</strong></span> 
     </span>
     <span class='ocr_line' id='line_1_8' title="bbox 268 1421 2659 1509; baseline -0.001 -19"><span class='ocrx_word' id='word_1_53' title='bbox 268 1425 470 1490; x_wconf 89' lang='lat' dir='ltr'><strong>etiam</strong></span> <span class='ocrx_word' id='word_1_54' title='bbox 531 1421 809 1489; x_wconf 88' lang='lat' dir='ltr'><strong>alterum</strong></span> <span class='ocrx_word' id='word_1_55' title='bbox 869 1422 1038 1509; x_wconf 87' lang='lat' dir='ltr'><strong>quod</strong></span> <span class='ocrx_word' id='word_1_56' title='bbox 1101 1423 1521 1508; x_wconf 84' lang='lat' dir='ltr'><strong>subiungitur</strong></span> <span class='ocrx_word' id='word_1_57' title='bbox 1581 1423 2227 1508; x_wconf 79' lang='lat' dir='ltr'><strong>interpretamentum</strong></span> <span class='ocrx_word' id='word_1_58' title='bbox 2276 1421 2623 1488; x_wconf 87' lang='lat' dir='ltr'><strong>mirificum</strong></span> <span class='ocrx_word' id='word_1_59' title='bbox 2642 1470 2659 1501; x_wconf 91' lang='lat'>‚</span> 
     </span>
     <span class='ocr_line' id='line_1_9' title="bbox 266 1527 2663 1616; baseline -0.002 -20"><span class='ocrx_word' id='word_1_60' title='bbox 266 1530 349 1596; x_wconf 86' lang='lat' dir='ltr'><strong>ad</strong></span> <span class='ocrx_word' id='word_1_61' title='bbox 409 1531 738 1616; x_wconf 89' lang='lat' dir='ltr'><strong>poeticum</strong></span> <span class='ocrx_word' id='word_1_62' title='bbox 799 1529 1086 1616; x_wconf 81' lang='lat' dir='ltr'><strong>aliquem</strong></span> <span class='ocrx_word' id='word_1_63' title='bbox 1149 1527 1368 1595; x_wconf 88' lang='lat' dir='ltr'><strong>locum</strong></span> <span class='ocrx_word' id='word_1_64' title='bbox 1430 1534 1715 1614; x_wconf 86' lang='lat' dir='ltr'><strong>spectare</strong></span> <span class='ocrx_word' id='word_1_65' title='bbox 1777 1535 2028 1594; x_wconf 88' lang='lat' dir='ltr'><strong>certum</strong></span> <span class='ocrx_word' id='word_1_66' title='bbox 2076 1533 2193 1594; x_wconf 87' lang='lat' dir='ltr'><strong>est.</strong></span> <span class='ocrx_word' id='word_1_67' title='bbox 2258 1527 2663 1594; x_wconf 81' lang='lat' dir='ltr'><strong>Incredibilia</strong></span> 
     </span>
     <span class='ocr_line' id='line_1_10' title="bbox 266 1635 2663 1719; baseline -0.002 -17"><span class='ocrx_word' id='word_1_68' title='bbox 266 1641 488 1703; x_wconf 88' lang='lat' dir='ltr'><strong>autem</strong></span> <span class='ocrx_word' id='word_1_69' title='bbox 536 1672 622 1684; x_wconf 89' lang='lat'><strong>—</strong></span> <span class='ocrx_word' id='word_1_70' title='bbox 671 1657 820 1701; x_wconf 91' lang='lat' dir='ltr'><strong>nam</strong></span> <span class='ocrx_word' id='word_1_71' title='bbox 865 1636 1050 1700; x_wconf 71' lang='lat' dir='ltr'><strong>salem</strong></span> <span class='ocrx_word' id='word_1_72' title='bbox 1098 1637 1295 1701; x_wconf 81' lang='lat' dir='ltr'><strong>etiam</strong></span> <span class='ocrx_word' id='word_1_73' title='bbox 1343 1636 1635 1719; x_wconf 74' lang='lat' dir='ltr'><strong>unquium</strong></span> <span class='ocrx_word' id='word_1_74' title='bbox 1681 1635 1943 1716; x_wconf 71' lang='lat' dir='ltr'><strong>seqmina</strong></span> <span class='ocrx_word' id='word_1_75' title='bbox 1989 1635 2162 1700; x_wconf 89' lang='lat' dir='ltr'><strong>dicta</strong></span> <span class='ocrx_word' id='word_1_76' title='bbox 2207 1655 2343 1701; x_wconf 87' lang='lat' dir='ltr'><strong>esse</strong></span> <span class='ocrx_word' id='word_1_77' title='bbox 2387 1655 2517 1700; x_wconf 90' lang='lat' dir='ltr'><strong>non</strong></span> <span class='ocrx_word' id='word_1_78' title='bbox 2563 1639 2663 1699; x_wconf 88' lang='lat' dir='ltr'><strong>est</strong></span> 
     </span>
     <span class='ocr_line' id='line_1_11' title="bbox 263 1740 2662 1829; baseline -0.001 -22"><span class='ocrx_word' id='word_1_79' title='bbox 263 1742 436 1829; x_wconf 86' lang='lat' dir='ltr'><strong>quod</strong></span> <span class='ocrx_word' id='word_1_80' title='bbox 481 1744 693 1808; x_wconf 84' lang='lat' dir='ltr'><strong>cuivis</strong></span> <span class='ocrx_word' id='word_1_81' title='bbox 737 1741 923 1808; x_wconf 89' lang='lat' dir='ltr'><strong>facile</strong></span> <span class='ocrx_word' id='word_1_82' title='bbox 971 1741 1187 1807; x_wconf 87' lang='lat' dir='ltr'><strong>credas</strong></span> <span class='ocrx_word' id='word_1_83' title='bbox 1235 1779 1320 1791; x_wconf 90' lang='lat'><strong>—</strong></span> <span class='ocrx_word' id='word_1_84' title='bbox 1367 1740 1773 1807; x_wconf 80' lang='lat' dir='ltr'><strong>incredibilia</strong></span> <span class='ocrx_word' id='word_1_85' title='bbox 1819 1742 2025 1828; x_wconf 80' lang='lat' dir='ltr'><strong>igitur</strong></span> <span class='ocrx_word' id='word_1_86' title='bbox 2062 1761 2213 1807; x_wconf 90' lang='lat' dir='ltr'><strong>cum</strong></span> <span class='ocrx_word' id='word_1_87' title='bbox 2251 1741 2662 1828; x_wconf 85' lang='lat' dir='ltr'><strong>proferuntur</strong></span> 
     </span>
     <span class='ocr_line' id='line_1_12' title="bbox 263 1847 2659 1936; baseline 0 -22"><span class='ocrx_word' id='word_1_88' title='bbox 263 1849 346 1914; x_wconf 92' lang='lat' dir='ltr'><strong>ab</strong></span> <span class='ocrx_word' id='word_1_89' title='bbox 403 1848 898 1934; x_wconf 87' lang='lat' dir='ltr'><strong>interpretibus,</strong></span> <span class='ocrx_word' id='word_1_90' title='bbox 962 1847 1038 1913; x_wconf 89' lang='lat' dir='ltr'><strong>de</strong></span> <span class='ocrx_word' id='word_1_91' title='bbox 1103 1849 1494 1914; x_wconf 78' lang='lat' dir='ltr'><strong>carminibus</strong></span> <span class='ocrx_word' id='word_1_92' title='bbox 1540 1849 1735 1934; x_wconf 80' lang='lat' dir='ltr'><strong>epicis</strong></span> <span class='ocrx_word' id='word_1_93' title='bbox 1782 1851 2006 1914; x_wconf 89' lang='lat' dir='ltr'><strong>statim</strong></span> <span class='ocrx_word' id='word_1_94' title='bbox 2054 1851 2436 1936; x_wconf 82' lang='lat' dir='ltr'><strong>cogitamus.</strong></span> <span class='ocrx_word' id='word_1_95' title='bbox 2486 1848 2659 1929; x_wconf 84' lang='lat' dir='ltr'><strong>Quae</strong></span> 
     </span>
     <span class='ocr_line' id='line_1_13' title="bbox 263 1954 2658 2042; baseline 0 -22"><span class='ocrx_word' id='word_1_96' title='bbox 263 1957 478 2042; x_wconf 78' lang='lat' dir='ltr'><strong>igitur</strong></span> <span class='ocrx_word' id='word_1_97' title='bbox 535 1955 806 2022; x_wconf 84' lang='lat' dir='ltr'><strong>Homeri</strong></span> <span class='ocrx_word' id='word_1_98' title='bbox 874 1956 1066 2020; x_wconf 83' lang='lat' dir='ltr'><strong>verba</strong></span> <span class='ocrx_word' id='word_1_99' title='bbox 1115 1956 1232 2020; x_wconf 87' lang='lat' dir='ltr'><strong>hoo</strong></span> <span class='ocrx_word' id='word_1_100' title='bbox 1279 1954 1777 2020; x_wconf 81' lang='lat' dir='ltr'><strong>deliramentum</strong></span> <span class='ocrx_word' id='word_1_101' title='bbox 1825 1957 1891 2020; x_wconf 92' lang='lat' dir='ltr'><strong>in</strong></span> <span class='ocrx_word' id='word_1_102' title='bbox 1940 1955 2151 2021; x_wconf 90' lang='lat' dir='ltr'><strong>lucem</strong></span> <span class='ocrx_word' id='word_1_103' title='bbox 2201 1976 2426 2022; x_wconf 88' lang='lat' dir='ltr'><strong>vocare</strong></span> <span class='ocrx_word' id='word_1_104' title='bbox 2471 1962 2658 2042; x_wconf 90' lang='lat' dir='ltr'><strong>potu-</strong></span> 
     </span>
     <span class='ocr_line' id='line_1_14' title="bbox 265 2059 2661 2149; baseline 0 -21"><span class='ocrx_word' id='word_1_105' title='bbox 265 2059 498 2128; x_wconf 81' lang='lat' dir='ltr'><strong>erunt?</strong></span> <span class='ocrx_word' id='word_1_106' title='bbox 560 2059 702 2127; x_wconf 88' lang='lat' dir='ltr'><strong>Aut</strong></span> <span class='ocrx_word' id='word_1_107' title='bbox 757 2065 1017 2149; x_wconf 80' lang='lat' dir='ltr'><strong>egregie</strong></span> <span class='ocrx_word' id='word_1_108' title='bbox 1080 2061 1267 2127; x_wconf 86' lang='lat' dir='ltr'><strong>fallor</strong></span> <span class='ocrx_word' id='word_1_109' title='bbox 1314 2068 1428 2127; x_wconf 90' lang='lat' dir='ltr'><strong>aut</strong></span> <span class='ocrx_word' id='word_1_110' title='bbox 1473 2063 1599 2127; x_wconf 90' lang='lat' dir='ltr'><strong>fuit</strong></span> <span class='ocrx_word' id='word_1_111' title='bbox 1646 2062 1965 2149; x_wconf 84' lang='lat' dir='ltr'><strong>Odysseae</strong></span> <span class='ocrx_word' id='word_1_112' title='bbox 2014 2083 2237 2128; x_wconf 82' lang='lat' dir='ltr'><strong>versus</strong></span> <span class='ocrx_word' id='word_1_113' title='bbox 2280 2065 2661 2129; x_wconf 89' lang='lat' dir='ltr'><strong>innocentis-</strong></span> 
     </span>
     <span class='ocr_line' id='line_1_15' title="bbox 269 2166 2355 2254; baseline -0 -20"><span class='ocrx_word' id='word_1_114' title='bbox 269 2171 478 2234; x_wconf 88' lang='lat' dir='ltr'><strong>simus</strong></span> <span class='ocrx_word' id='word_1_115' title='bbox 523 2169 819 2254; x_wconf 87' lang='lat' dir='ltr'><strong>sanisque</strong></span> <span class='ocrx_word' id='word_1_116' title='bbox 865 2168 1236 2234; x_wconf 89' lang='lat' dir='ltr'><strong>hominibus</strong></span> <span class='ocrx_word' id='word_1_117' title='bbox 1280 2166 1618 2234; x_wconf 84' lang='lat' dir='ltr'><strong>intellectu</strong></span> <span class='ocrx_word' id='word_1_118' title='bbox 1667 2167 2013 2234; x_wconf 88' lang='lat' dir='ltr'><strong>facillimus</strong></span> <span class='ocrx_word' id='word_1_119' title='bbox 2060 2177 2116 2248; x_wconf 88' lang='grc' dir='ltr'><strong>(ρ</strong></span> <span class='ocrx_word' id='word_1_120' title='bbox 2162 2167 2355 2249; x_wconf 84' lang='lat'>455&gt;:</span> 
     </span>
    </p>

    <p class='ocr_par' dir='ltr' id='par_1_6' title="bbox 537 2271 2357 2368">
     <span class='ocr_line' id='line_1_16' title="bbox 537 2271 2357 2368; baseline 0.001 -29"><span class='ocrx_word' id='word_1_121' title='bbox 537 2276 604 2340; x_wconf 80' lang='grc' dir='ltr'><strong>οὗ</strong></span> <span class='ocrx_word' id='word_1_122' title='bbox 649 2276 725 2339; x_wconf 79' lang='grc' dir='ltr'><strong>σύ</strong></span> <span class='ocrx_word' id='word_1_123' title='bbox 771 2279 838 2351; x_wconf 73' lang='grc' dir='ltr'><strong>γ’</strong></span> <span class='ocrx_word' id='word_1_124' title='bbox 885 2273 960 2339; x_wconf 75' lang='grc' dir='ltr'><strong>ἂν</strong></span> <span class='ocrx_word' id='word_1_125' title='bbox 1011 2272 1080 2349; x_wconf 78' lang='grc' dir='ltr'><strong>ἐξ</strong></span> <span class='ocrx_word' id='word_1_126' title='bbox 1112 2271 1288 2368; x_wconf 23' lang='grc' dir='ltr'><strong><em>,οἴκου</em></strong></span> <span class='ocrx_word' id='word_1_127' title='bbox 1337 2277 1420 2356; x_wconf 61' lang='lat' dir='ltr'><strong>a&amp;</strong></span> <span class='ocrx_word' id='word_1_128' title='bbox 1471 2275 1779 2357; x_wconf 61' lang='grc' dir='ltr'><strong>ἐπιστάτῃ</strong></span> <span class='ocrx_word' id='word_1_129' title='bbox 1826 2274 1947 2340; x_wconf 72' lang='grc' dir='ltr'><strong>οὐδ’</strong></span> <span class='ocrx_word' id='word_1_130' title='bbox 1996 2272 2129 2341; x_wconf 72' lang='grc' dir='ltr'><strong>ἅλα</strong></span> <span class='ocrx_word' id='word_1_131' title='bbox 2177 2274 2357 2349; x_wconf 72' lang='grc' dir='ltr'><strong>δοίης.</strong></span> 
     </span>
    </p>

    <p class='ocr_par' dir='ltr' id='par_1_7' title="bbox 257 2377 2659 3423">
     <span class='ocr_line' id='line_1_17' title="bbox 263 2377 2659 2448; baseline -0.001 -2"><span class='ocrx_word' id='word_1_132' title='bbox 263 2379 395 2446; x_wconf 89' lang='lat' dir='ltr'><strong>Ubi</strong></span> <span class='ocrx_word' id='word_1_133' title='bbox 460 2379 697 2445; x_wconf 74' lang='grc' dir='ltr'><strong><em>οὐδοὶλα</em></strong></span> <span class='ocrx_word' id='word_1_134' title='bbox 759 2401 884 2446; x_wconf 87' lang='lat' dir='ltr'><strong>una</strong></span> <span class='ocrx_word' id='word_1_135' title='bbox 944 2400 1102 2445; x_wconf 83' lang='lat' dir='ltr'><strong>voce</strong></span> <span class='ocrx_word' id='word_1_136' title='bbox 1163 2379 1409 2446; x_wconf 87' lang='lat' dir='ltr'><strong>lectum</strong></span> <span class='ocrx_word' id='word_1_137' title='bbox 1468 2377 1879 2446; x_wconf 77' lang='lat' dir='ltr'><strong>Callistratus</strong></span> <span class='ocrx_word' id='word_1_138' title='bbox 1943 2418 2029 2429; x_wconf 93' lang='lat'>—</span> <span class='ocrx_word' id='word_1_139' title='bbox 2092 2379 2505 2448; x_wconf 76' lang='lat' dir='ltr'><strong>Callistratus</strong></span> <span class='ocrx_word' id='word_1_140' title='bbox 2564 2383 2659 2445; x_wconf 91' lang='lat' dir='ltr'><strong>in-</strong></span> 
     </span>
     <span class='ocr_line' id='line_1_18' title="bbox 263 2483 2650 2575; baseline 0.001 -22"><span class='ocrx_word' id='word_1_141' title='bbox 263 2507 496 2572; x_wconf 87' lang='lat' dir='ltr'><strong>quam,</strong></span> <span class='ocrx_word' id='word_1_142' title='bbox 561 2483 913 2553; x_wconf 78' lang='lat' dir='ltr'><strong>Aristarchi</strong></span> <span class='ocrx_word' id='word_1_143' title='bbox 973 2485 1210 2553; x_wconf 89' lang='lat' dir='ltr'><strong>sodalis</strong></span> <span class='ocrx_word' id='word_1_144' title='bbox 1270 2493 1335 2553; x_wconf 87' lang='lat' dir='ltr'><strong>et</strong></span> <span class='ocrx_word' id='word_1_145' title='bbox 1380 2486 1833 2573; x_wconf 88' lang='lat' dir='ltr'><strong>Aristophanis</strong></span> <span class='ocrx_word' id='word_1_146' title='bbox 1881 2495 1956 2553; x_wconf 88' lang='lat' dir='ltr'><strong>ut</strong></span> <span class='ocrx_word' id='word_1_147' title='bbox 2004 2485 2116 2554; x_wconf 89' lang='lat' dir='ltr'><strong>ille</strong></span> <span class='ocrx_word' id='word_1_148' title='bbox 2162 2487 2517 2575; x_wconf 87' lang='lat' dir='ltr'><strong>discipulus</strong></span> <span class='ocrx_word' id='word_1_149' title='bbox 2564 2525 2650 2536; x_wconf 91' lang='lat'><strong>—-</strong></span> 
     </span>
     <span class='ocr_line' id='line_1_19' title="bbox 259 2592 2652 2681; baseline 0.001 -24"><span class='ocrx_word' id='word_1_150' title='bbox 259 2595 806 2681; x_wconf 87' lang='lat' dir='ltr'><strong>interpretabatur</strong></span> <span class='ocrx_word' id='word_1_151' title='bbox 849 2594 1068 2659; x_wconf 69' lang='lat' dir='ltr'><strong>sordes.</strong></span> <span class='ocrx_word' id='word_1_152' title='bbox 1116 2592 1340 2679; x_wconf 90' lang='lat' dir='ltr'><strong>Neque</strong></span> <span class='ocrx_word' id='word_1_153' title='bbox 1386 2592 1616 2660; x_wconf 89' lang='lat' dir='ltr'><strong>melior</strong></span> <span class='ocrx_word' id='word_1_154' title='bbox 1662 2594 1780 2660; x_wconf 91' lang='lat' dir='ltr'><strong>hac</strong></span> <span class='ocrx_word' id='word_1_155' title='bbox 1826 2593 2249 2681; x_wconf 84' lang='lat' dir='ltr'><strong>explicatione</strong></span> <span class='ocrx_word' id='word_1_156' title='bbox 2295 2616 2501 2680; x_wconf 89' lang='lat' dir='ltr'><strong>neque</strong></span> <span class='ocrx_word' id='word_1_157' title='bbox 2548 2594 2652 2659; x_wconf 90' lang='lat' dir='ltr'><strong>de-</strong></span> 
     </span>
     <span class='ocr_line' id='line_1_20' title="bbox 259 2696 2650 2787; baseline 0.001 -23"><span class='ocrx_word' id='word_1_158' title='bbox 259 2700 460 2764; x_wconf 81' lang='lat' dir='ltr'><strong>terior</strong></span> <span class='ocrx_word' id='word_1_159' title='bbox 512 2700 639 2764; x_wconf 83' lang='lat' dir='ltr'><strong>fuit</strong></span> <span class='ocrx_word' id='word_1_160' title='bbox 682 2701 822 2765; x_wconf 87' lang='lat' dir='ltr'><strong>eius</strong></span> <span class='ocrx_word' id='word_1_161' title='bbox 870 2702 983 2785; x_wconf 89' lang='lat' dir='ltr'><strong>qui</strong></span> <span class='ocrx_word' id='word_1_162' title='bbox 1031 2696 1163 2764; x_wconf 70' lang='grc' dir='ltr'><strong>ἅλα.</strong></span> <span class='ocrx_word' id='word_1_163' title='bbox 1211 2699 1498 2781; x_wconf 71' lang='lat' dir='ltr'><strong>unquium</strong></span> <span class='ocrx_word' id='word_1_164' title='bbox 1544 2707 1814 2764; x_wconf 73' lang='lat' dir='ltr'><strong>ramenta</strong></span> <span class='ocrx_word' id='word_1_165' title='bbox 1859 2698 2215 2778; x_wconf 85' lang='lat' dir='ltr'><strong>intellexit,</strong></span> <span class='ocrx_word' id='word_1_166' title='bbox 2265 2705 2332 2766; x_wconf 82' lang='lat' dir='ltr'><strong>et</strong></span> <span class='ocrx_word' id='word_1_167' title='bbox 2374 2706 2650 2787; x_wconf 81' lang='lat' dir='ltr'><strong>cognato</strong></span> 
     </span>
     <span class='ocr_line' id='line_1_21' title="bbox 258 2804 2646 2897; baseline 0 -27"><span class='ocrx_word' id='word_1_168' title='bbox 258 2807 522 2892; x_wconf 83' lang='lat' dir='ltr'><strong>iugenio</strong></span> <span class='ocrx_word' id='word_1_169' title='bbox 592 2805 805 2872; x_wconf 89' lang='lat' dir='ltr'><strong>deberi</strong></span> <span class='ocrx_word' id='word_1_170' title='bbox 875 2805 1135 2871; x_wconf 87' lang='lat' dir='ltr'><strong>videtur</strong></span> <span class='ocrx_word' id='word_1_171' title='bbox 1193 2806 1362 2892; x_wconf 88' lang='lat' dir='ltr'><strong>quod</strong></span> <span class='ocrx_word' id='word_1_172' title='bbox 1426 2804 1595 2891; x_wconf 88' lang='lat' dir='ltr'><strong>apud</strong></span> <span class='ocrx_word' id='word_1_173' title='bbox 1659 2805 2065 2897; x_wconf 84' lang='lat' dir='ltr'><strong>Hesychium</strong></span> <span class='ocrx_word' id='word_1_174' title='bbox 2131 2828 2179 2872; x_wconf 89' lang='lat' dir='ltr'><strong>s.</strong></span> <span class='ocrx_word' id='word_1_175' title='bbox 2222 2827 2285 2872; x_wconf 80' lang='lat' dir='ltr'><strong>v.</strong></span> <span class='ocrx_word' id='word_1_176' title='bbox 2346 2807 2469 2872; x_wconf 75' lang='grc' dir='ltr'><strong><em>οὐδ’</em></strong></span> <span class='ocrx_word' id='word_1_177' title='bbox 2514 2805 2646 2871; x_wconf 73' lang='grc' dir='ltr'><strong>ἅλα</strong></span> 
     </span>
     <span class='ocr_line' id='line_1_22' title="bbox 257 2909 2648 2998; baseline 0 -22"><span class='ocrx_word' id='word_1_178' title='bbox 257 2910 540 2998; x_wconf 79' lang='lat' dir='ltr'><strong>legitur:</strong></span> <span class='ocrx_word' id='word_1_179' title='bbox 607 2912 986 2990; x_wconf 58' lang='grc' dir='ltr'><strong>»Αἰγύπτιοι</strong></span> <span class='ocrx_word' id='word_1_180' title='bbox 1053 2910 1155 2990; x_wconf 75' lang='grc' dir='ltr'><strong>δέ,</strong></span> <span class='ocrx_word' id='word_1_181' title='bbox 1218 2914 1336 2976; x_wconf 79' lang='grc' dir='ltr'><strong>τῶν</strong></span> <span class='ocrx_word' id='word_1_182' title='bbox 1403 2909 1600 2990; x_wconf 77' lang='grc' dir='ltr'><strong><em>ἄρτων</em></strong></span> <span class='ocrx_word' id='word_1_183' title='bbox 1666 2912 1751 2977; x_wconf 76' lang='grc' dir='ltr'><strong>τὰ</strong></span> <span class='ocrx_word' id='word_1_184' title='bbox 1814 2912 2337 2992; x_wconf 73' lang='grc' dir='ltr'><strong>Φλογίσματοι”.”</strong></span> <span class='ocrx_word' id='word_1_185' title='bbox 2392 2913 2521 2979; x_wconf 89' lang='lat' dir='ltr'><strong>Ubi</strong></span> <span class='ocrx_word' id='word_1_186' title='bbox 2580 2914 2648 2978; x_wconf 90' lang='lat' dir='ltr'><strong>in</strong></span> 
     </span>
     <span class='ocr_line' id='line_1_23' title="bbox 259 3016 2649 3103; baseline 0 -20"><span class='ocrx_word' id='word_1_187' title='bbox 259 3038 415 3083; x_wconf 81' lang='lat' dir='ltr'><strong>voce</strong></span> <span class='ocrx_word' id='word_1_188' title='bbox 497 3017 832 3095; x_wconf 72' lang='grc' dir='ltr'><strong><em>Αἰγύπτιοι</em></strong></span> <span class='ocrx_word' id='word_1_189' title='bbox 911 3019 1282 3103; x_wconf 84' lang='lat' dir='ltr'><strong>interpretis</strong></span> <span class='ocrx_word' id='word_1_190' title='bbox 1368 3016 1641 3083; x_wconf 86' lang='lat' dir='ltr'><strong>alicuius</strong></span> <span class='ocrx_word' id='word_1_191' title='bbox 1723 3038 1953 3083; x_wconf 88' lang='lat' dir='ltr'><strong>nomen</strong></span> <span class='ocrx_word' id='word_1_192' title='bbox 2036 3020 2297 3099; x_wconf 76' lang='grc' dir='ltr'><strong>(Ἃπ-Ιων</strong></span> <span class='ocrx_word' id='word_1_193' title='bbox 2314 3018 2367 3099; x_wconf 76' lang='lat'><strong>?)</strong></span> <span class='ocrx_word' id='word_1_194' title='bbox 2447 3017 2649 3085; x_wconf 90' lang='lat' dir='ltr'><strong>latere</strong></span> 
     </span>
     <span class='ocr_line' id='line_1_24' title="bbox 257 3123 2646 3210; baseline 0.001 -21"><span class='ocrx_word' id='word_1_195' title='bbox 257 3126 568 3210; x_wconf 88' lang='lat' dir='ltr'><strong>suspicor.</strong></span> <span class='ocrx_word' id='word_1_196' title='bbox 629 3123 989 3190; x_wconf 81' lang='lat' dir='ltr'><strong>Eorundem</strong></span> <span class='ocrx_word' id='word_1_197' title='bbox 1040 3123 1375 3190; x_wconf 90' lang='lat' dir='ltr'><strong>hominum</strong></span> <span class='ocrx_word' id='word_1_198' title='bbox 1424 3124 1553 3189; x_wconf 89' lang='lat' dir='ltr'><strong>fuit</strong></span> <span class='ocrx_word' id='word_1_199' title='bbox 1601 3124 1761 3201; x_wconf 72' lang='grc' dir='ltr'><strong>κάρα</strong></span> <span class='ocrx_word' id='word_1_200' title='bbox 1812 3127 2213 3191; x_wconf 87' lang='lat' dir='ltr'><strong>comminisci</strong></span> <span class='ocrx_word' id='word_1_201' title='bbox 2263 3125 2646 3191; x_wconf 83' lang='lat' dir='ltr'><strong>vocabulum</strong></span> 
     </span>
     <span class='ocr_line' id='line_1_25' title="bbox 257 3229 2649 3317; baseline 0.001 -22"><span class='ocrx_word' id='word_1_202' title='bbox 257 3229 684 3296; x_wconf 88' lang='lat' dir='ltr'><strong>Homericum</strong></span> <span class='ocrx_word' id='word_1_203' title='bbox 718 3230 1068 3313; x_wconf 79' lang='lat' dir='ltr'><strong>pedicubum</strong></span> <span class='ocrx_word' id='word_1_204' title='bbox 1115 3230 1482 3317; x_wconf 81' lang='lat' dir='ltr'><strong>significans</strong></span> <span class='ocrx_word' id='word_1_205' title='bbox 1529 3238 1593 3297; x_wconf 90' lang='lat' dir='ltr'><strong>et</strong></span> <span class='ocrx_word' id='word_1_206' title='bbox 1640 3233 1869 3305; x_wconf 75' lang='grc' dir='ltr'><strong><em>στήτην</em></strong></span> <span class='ocrx_word' id='word_1_207' title='bbox 1903 3232 2203 3317; x_wconf 63' lang='grc' dir='ltr'><strong>ιῘονφηῑνιαηι</strong></span> <span class='ocrx_word' id='word_1_208' title='bbox 2253 3239 2316 3297; x_wconf 88' lang='lat' dir='ltr'><strong>et</strong></span> <span class='ocrx_word' id='word_1_209' title='bbox 2363 3229 2497 3298; x_wconf 71' lang='grc' dir='ltr'><strong>ἅλα</strong></span> <span class='ocrx_word' id='word_1_210' title='bbox 2542 3253 2649 3299; x_wconf 86' lang='lat' dir='ltr'><strong>vo-</strong></span> 
     </span>
     <span class='ocr_line' id='line_1_26' title="bbox 257 3339 1320 3423; baseline 0 -22"><span class='ocrx_word' id='word_1_211' title='bbox 257 3356 402 3401; x_wconf 88' lang='lat' dir='ltr'><strong>cem</strong></span> <span class='ocrx_word' id='word_1_212' title='bbox 448 3342 584 3402; x_wconf 88' lang='lat' dir='ltr'><strong>tam</strong></span> <span class='ocrx_word' id='word_1_213' title='bbox 628 3339 846 3422; x_wconf 89' lang='lat' dir='ltr'><strong>inepte</strong></span> <span class='ocrx_word' id='word_1_214' title='bbox 889 3339 1320 3423; x_wconf 86' lang='lat' dir='ltr'><strong>interpretari.</strong></span> 
     </span>
    </p>

    <p class='ocr_par' dir='ltr' id='par_1_8' title="bbox 256 3440 2649 3849">
     <span class='ocr_line' id='line_1_27' title="bbox 352 3440 2646 3532; baseline 0.001 -25"><span class='ocrx_word' id='word_1_215' title='bbox 352 3443 441 3508; x_wconf 89' lang='lat' dir='ltr'><strong>At</strong></span> <span class='ocrx_word' id='word_1_216' title='bbox 485 3440 653 3522; x_wconf 73' lang='grc' dir='ltr'><strong><em>ἅλοο,</em></strong></span> <span class='ocrx_word' id='word_1_217' title='bbox 703 3464 828 3508; x_wconf 89' lang='lat' dir='ltr'><strong>non</strong></span> <span class='ocrx_word' id='word_1_218' title='bbox 867 3442 1107 3508; x_wconf 71' lang='grc' dir='ltr'><strong><em>οὐδάλοι</em></strong></span> <span class='ocrx_word' id='word_1_219' title='bbox 1152 3443 1324 3529; x_wconf 88' lang='lat' dir='ltr'><strong>apud</strong></span> <span class='ocrx_word' id='word_1_220' title='bbox 1363 3443 1676 3509; x_wconf 89' lang='lat' dir='ltr'><strong>Photium</strong></span> <span class='ocrx_word' id='word_1_221' title='bbox 1716 3441 2019 3509; x_wconf 81' lang='lat' dir='ltr'><strong>affertur?</strong></span> <span class='ocrx_word' id='word_1_222' title='bbox 2064 3445 2314 3532; x_wconf 89' lang='lat' dir='ltr'><strong>Nempe</strong></span> <span class='ocrx_word' id='word_1_223' title='bbox 2355 3445 2475 3509; x_wconf 75' lang='grc' dir='ltr'><strong><em>οὐδ’</em></strong></span> <span class='ocrx_word' id='word_1_224' title='bbox 2514 3444 2646 3510; x_wconf 73' lang='grc' dir='ltr'><strong>ἅλα</strong></span> 
     </span>
     <span class='ocr_line' id='line_1_28' title="bbox 260 3548 2649 3635; baseline 0.002 -21"><span class='ocrx_word' id='word_1_225' title='bbox 260 3570 598 3635; x_wconf 89' lang='lat' dir='ltr'><strong>perperam</strong></span> <span class='ocrx_word' id='word_1_226' title='bbox 625 3558 634 3567; x_wconf 79' lang='grc'><em>’</em></span> <span class='ocrx_word' id='word_1_227' title='bbox 659 3552 728 3614; x_wconf 89' lang='lat' dir='ltr'><strong>in</strong></span> <span class='ocrx_word' id='word_1_228' title='bbox 791 3549 1117 3615; x_wconf 87' lang='lat' dir='ltr'><strong>codicibus</strong></span> <span class='ocrx_word' id='word_1_229' title='bbox 1176 3551 1487 3615; x_wconf 88' lang='lat' dir='ltr'><strong>tribuitur</strong></span> <span class='ocrx_word' id='word_1_230' title='bbox 1548 3548 1960 3629; x_wconf 82' lang='lat' dir='ltr'><strong>Callistrat0‚</strong></span> <span class='ocrx_word' id='word_1_231' title='bbox 2024 3550 2195 3617; x_wconf 89' lang='lat' dir='ltr'><strong>unde</strong></span> <span class='ocrx_word' id='word_1_232' title='bbox 2240 3556 2468 3617; x_wconf 87' lang='lat' dir='ltr'><strong>natum</strong></span> <span class='ocrx_word' id='word_1_233' title='bbox 2513 3573 2649 3619; x_wconf 87' lang='lat' dir='ltr'><strong>esse</strong></span> 
     </span>
     <span class='ocr_line' id='line_1_29' title="bbox 264 3654 2649 3745; baseline 0.002 -24"><span class='ocrx_word' id='word_1_234' title='bbox 264 3658 662 3742; x_wconf 88' lang='lat' dir='ltr'><strong>„pessimum</strong></span> <span class='ocrx_word' id='word_1_235' title='bbox 723 3654 1001 3722; x_wconf 88' lang='lat' dir='ltr'><strong>Zonarae</strong></span> <span class='ocrx_word' id='word_1_236' title='bbox 1053 3658 1121 3721; x_wconf 91' lang='lat' dir='ltr'><strong>in</strong></span> <span class='ocrx_word' id='word_1_237' title='bbox 1167 3655 1374 3722; x_wconf 87' lang='lat' dir='ltr'><strong>lexico</strong></span> <span class='ocrx_word' id='word_1_238' title='bbox 1423 3678 1742 3737; x_wconf 86' lang='lat' dir='ltr'><strong>errorem,</strong></span> <span class='ocrx_word' id='word_1_239' title='bbox 1789 3654 1927 3721; x_wconf 77' lang='grc' dir='ltr'><strong>ἄλαι</strong></span> <span class='ocrx_word' id='word_1_240' title='bbox 1974 3678 2165 3723; x_wconf 87' lang='lat' dir='ltr'><strong>sensu</strong></span> <span class='ocrx_word' id='word_1_241' title='bbox 2212 3658 2463 3736; x_wconf 72' lang='grc' dir='ltr'><strong><em>κοπρίων</em></strong></span> <span class='ocrx_word' id='word_1_242' title='bbox 2512 3680 2649 3745; x_wconf 86' lang='lat' dir='ltr'><strong>pro-</strong></span> 
     </span>
     <span class='ocr_line' id='line_1_30' title="bbox 256 3757 1753 3849; baseline -0.001 -21"><span class='ocrx_word' id='word_1_243' title='bbox 256 3762 566 3828; x_wconf 88' lang='lat' dir='ltr'><strong>ferentis&#39;&#39;</strong></span> <span class='ocrx_word' id='word_1_244' title='bbox 613 3762 864 3849; x_wconf 90' lang='lat' dir='ltr'><strong>pridem</strong></span> <span class='ocrx_word' id='word_1_245' title='bbox 912 3762 1130 3828; x_wconf 88' lang='lat' dir='ltr'><strong>docuit</strong></span> <span class='ocrx_word' id='word_1_246' title='bbox 1179 3762 1536 3827; x_wconf 88' lang='lat' dir='ltr'><strong>Buttmann</strong></span> <span class='ocrx_word' id='word_1_247' title='bbox 1565 3762 1637 3842; x_wconf 88' lang='lat'><strong>¹).</strong></span> <span class='ocrx_word' id='word_1_248' title='bbox 1728 3757 1753 3783; x_wconf 77' lang='lat'><strong>⁹</strong></span> 
     </span>
    </p>
   </div>
   <div class='ocr_carea' id='block_1_5' title="bbox 258 4008 2646 4205">
    <p class='ocr_par' dir='ltr' id='par_1_9' title="bbox 258 4008 2646 4205">
     <span class='ocr_line' id='line_1_31' title="bbox 354 4008 2645 4100; baseline 0.002 -23"><span class='ocrx_word' id='word_1_249' title='bbox 354 4010 462 4089; x_wconf 80' lang='lat'><strong>70,</strong></span> <span class='ocrx_word' id='word_1_250' title='bbox 513 4011 574 4077; x_wconf 85' lang='lat'><strong>5.</strong></span> <span class='ocrx_word' id='word_1_251' title='bbox 625 4048 710 4059; x_wconf 92' lang='lat'><strong>—-</strong></span> <span class='ocrx_word' id='word_1_252' title='bbox 758 4012 830 4077; x_wconf 90' lang='lat' dir='ltr'><strong>In</strong></span> <span class='ocrx_word' id='word_1_253' title='bbox 894 4011 1130 4078; x_wconf 89' lang='lat' dir='ltr'><strong>Anecd.</strong></span> <span class='ocrx_word' id='word_1_254' title='bbox 1198 4010 1402 4077; x_wconf 80' lang='lat' dir='ltr'><strong>Bekk.</strong></span> <span class='ocrx_word' id='word_1_255' title='bbox 1453 4008 1606 4091; x_wconf 84' lang='lat'><strong>374,</strong></span> <span class='ocrx_word' id='word_1_256' title='bbox 1637 4011 1674 4080; x_wconf 84' lang='lat'><strong>7</strong></span> <span class='ocrx_word' id='word_1_257' title='bbox 1731 4011 1871 4079; x_wconf 89' lang='lat' dir='ltr'><strong>loco</strong></span> <span class='ocrx_word' id='word_1_258' title='bbox 1917 4011 2221 4099; x_wconf 91' lang='lat' dir='ltr'><strong>parallelo</strong></span> <span class='ocrx_word' id='word_1_259' title='bbox 2268 4035 2382 4100; x_wconf 90' lang='lat' dir='ltr'><strong>pro</strong></span> <span class='ocrx_word' id='word_1_260' title='bbox 2428 4014 2645 4089; x_wconf 76' lang='grc' dir='ltr'><strong><em>λίθινος</em></strong></span> 
     </span>
     <span class='ocr_line' id='line_1_32' title="bbox 258 4116 2646 4205; baseline 0.003 -23"><span class='ocrx_word' id='word_1_261' title='bbox 258 4119 293 4195; x_wconf 78' lang='grc' dir='ltr'>ἢ</span> <span class='ocrx_word' id='word_1_262' title='bbox 359 4120 710 4198; x_wconf 74' lang='grc' dir='ltr'><strong><em>ψήφινος</em></strong></span> <span class='ocrx_word' id='word_1_263' title='bbox 776 4119 1076 4198; x_wconf 74' lang='grc' dir='ltr'><strong><em>μυροθῆκη</em></strong></span> <span class='ocrx_word' id='word_1_264' title='bbox 1127 4116 1475 4205; x_wconf 85' lang='lat' dir='ltr'><strong>legendum</strong></span> <span class='ocrx_word' id='word_1_265' title='bbox 1524 4139 1660 4184; x_wconf 91' lang='lat' dir='ltr'><strong>esse</strong></span> <span class='ocrx_word' id='word_1_266' title='bbox 1706 4119 2055 4199; x_wconf 72' lang='grc' dir='ltr'><strong><em>φήγινος</em></strong></span> <span class='ocrx_word' id='word_1_267' title='bbox 2106 4126 2370 4186; x_wconf 84' lang='lat' dir='ltr'><strong>annotat</strong></span> <span class='ocrx_word' id='word_1_268' title='bbox 2414 4121 2646 4188; x_wconf 90' lang='lat' dir='ltr'><strong>Naber.</strong></span> 
     </span>
    </p>
   </div>
   <div class='ocr_carea' id='block_1_6' title="bbox 263 4302 655 4312">
    <p class='ocr_par' dir='ltr' id='par_1_10' title="bbox 263 4302 655 4312">
     <span class='ocr_line' id='line_1_33' title="bbox 263 4302 655 4312; baseline 0 773"><span class='ocrx_word' id='word_1_269' title='bbox 263 4302 655 4312; x_wconf 95' lang='lat' dir='ltr'><strong> </strong></span> 
     </span>
    </p>
   </div>
   <div class='ocr_carea' id='block_1_7' title="bbox 257 4406 2645 4559">
    <p class='ocr_par' dir='ltr' id='par_1_11' title="bbox 257 4406 2645 4559">
     <span class='ocr_line' id='line_1_34' title="bbox 324 4406 2645 4479; baseline 0.003 -23"><span class='ocrx_word' id='word_1_270' title='bbox 324 4408 378 4473; x_wconf 89' lang='lat'><strong>1)</strong></span> <span class='ocrx_word' id='word_1_271' title='bbox 415 4408 507 4468; x_wconf 66' lang='lat' dir='ltr'><strong>Cf„</strong></span> <span class='ocrx_word' id='word_1_272' title='bbox 539 4424 680 4472; x_wconf 82' lang='lat' dir='ltr'><strong>quem</strong></span> <span class='ocrx_word' id='word_1_273' title='bbox 714 4408 894 4458; x_wconf 83' lang='lat' dir='ltr'><strong>indicat</strong></span> <span class='ocrx_word' id='word_1_274' title='bbox 927 4407 1047 4457; x_wconf 81' lang='lat' dir='ltr'><strong>mihi</strong></span> <span class='ocrx_word' id='word_1_275' title='bbox 1086 4406 1262 4471; x_wconf 70' lang='lat' dir='ltr'><strong>Nabar,</strong></span> <span class='ocrx_word' id='word_1_276' title='bbox 1299 4410 1356 4459; x_wconf 87' lang='lat' dir='ltr'><strong>R.</strong></span> <span class='ocrx_word' id='word_1_277' title='bbox 1388 4406 1605 4459; x_wconf 83' lang='lat' dir='ltr'><strong>Schmidt</strong></span> <span class='ocrx_word' id='word_1_278' title='bbox 1634 4409 1694 4458; x_wconf 80' lang='lat' dir='ltr'><strong>de</strong></span> <span class='ocrx_word' id='word_1_279' title='bbox 1721 4408 1999 4460; x_wconf 72' lang='lat' dir='ltr'><strong>Callistrato</strong></span> <span class='ocrx_word' id='word_1_280' title='bbox 2030 4412 2139 4478; x_wconf 80' lang='lat' dir='ltr'><strong>post</strong></span> <span class='ocrx_word' id='word_1_281' title='bbox 2172 4410 2645 4479; x_wconf 81' lang='lat' dir='ltr'><strong>NauckiiAristopb.</strong></span> 
     </span>
     <span class='ocr_line' id='line_1_35' title="bbox 257 4490 700 4559; baseline -0.002 -18"><span class='ocrx_word' id='word_1_282' title='bbox 257 4490 375 4557; x_wconf 77' lang='lat' dir='ltr'><strong>Byz.</strong></span> <span class='ocrx_word' id='word_1_283' title='bbox 404 4508 451 4559; x_wconf 84' lang='lat' dir='ltr'><strong>p.</strong></span> <span class='ocrx_word' id='word_1_284' title='bbox 488 4492 603 4552; x_wconf 78' lang='lat'><strong>321,</strong></span> <span class='ocrx_word' id='word_1_285' title='bbox 623 4492 700 4543; x_wconf 78' lang='lat'><strong>38.</strong></span> 
     </span>
    </p>
   </div>
  </div>
 </body>
</html>
