3246 5085
662 322 794 386 432
1704 334 2015 384 nonnus.

753 505 978 570 Denuo
1023 506 1090 567 in
1137 503 1232 582 (1)
1273 501 1546 567 aliorum
1587 504 1802 587 opinio
1843 502 2303 587 praemittitur,
2344 522 2536 585 quam
2578 500 2735 566 Don.
2777 502 3048 586 corrigit

658 614 727 676 in
790 612 886 690 (2)
903 632 920 690 ;
987 610 1253 674 fortasse
1319 615 1532 674 tamen
1593 616 1743 695 post
1805 610 1922 688 (1),
1988 608 2154 694 quod
2202 607 2515 673 scholium
2565 611 2629 672 in
2680 614 3045 673 commento

661 717 1034 785 cohaerebat
1073 737 1220 780 cum
1262 715 1378 797 (2),
1418 716 1747 781 intercidit
1787 716 1929 793 „Ita
1968 714 2303 800 quidam”;
2348 714 2563 779 confer
2602 714 2686 779 IV
2718 713 2775 779 7.
2804 714 2889 781 34
2914 715 3049 793 (2):

664 826 823 903 „hoc
870 844 907 888 a
952 822 1334 909 quibusdam
1385 823 1641 899 dicitur,
1692 822 1799 887 sed
1848 844 1971 908 ego
2011 823 2236 907 puto''.
2284 820 2579 889 Wessn.
2623 825 2837 887 minus
2879 828 3051 887 recte

661 932 934 997 cursivis
994 929 1231 993 litteris
1283 930 1596 1014 expressit
1644 930 1741 1009 (2)
1789 928 1866 992 ab
1915 930 2102 993 initio
2151 948 2353 1013 usque
2402 927 2479 993 ad
2532 948 2767 1014 „quam
2814 927 3053 993 mihi'’.

662 1037 952 1102 Donatus
1000 1055 1127 1100 uno
1168 1040 1386 1100 tenore
1424 1035 1723 1099 exhibuit
1761 1033 1856 1114 (1)
1881 1034 2081 1113 -1-(2)
2123 1054 2323 1119 usque
2364 1033 2441 1099 ad
2486 1035 2697 1111 „Nam
2736 1038 2789 1099 si
2830 1034 3051 1099 distin-

661 1142 897 1209 xeris’'.
960 1142 1133 1221 Quae
1196 1143 1366 1205 enim
1430 1142 1506 1205 ab
1571 1141 1673 1205 his
1733 1141 1881 1204 inde
1931 1140 2145 1206 verbis
2189 1140 2523 1226 leguntur,
2573 1143 2789 1205 omnia
2831 1142 3052 1205 inania

659 1254 846 1313 sunt:
895 1246 1250 1323 „arbitror”
1289 1248 1389 1311 bis
1425 1246 1937 1311 subaudiendum
1978 1267 2147 1319 esse,
2188 1254 2332 1332 poet
2374 1249 2628 1333 „magis
2652 1246 3049 1333 principem”

658 1353 1155 1440 intelligendum
1225 1375 1359 1419 esse
1435 1374 1667 1438 „quam
1734 1352 1964 1430 mihi’',
2037 1353 2205 1439 quod
2280 1352 2383 1418 vel
2456 1355 2578 1417 tiro
2641 1352 2876 1418 viderit
2892 1373 2910 1431 ;
2985 1373 3053 1416 ac

662 1462 1036 1548 praesertim
1099 1480 1260 1544 quae
1324 1466 1683 1543 sequuntur
1745 1460 1822 1524 de
1886 1460 2003 1523 h'ac
2052 1458 2410 1538 locutione,
2460 1462 2503 1523 i.
2532 1480 2585 1524 e.
2637 1459 2713 1525 de
2762 1481 2834 1524 eo
2881 1458 3051 1544 quod

665 1568 867 1646 „hanc
912 1565 1094 1631 rem''
1145 1565 1523 1630 describitur
1561 1588 1678 1651 per
1714 1564 1967 1651 plenam
2012 1569 2395 1631 sententiam
2435 1586 2655 1630 versus
2694 1566 3018 1650 sequentis
3032 1584 3049 1641 ;

664 1674 818 1739 haec
865 1693 1066 1758 neque
1119 1670 1519 1749 „elaborata”
1569 1677 1721 1736 sunt
1768 1671 2108 1749 consulto,
2143 1694 2257 1737 nec
2308 1693 2534 1738 verum
2580 1676 2679 1736 est
2722 1668 3053 1755 Ctesipho-

662 1802 812 1845 nem
883 1784 1139 1863 propter
1200 1779 1477 1841 nimium
1539 1777 1855 1864 gaudium
1918 1784 1981 1843 et
2038 1780 2467 1844 rusticitatem
2532 1778 2926 1842 titubantem
2988 1782 3051 1840 et

662 1885 1127 1951 balbutientem
1174 1885 1266 1949 ita
1311 1882 1606 1949 locutum
1654 1905 1787 1949 esse
1820 1884 1887 1965 ¹).
1935 1883 2150 1970 Igitur
2192 1885 2340 1950 inde
2388 1885 2466 1949 ab
2508 1884 2719 1962 „Nam
2756 1883 2851 1947 si”
2901 1880 3053 1946 Edi-

665 1999 768 2059 tor
812 1991 1005 2057 verba
1050 1990 1222 2055 facit.

757 2098 988 2183 Opinio
1033 2094 1282 2181 prolata
1323 2098 1391 2159 in
1439 2096 1534 2176 (1)
1582 2099 1693 2161 vix
1739 2097 1947 2162 Probo
1995 2099 2199 2183 Aspro
2245 2098 2556 2183 imputari
2600 2099 2856 2181 poterit.

755 2203 818 2269 II
878 2203 940 2267 4.
969 2200 1054 2266 23
1132 2201 1231 2266 Ita
1301 2223 1552 2287 quaeso.
1637 2202 1899 2282 Quando
1970 2204 2127 2269 bene
2196 2205 2533 2281 successit,
2605 2200 2810 2267 hilare
2879 2201 3049 2265 hunc

669 2329 1006 2375 sumamus
1053 2307 1224 2373 diem

757 2413 854 2494 (1)
911 2412 1150 2477 Volunt
1213 2412 1474 2497 quidam
1522 2418 1588 2478 et
1636 2414 1803 2479 hunc
1853 2435 2108 2479 versum
2162 2414 2312 2500 Syri
2356 2434 2658 2499 personae
2706 2413 3053 2498 adiungen-

667 2520 860 2598 dum,
925 2518 1033 2584 sed
1089 2516 1494 2605 Ctesiphonis
1543 2540 1617 2585 ea
1662 2521 1855 2588 verba
1904 2542 2038 2587 esse
2088 2520 2361 2586 subditis
2410 2519 2673 2607 planum
2720 2526 2853 2598 est,
2902 2540 3049 2585 cum

667 2627 824 2692 dicit
883 2624 995 2705 (IV
1048 2625 1106 2690 1.
1137 2623 1222 2704 5)·
1269 2647 1460 2702 „nam
1515 2625 1685 2691 hunc
1734 2627 1905 2692 diem
1952 2630 2185 2694 misere
2234 2629 2429 2692 nimis
2477 2630 2700 2712 cupio,
2749 2633 2825 2691 ut
2872 2627 3047 2711 coepi

666 2739 1048 2820 perpetuum
1096 2735 1162 2796 iu
1205 2731 1454 2797 laetitia
1504 2733 1796 2818 degere”.
2194 2746 2201 2756 ‘

758 2838 952 2904 Recte
991 2838 1312 2914 Donatus,
1357 2845 1648 2903 errarunt
1689 2839 2037 2925 „quidam”
2087 2838 2209 2917 illi,
2258 2839 2503 2904 Probus
2540 2860 2613 2904 an
2659 2837 2901 2924 Asper?
2952 2837 3050 2905 cf.

669 2968 798 3032 seq.
848 2944 1188 3010 scholium.

759 3051 851 3118 III
899 3051 960 3116 2.
989 3051 1073 3114 25
1143 3051 1390 3116 Probus
1439 3072 1740 3136 personae
1787 3054 2073 3138 assigna-t
2124 3052 2239 3118 hoc
2288 3051 2644 3135 Sostratae,
2688 3054 2891 3136 Asper
2931 3074 3052 3117 non

669 3157 815 3223 vult
853 3157 932 3222 ad
967 3159 1183 3222 omnia
1222 3177 1479 3221 servum
1524 3157 1935 3242 respondere,
1980 3157 2087 3222 sed
2126 3159 2447 3222 nutricem
2485 3163 2675 3242 putat
2711 3158 2828 3223 hoc
2852 3156 3049 3243 loqui.

757 3263 832 3328 In
897 3285 961 3328 re
1025 3262 1220 3327 dubia
1282 3262 1570 3328 Donatus
1628 3262 1979 3349 locupletes
2026 3268 2316 3330 auctores
2364 3265 2652 3329 nominat
2697 3263 2881 3329 litem
2932 3285 3049 3330 non

667 3371 993 3435 dirimens·
1913 3453 1920 3461 .

760 3475 846 3540 IV
900 3474 1072 3540 1.14
1143 3473 1316 3554 Quae
1364 3481 1604 3560 (opera)
1652 3497 1775 3542 non
1824 3476 1969 3541 data
2016 3481 2113 3541 est
2159 3498 2280 3541 non
2329 3481 2539 3562 potest
2582 3475 2720 3541 fieri

759 3583 854 3665 (2)
901 3582 1026 3647 Hic
1072 3581 1148 3646 de
1195 3581 1378 3645 factis
1425 3585 1712 3666 quaestio
1752 3587 1882 3659 est,
1925 3585 1995 3646 in
2034 3603 2159 3668 qua
2199 3583 2461 3667 quidam
2502 3583 2828 3667 disputant
2870 3603 3051 3667 quae·

670 3690 816 3756 dam
878 3695 1034 3754 tunc
1096 3687 1422 3773 possibilia
1469 3687 1789 3775 intelligi,
1840 3709 1987 3754 cum
2038 3689 2204 3753 faeta
2249 3691 2410 3766 sint;
2463 3710 2609 3753 cum
2660 3696 2878 3753 autem
2928 3711 3049 3752 non

669 3797 857 3876 fiant,
899 3818 1022 3861 non
1065 3793 1252 3860 modo
1291 3816 1416 3859 non
1457 3793 1629 3871 fieri,
1670 3795 1778 3860 sed
1816 3816 1894 3859 ne
1933 3794 2264 3880 possibilia
2303 3794 2563 3880 quidem
2599 3815 2733 3860 esse
2758 3794 3049 3859 dicenda:

669 3905 782 3989 qui
827 3901 1008 3968 loeus
1056 3901 1190 3979 περὶ
1241 3898 1508 3964 δυνατῶν
1556 3899 1812 3965 dicitur.

762 4007 1044 4073 Haecine
1093 4027 1126 4070 e
1175 4004 1679 4091 quaestiunculis
1726 4004 1856 4070 illis
1906 4006 2099 4071 Probi
2145 4006 2222 4071 ab
2273 4007 2477 4091 Aspro
2524 4003 2766 4071 relata?

742 4225 795 4287 1)
841 4217 1221 4270 Bentleius
1264 4218 1550 4284 exprobrant
1597 4216 1845 4268 ‚tenebrae
1880 4221 1927 4266 et
1961 4215 2155 4267 turbae”
2189 4233 2306 4282 quas
2343 4220 2584 4277 Donatus,
2619 4233 2759 4282 quem
2793 4217 2912 4266 aliae
2948 4232 3051 4266 cum

670 4307 810 4356 laude
853 4303 1101 4354 nominare
1144 4301 1282 4360 solet,
1329 4301 1406 4349 hic
1452 4301 1691 4360 citaverit,
1740 4316 1835 4350 non
1880 4300 2053 4365 ipsum,
2101 4301 2181 4348 sed
2205 4301 2611 4368 ‚interpolatorem
2646 4302 2861 4349 accusat:
2901 4301 3051 4348 ‚Cave

669 4391 827 4438 tamen
864 4401 973 4450 cnm
1009 4386 1193 4432 Donato
1224 4383 1389 4432 credas
1422 4385 1534 4433 data
1567 4399 1713 4449 opera
1746 4383 1813 4432 sic
1848 4382 2061 4432 locutum
2096 4383 2393 4442 Terentium,
2435 4386 2487 4432 nt
2523 4382 2753 4433 rusticum
2788 4381 3053 4432 adolescen-

670 4476 766 4521 tem
800 4469 1044 4518 induceret
1083 4464 1433 4516 ..titubantem
1467 4469 1516 4516 et
1550 4481 1669 4532 pene
1690 4462 2139 4522 ‚balbutientem.’'”
