3246 5085
1252 351 1568 403 neurus.
2471 337 2604 404 321

315 519 468 587 Ibid.
517 517 605 586 68
672 517 827 587 Sola
870 541 1016 586 sum
1027 541 1046 600 ;
1086 520 1290 588 habeo
1327 521 1433 587 hic
1474 521 1804 587 neminem
1839 507 2044 607 neque
2080 523 2366 589 amicum
2403 544 2609 610 neque

234 633 567 714 cognatum

310 733 466 800 Don.
536 734 633 816 (1)
700 733 872 800 Bene
942 735 1061 801 hoc
1122 735 1292 822 apud
1356 739 1716 801 amatorem
1781 735 1994 817 (Thais
2056 736 2417 823 colloquitur
2484 760 2611 802 eum

231 841 583 922 Phaedria),
649 861 801 907 nam
863 839 1043 907 aliud
1109 849 1207 908 est
1269 846 1615 920 amator,
1681 837 1860 906 aliud
1919 844 2270 908 amicus:
2339 849 2610 922 amator,

230 949 337 1032 qui
370 947 449 1012 ad
486 953 779 1035 tempus,
822 949 1071 1013 amicus
1108 950 1221 1034 qui
1257 951 1570 1034 perpetuo
1612 953 1790 1013 amat
1821 945 1888 1028 ¹).
2003 946 2273 1013 Addidit
2309 946 2425 1014 Ed.
2455 952 2612 1016 satis

233 1053 455 1120 stulte:
502 1054 603 1136 (2)
650 1055 751 1119 An
800 1057 951 1142 quia
996 1057 1063 1120 in
1111 1057 1313 1142 patris
1359 1059 1678 1142 potestate
1726 1059 1824 1120 est
1869 1051 2226 1120 Phaedria?
2376 1053 2440 1122 S.
2469 1077 2521 1121 c.

322 1159 455 1227 Hoc
499 1163 712 1248 igitur
754 1161 989 1227 referre
1036 1159 1229 1228 debui
1274 1161 1396 1226 sub
1442 1163 1634 1227 certis
1673 1159 1952 1227 Editoria
1991 1159 2612 1247 interpolationibus.

316 1363 377 1429 H
424 1364 483 1429 1.
510 1363 597 1430 25
670 1364 845 1432 Haec
890 1371 1152 1453 superat
1195 1366 1405 1452 ipsam
1454 1365 1769 1432 Thaidem

318 1471 472 1538 Don.
522 1470 619 1554 (4)
666 1471 807 1539 Hoc
856 1475 945 1539 sic
991 1475 1297 1559 accipias,
1346 1494 1471 1539 non
1514 1480 1849 1560 tamquam
1885 1475 2241 1559 vituperari
2278 1472 2612 1552 Thaidem,

240 1577 339 1643 sed
382 1580 829 1659 ὑπερβολικῶςε
894 1578 1037 1646 ideo
1084 1578 1329 1646 addidit
1381 1579 1708 1667 ‚,ipsum”,
1755 1582 1937 1666 quasi
1981 1601 2142 1666 quae
2188 1582 2427 1647 nimiae
2473 1581 2617 1667 pul-

242 1685 607 1751 chritudinis
671 1692 787 1752 est.
929 1685 1115 1752 Alius
1164 1706 1337 1773 mag.
1386 1691 1495 1768 (an
1542 1685 1658 1752 Ed.
1680 1685 1768 1768 ’ὡς
1817 1687 1912 1770 (5)
1957 1687 2043 1753 Et
2087 1687 2245 1754 bene
2297 1688 2615 1774 „ipsam'’,

242 1797 483 1878 propter
528 1813 727 1879 quam
774 1791 981 1859 datur.
1030 1790 1125 1858 De
1170 1791 1369 1859 schol.
1423 1791 1522 1875 (2)
1566 1792 1717 1859 vide
1763 1814 1958 1879 supra
2003 1815 2064 1881 p.
2117 1794 2224 1860 42.
2363 1793 2429 1861 S.
2465 1817 2520 1861 c.

318 2011 378 2078 ΙΙ
422 2011 483 2079 3.
510 2011 599 2080 27
675 2010 925 2100 Corpus
969 2011 1251 2080 solidum
1299 2018 1364 2080 et
1413 2016 1550 2080 suci
1598 2012 1868 2101 plenum

326 2119 415 2200 (2)
476 2116 771 2206 „Corpus
832 2118 1154 2185 solidum”
1222 2123 1375 2206 quia
1434 2123 1740 2187 iunceum
1801 2142 1926 2188 non
1989 2124 2106 2187 est.
2261 2121 2357 2203 (3)
2423 2121 2619 2202 „Suci

246 2224 535 2311 plenum”
582 2229 737 2313 quia
782 2247 972 2293 nemo
1018 2226 1289 2294 deduxit
1335 2229 1590 2308 cibum;
1640 2250 1786 2294 nam
1837 2249 2086 2295 sucus
2135 2234 2234 2294 est
2278 2229 2514 2296 humor
2547 2233 2617 2296 in

245 2352 514 2419 corpore,
579 2353 707 2419 quo
768 2333 1094 2400 abundant
1153 2334 1311 2401 bene
1374 2333 1696 2401 valentes:
1759 2343 1866 2414 „et
1912 2355 2104 2401 sucus
2149 2339 2362 2421 pecori
2407 2342 2474 2402 et
2517 2335 2618 2403 lac

242 2439 603 2506 subducitur
640 2441 867 2528 agnis”
909 2439 1131 2527 (Verg.
1172 2439 1247 2506 E.
1289 2438 1431 2523 ΙΙΙ).
1570 2441 1668 2523 (4)
1705 2440 1972 2509 Sucus
2013 2448 2110 2509 est
2151 2445 2403 2529 proprie
2436 2447 2620 2531 quasi

242 2565 523 2635 augus,
589 2568 785 2633 quem
848 2548 971 2613 sibi
1034 2570 1113 2615 ex
1174 2546 1499 2614 alimentis
1562 2549 1852 2615 membra
1913 2555 2194 2636 sugunt,
2256 2558 2334 2616 ut
2395 2573 2462 2619 se
2528 2574 2622 2619 re-

240 2650 456 2737 pleant.
598 2655 695 2735 (5)
760 2651 1048 2741 „Corpus
1110 2653 1434 2720 solidum’'
1500 2655 1769 2743 plenum
1833 2662 1898 2722 et
1959 2655 2159 2734 forte,
2221 2656 2288 2721 id
2350 2664 2447 2723 est
2493 2680 2616 2724 non

241 2758 581 2827 flaccidum.
721 2760 821 2843 (6)
885 2760 1079 2840 „Suci
1142 2760 1452 2849 plenum’'
1517 2783 1770 2829 sucus
1828 2768 1926 2829 est
1970 2764 2240 2829 interior
2289 2764 2615 2850 pinguedo

246 2868 695 2933 membrorum.
1076 2879 1086 2899 ¹

318 2972 572 3040 Scholia
620 2972 715 3057 (2)
739 2973 837 3056 (3)
861 2974 959 3057 (4)
1005 2976 1252 3041 sincera
1298 2982 1450 3042 sunt
1490 2982 1555 3042 et
1592 2977 1944 3062 respiciunt
1981 2974 2048 3040 id
2086 2974 2256 3061 quod
2296 2975 2617 3062 praecedit

244 3100 329 3145 vs.
375 3079 462 3144 24
486 3100 578 3165 sq.
654 3079 765 3158 „Si
830 3102 992 3167 quae
1056 3086 1153 3147 est
1212 3083 1491 3148 habitior
1559 3082 1782 3169 paulo,
1843 3081 2138 3170 pugilem
2199 3103 2337 3149 esse
2397 3086 2614 3164 aiunt,
2751 3102 2756 3109 ·

246 3184 555 3252 deducunt
622 3188 873 3253 cibum:
947 3191 1211 3254 tametsi
1275 3190 1436 3255 bona
1495 3195 1594 3255 est
1655 3196 1918 3266 natura,
1983 3189 2258 3255 reddunt
2317 3197 2619 3258 curatura

244 3293 589 3360 iunceam”.
651 3292 727 3359 In
774 3301 1139 3361 commento
1192 3294 1431 3362 Donati
1475 3299 1698 3361 iuncta
1743 3296 2008 3361 fuerunt
2052 3296 2150 3380 (3)
2198 3302 2264 3363 et
2306 3298 2423 3378 (4).
2491 3298 2618 3364 His

246 3400 435 3467 denuo
481 3400 707 3467 Editor
753 3404 1053 3489 apposuit
1100 3423 1215 3468 sua
1264 3411 1628 3469 commenta
1674 3401 1775 3485 (5)
1822 3410 1886 3469 et
1931 3404 2047 3485 (6).

322 3506 550 3574 Sabb.
599 3528 936 3593 perperam
981 3511 1235 3577 notavit
1282 3510 1402 3591 (4),
1452 3514 1619 3576 recte
1668 3508 1766 3591 (5)
1811 3515 1876 3575 et
1922 3509 2038 3591 (6).

319 3725 405 3793 IV
452 3727 514 3793 3.
546 3727 581 3792 1
654 3726 784 3794 Ubi
846 3748 967 3815 ego
1011 3727 1205 3794 illum
1252 3728 1639 3795 scelerosum
1685 3732 1918 3795 misera
1964 3734 2156 3814 atque
2199 3730 2479 3815 impium
2525 3732 2619 3795 in·

246 3832 531 4022 Vfflggmss?
540 3960 575 4005 c
591 3961 626 4005 e
642 3939 665 4006 1
684 3962 717 4007 e
734 3962 813 4006 ro
834 3962 865 4006 s
884 3963 925 4006 u
941 3962 972 4007 s
1036 3947 1135 4008 est
1194 3941 1551 4008 multorum
1604 3941 1968 4030 <scelerum
2007 3942 2133 4032 ²)>‚
2195 3962 2224 4007 s
2243 3962 2275 4007 c
2294 3940 2418 4008 ele
2437 3963 2466 4007 s
2483 3948 2570 4009 tu
2587 3964 2618 4008 s

245 4045 337 4113 vel
380 4050 592 4113 unius.
732 4046 831 4130 (4)
878 4047 925 4115 S
940 4070 975 4115 c
992 4048 1118 4116 ele
1136 4070 1168 4115 r
1184 4070 1221 4115 o
1239 4071 1268 4115 ε
1284 4070 1329 4115 u
1346 4071 1375 4115 s
1424 4050 1681 4137 proprie
1727 4054 1947 4115 auctor
1989 4056 2088 4114 est
2132 4047 2386 4115 sceleris
2399 4100 2415 4130 ‚
2465 4072 2494 4116 s
2510 4072 2543 4117 c
2561 4072 2621 4117 e·

307 4342 359 4407 1)
391 4342 464 4392 Cf.
502 4344 627 4395 Don.
661 4342 721 4391 ad
756 4341 907 4391 Andr.
939 4341 964 4391 1
996 4341 1127 4391 1.st
1161 4342 1447 4391 ‚Amator
1477 4339 1593 4405 fingi
1620 4340 1793 4405 potest,
1825 4352 2032 4389 amane
2061 4354 2172 4389 vere
2201 4340 2363 4391 amat”
2389 4346 2438 4391 et
2465 4342 2620 4393 denno

246 4424 348 4474 ibid.
378 4423 449 4474 lv
484 4425 530 4475 8.
553 4425 671 4488 80)
708 4423 959 4475 Amicus
991 4423 1141 4474 animi
1174 4428 1263 4484 est,
1297 4430 1539 4474 amator
1571 4421 1838 4489 corporia”,
1871 4436 1913 4472 e.
1930 4437 1980 4486 q.
1993 4438 2032 4472 a.

309 4506 363 4574 2)
394 4506 471 4558 Sic
502 4506 837 4573 supplendum.

2273 4604 2336 4653 21
