3246 5085
1059 318 1146 365 nn
1193 318 1510 367 anamma
1555 320 1873 369 mairano.
2513 306 2647 373 381

254 479 670 555 arduno-roe,-
731 481 962 561 φρένας
1005 488 1228 568 (quem
1273 486 1672 569 experientia
1716 484 2020 551 docuerat
2066 487 2133 551 τὸ
2180 495 2447 571 Φρονεῖν)
2492 492 2547 555 is
2592 493 2653 556 ei

247 586 599 654 videbatur
657 590 770 675 qui
830 594 1086 655 mutato
1149 594 1365 655 vetere
1429 591 1770 677 proverbio
1835 595 2087 678 primus
2146 593 2363 661 docuit
2410 604 2534 669 τοῖς
2586 592 2653 661 εὖ

247 700 542 773 φρονοῦσι
589 697 699 769 τὴν
744 696 948 775 τύχην
995 696 1492 775 συλλαμβάνειν.
2484 698 2489 703 ’

335 907 772 997 Theologiam
829 910 1245 998 Euripideum
1303 911 1484 978 brevi
1530 934 1847 999 exponere
1894 914 2244 980 molestum
2296 920 2426 995 est;
2475 915 2655 983 lucu-

239 1012 464 1082 lenter
507 1022 728 1083 autem
775 1024 841 1083 et
887 1017 1122 1083 diserte
1170 1018 1246 1083 de
1293 1022 1434 1084 eius
1474 1018 1868 1107 cosmologia
1912 1026 1978 1087 et
2023 1020 2486 1109 meteorologia
2532 1023 2655 1089 dis-

235 1142 458 1188 serere
503 1126 702 1189 etiam
750 1122 1096 1191 difficilius.
1163 1123 1377 1189 Habet
1423 1127 1597 1191 enim
1638 1126 1757 1192 hoc
1798 1126 2176 1213 Euripides,
2218 1128 2385 1213 quod
2427 1129 2658 1195 multis

235 1229 715 1295 recentioribus
787 1232 1025 1315 poetis,
1091 1233 1471 1316 praesertim
1540 1232 1903 1299 eruditione
1975 1233 2251 1318 quadam
2313 1236 2652 1322 praeditis,

239 1340 466 1401 nostra
529 1356 781 1423 quoque
844 1342 1052 1403 aetate
1114 1340 1449 1424 proprium
1501 1344 1635 1403 est:
1698 1339 1923 1405 doctus
1967 1346 2140 1420 erat;
2188 1340 2503 1427 quidquid
2551 1344 2654 1407 sui

237 1446 566 1529 temporis
609 1442 980 1530 philosophi
1029 1447 1410 1531 scripserant
1455 1445 1677 1512 sedulo
1724 1445 2079 1527 lectitarat,
2130 1446 2241 1513 sed
2276 1450 2373 1514 ita
2409 1446 2654 1515 lectita-

241 1556 352 1614 rat
383 1554 464 1615 ut
485 1549 866 1638 plerumque
890 1550 1098 1617 solent
1123 1558 1362 1637 poetae.
1406 1551 1830 1638 Empedoclea
1859 1554 2265 1640 Aristagorae
2290 1553 2655 1621 Heraclitea

243 1654 678 1737 delibaverat;
720 1678 882 1742 quae
921 1678 1032 1723 seu
1059 1659 1404 1725 verborum
1435 1662 1761 1745 gravitate
1788 1680 1900 1725 seu
1924 1662 2290 1747 imaginum
2315 1666 2653 1749 venustate

243 1760 662 1846 placuerant,
726 1770 1050 1849 receperat
1097 1767 1348 1843 animo,
1398 1786 1512 1830 nec
1561 1772 1775 1831 tamen
1826 1764 2359 1853 physiologorum
2407 1774 2653 1833 senten-

243 1870 384 1933 tiae
426 1870 683 1954 penitus
717 1872 784 1933 in
824 1878 1041 1936 mente
1079 1874 1220 1938 eius
1254 1870 1689 1937 inhaerebant.
1739 1871 1917 1937 Idem
1965 1871 2113 1951 ille,
2154 1876 2266 1959 qui
2312 1874 2652 1940 hominum

247 1978 506 2041 animos
565 1979 956 2062 perscrutari
1019 1998 1349 2063 nunquam
1412 1978 1601 2044 desiit
1664 2016 1749 2027 —-
1811 2000 1925 2045 nec
1985 1979 2348 2065 desperavit
2394 1980 2527 2046 fore
2577 1985 2651 2046 ut

247 2082 600 2169 cogitando
662 2086 836 2150 notio
882 2084 959 2151 de
1007 2106 1264 2150 summo
1311 2087 1575 2151 numine
1623 2084 1813 2151 altior
1857 2088 2209 2172 certiorque
2256 2107 2449 2173 quam
2496 2088 2651 2154 Pro-

247 2194 522 2275 tagorea
559 2192 998 2275 acquireretur
1035 2227 1118 2240 —
1153 2190 1569 2278 physicorum
1609 2194 2311 2277 astronomicorumque
2342 2193 2649 2261 doctrinis

249 2316 382 2361 non
447 2297 573 2361 nisi
634 2295 865 2362 leviter
925 2297 1254 2375 imbutus,
1325 2296 1528 2363 doctis
1590 2296 1847 2383 quidem
1914 2300 2127 2363 verbis
2191 2298 2269 2365 de
2330 2302 2411 2365 iis
2458 2302 2649 2367 rebus

251 2402 514 2467 disserit
575 2401 685 2467 sed
745 2404 1092 2467 sententias
1142 2404 1410 2467 minime
1457 2403 1659 2469 claras
1703 2406 2024 2490 proponit.
2088 2406 2309 2492 Itaque
2356 2409 2649 2492 quotiens

253 2511 628 2595 quaerimus
691 2507 1022 2595 Euripidis
1086 2509 1162 2577 de
1209 2509 1428 2597 divina
1475 2513 1789 2597 sapientia
1836 2509 2177 2579 clementia
2222 2515 2473 2580 iustitia
2520 2513 2651 2601 pla-

253 2620 418 2695 cita,
486 2616 658 2682 haud
718 2637 978 2704 prorsus
1037 2619 1246 2683 inanis
1307 2620 1430 2682 erit
1493 2616 1677 2684 labor
1730 2618 2107 2705 quaerendi3
2160 2619 2270 2684 sed
2315 2623 2382 2684 in
2432 2642 2647 2686 rerum

249 2729 485 2788 natura
553 2722 925 2810 explicanda
993 2727 1044 2790 si
1117 2727 1255 2812 ipse
1317 2730 1505 2811 poeta
1565 2746 1691 2790 non
1754 2723 1929 2790 ultra
1988 2727 2261 2792 incertas
2309 2729 2637 2812 opiniones

251 2831 590 2915 processit,
637 2829 792 2914 quid
838 2851 954 2896 nos
1002 2832 1128 2896 nisi
1170 2833 1412 2897 incerta
1459 2830 1535 2896 de
1582 2852 1657 2897 eo
1705 2828 2142 2916 proferemus?

341 2934 470 3001 Sed
530 2935 687 3022 quid
749 2935 825 3002 de
882 2938 1185 3002 universa
1228 2935 1557 3022 Euripidis
1606 2934 1999 3022 cosmologia
2045 2937 2428 3003 censendum
2476 2939 2643 3005 mihi

248 3041 554 3106 videatur
591 3062 906 3128 exponere
945 3063 1071 3107 non
1110 3043 1305 3107 huius
1339 3048 1436 3107 est
1473 3041 1620 3108 loci.
1670 3041 1857 3107 Nunc
1897 3063 2120 3108 meum
2150 3048 2281 3122 est,
2325 3049 2641 3130 quantum

248 3168 550 3232 possum,
614 3150 1018 3235 argumentis
1080 3147 1546 3227 demonstrare,
1609 3169 1683 3214 ea
1743 3169 1905 3234 quae
1967 3150 2347 3236 fragmentis
2397 3149 2528 3216 593
2577 3159 2643 3217 et

253 3251 388 3316 594
427 3251 1002 3339 proferuntur'non
1042 3253 1378 3320 abhorrere
1415 3275 1452 3319 a
1491 3259 1719 3320 ceteris
1753 3255 2079 3342 Euripidis
2102 3254 2379 3342 placitis.
2421 3256 2493 3322 In
2519 3279 2645 3344 qua

250 3380 318 3425 re
367 3360 486 3425 hoc
525 3363 816 3446 primum
856 3359 1212 3425 cavendum
1253 3360 1512 3427 videtur
1551 3383 1631 3426 ne
1671 3362 2023 3448 quidquam
2060 3364 2422 3430 tribuamus
2462 3365 2645 3432 Euri-

249 3464 387 3550 pidi
435 3465 605 3550 quod
652 3488 776 3531 non
820 3472 1044 3551 poetae
1091 3465 1200 3532 sed
1246 3469 1384 3532 eius
1430 3469 1770 3552 interpreti
1816 3467 2141 3535 debeatur.
2192 3469 2429 3536 Scribit
2465 3474 2639 3537 enim

251 3569 549 3638 Clemens
611 3569 874 3652 (Strom.
925 3572 979 3637 V
1025 3593 1086 3658 p.
1143 3569 1270 3640 717
1338 3573 1418 3638 cf.
1468 3573 1700 3638 Euseb.
1750 3574 1822 3638 P.
1872 3575 1945 3640 E.
1998 3575 2176 3641 XIII.
2231 3576 2390 3658 681)
2454 3578 2514 3640 ἐν
2580 3579 2641 3644 δὲ

247 3682 330 3758 τῷ
383 3681 630 3762 Πειρίθῳ
677 3675 951 3761 δράματι
999 3679 1026 3743 ὃ
1076 3680 1261 3752 αὐτὸς
1311 3680 1414 3744 καὶ
1465 3680 1616 3745 τάδε
1664 3681 2001 3762 τραγῳδεῖ·

797 3787 863 3850 σὲ
899 3787 1018 3850 ’τὸν
1060 3788 1390 3870 αὐτοφυὶὶ,
1441 3788 1542 3852 τὸν
1593 3788 1653 3850 ἐν
1703 3789 1935 3868 αἰθερίῳ

791 3891 1007 3974 ῥόμβῳ
1058 3895 1304 3958 πάντων
1351 3895 1540 3973 φύσιν
1588 3893 1986 3972 ε’μπλέξαινθ“,

795 3994 858 4062 ὃν
905 3998 1036 4079 πέρι
1083 4001 1196 4074 μὲν
1242 4007 1414 4080 φῶς,
1465 4000 1597 4078 πέρι
1652 3998 1704 4063 δ’
1751 3999 2016 4079 ὄρφναίαι

793 4102 900 4179 νὺξ
947 4106 1322 4186 αἴολόχρως,
1371 4105 1614 4186 ἄκριτός
1667 4108 1725 4170 τ’
1774 4103 2011 4186 ἄστρων

790 4208 979 4292 ὄχλος
1030 4212 1360 4294 ἐνδελεχῶς
1413 4213 1867 4292 ἀμφιχορεύει·

246 4318 509 4382 ἐνταῦθα
575 4317 702 4396 γὰρ
750 4316 853 4380 τὸν
900 4319 1014 4394 μὲν
1063 4320 1346 4398 αὐτοφυῆ
1397 4320 1499 4382 τὸν
1548 4320 1908 4400 δημιουργὸν
1956 4325 2085 4386 νοῦν
2136 4321 2385 4402 εἴρηκεν,
2436 4323 2520 4388 τὰ
2552 4321 2633 4388 ,δὲ

250 4421 386 4499 ἑξῆς
450 4425 549 4488 ἐπὶ
619 4427 725 4487 τοῦ
787 4421 1014 4501 κόσμου
1062 4425 1406 4502 τάσσεται,
1457 4425 1517 4488 ἐν
1565 4419 1607 4508 ᾧ
1659 4428 1759 4489 καὶ
1811 4427 1876 4491 αἱ
1925 4430 2045 4510 (ita
2092 4432 2329 4495 rectius
2376 4429 2634 4506 Euseb.)
