3246 5085
551 324 680 391 164
1558 349 1936 399 rma-omos.

539 509 718 575 Haec
776 531 927 575 cum
988 509 1135 577 aliis
1189 513 1575 599 quibusdam
1622 514 1782 581 olim
1830 514 2232 602 disputaram
2277 517 2344 581 in
2391 518 2936 581 commentatione

541 616 817 701 quadam
864 639 1026 704 quae
1070 625 1224 684 tunc
1268 622 1337 684 in
1384 623 1919 706 paucissimorum
1970 623 2312 687 hominum
2352 642 2582 688 manus
2620 624 2936 708 pervenit,

536 722 682 802 sed,
754 724 925 811 quod
994 723 1288 791 lubenter
1356 748 1668 815 agnosco,
1743 728 2092 795 Schanzins
2160 732 2226 794 in
2299 728 2576 797 editione
2646 728 2940 795 Platonis

537 851 847 918 perquam
893 831 1237 899 honorifice
1282 837 1411 901 mei
1460 838 1858 902 mentionem
1909 836 2080 903 fecit.

628 1051 787 1119 Ibid.
854 1052 985 1119 396
1004 1053 1083 1119 A.
1146 1053 1436 1121 Socrates
1492 1058 1710 1144 pergit
1775 1056 1982 1123 dicere
2015 1056 2211 1122 'unde
2257 1056 2630 1122 deriventur
2675 1057 2940 1122 nomina

538 1156 781 1224 Orestis
800 1206 817 1237 ,
877 1160 1384 1247 Agamemnonis
1403 1210 1420 1240 ,
1471 1165 1687 1241 Atrei,
1736 1146 2031 1249 Pelopis,
2079 1162 2372 1241 Tantali,
2419 1162 2591 1228 Iovis
2640 1162 2936 1248 denique.

538 1265 837 1356 Φαίνεται
908 1266 969 1331 δὲ
1042 1270 1187 1346 καί,
1257 1271 1507 1355 inquit,
1583 1272 1696 1353 [τῷ
1762 1270 1950 1349 πατρὶ
2015 1272 2206 1335 αὐτοῦ
2269 1271 2615 1352 λεγομένῳ]
2679 1272 2760 1349 τῷ
2827 1268 2934 1332 Διὶ

536 1372 889 1450 παγκάλως
954 1372 1022 1437 τὸ
1086 1372 1273 1450 ὄνομα
1340 1377 1597 1440 κεῖσθαι.
1663 1376 1838 1456 Quae
1900 1378 2152 1442 uncinis
2215 1378 2456 1463 saepsi,
2508 1378 2806 1441 eiecerim
2853 1395 2938 1439 ne

533 1474 823 1544 Socrates
894 1479 1191 1545 videatur
1256 1480 1634 1547 contendere
1704 1485 1920 1548 minus
1991 1488 2163 1549 certo
2231 1488 2518 1547 constare
2587 1479 2664 1546 de
2733 1482 2936 1566 stirpe

532 1582 787 1651 Tantali
850 1607 1045 1671 quam
1111 1586 1188 1653 de
1248 1590 1589 1675 progenie3
1655 1587 1821 1655 nihil
1883 1590 1988 1654 hic
2052 1590 2289 1655 dicitur
2315 1574 2415 1654 'de
2461 1587 2585 1653 fide
2630 1588 2940 1653 historiae

532 1691 856 1759 fabulosae
873 1714 889 1771 ;
933 1695 1052 1760 hoc
1097 1696 1285 1761 unice
1331 1698 1553 1783 agitur
1599 1702 1676 1761 ut·
1721 1698 2058 1762 nominum
2105 1692 2462 1761 notationes
2509 1697 2934 1781 exponantur.

530 1796 754 1883 Itaque
802 1798 986 1865 Plato
1036 1804 1294 1867 transiit
1342 1802 1419 1867 ab
1466 1802 1953 1888 Agamemnone
1999 1803 2078 1869 ad
2130 1804 2437 1879 Atreum,
2487 1802 2566 1867 ab
2612 1801 2806 1866 Atreo
2851 1800 2936 1865 ad

532 1904 876 1992 Pelopem,
928 1928 965 1973 a
1006 1907 1245 1995 Pelope
1286 1909 1363 1974 ad
1403 1907 1747 1975 Tantalum
1771 1959 1788 1988 ‚
1826 1931 1908 1995 ne
1948 1909 2313 1997 significans
2353 1908 2609 1995 quidem
2653 1908 2935 1973 alterum

534 2033 674 2078 esse
732 2019 983 2098 patrem
1046 2012 1343 2094 alterius;
1392 2037 1626 2101 nempe
1671 2015 1736 2080 id
1784 2036 2007 2083 omnes
2054 2016 2356 2081 sciebant.
2428 2014 2651 2100 Neque
2697 2014 2938 2079 adiecit

530 2116 880 2185 Tantalum
928 2119 1079 2187 Iove
1118 2126 1508 2207 prognatum
1551 2143 1724 2199 esse,
1767 2143 1916 2187 nam
1956 2122 2079 2189 hoc
2117 2145 2241 2188 non
2284 2124 2498 2186 minus
2537 2119 2937 2187 celebratum

534 2230 634 2289 est
679 2247 873 2310 quam
922 2226 1121 2305 illud;
1170 2232 1337 2293 certe
1380 2230 1449 2292 in
1498 2227 1702 2314 Hipp.
1745 2228 1902 2293 Mai.
1947 2252 2008 2315 p.
2049 2227 2255 2294 293ss
2294 2248 2394 2293 res
2432 2228 2693 2293 videtur
2729 2229 2938 2292 omni-

535 2331 656 2396 bus
694 2335 1052 2398 notissima.
1101 2333 1317 2398 Etiam
1357 2334 1614 2399 facilius
1654 2337 1955 2421 arguitur
1991 2333 2404 2421 interpolatio
2448 2356 2512 2421 p.
2556 2333 2765 2398 404A
2805 2332 2932 2398 οὐδ’

539 2436 615 2501 ἂν
689 2438 746 2521 [ὃ
809 2439 1120 2523 Κρόνος]
1191 2440 1434 2506 δύναιτο
1498 2442 1525 2506 ὃ
1588 2443 1794 2523 πατὴρ
1859 2440 2286 2520 συγκατέχειν
2342 2441 2550 2520 αὐτῷ,
2600 2458 2747 2505 nam
2789 2440 2936 2525 ipsa

539 2541 720 2610 sedes
764 2545 1001 2612 indicio
1050 2553 1167 2612 est.

626 2749 787 2816 Ibid.
856 2749 988 2815 402
1005 2751 1079 2816 B.
1142 2751 1325 2830 Quod
1384 2754 1662 2818 inserere
1724 2750 2054 2818 volueram
2117 2752 2187 2817 id
2249 2751 2420 2838 quod
2467 2758 2565 2817 est
2611 2750 2932 2829 ὀνόματα,

537 2855 885 2922 Schanzius
932 2878 1037 2922 me
1084 2856 1325 2923 refellit
1369 2857 1525 2924 locis
1572 2859 1651 2923 ab
1701 2858 2073 2924 Heindorfio
2119 2857 2334 2924 allatis
2382 2856 2554 2924 Orat.
2606 2855 2814 2940 392D
2861 2863 2933 2922 et

532 2961 791 3030 Theaet.
862 2962 990 3029 157
1012 2963 1081 3039 Β,
1146 2963 1255 3030 sed
1316 2985 1495 3030 meae
1543 2967 1924 3051 suspicionis
1969 2967 2395 3051 patrocinium
2427 2965 2725 3048 suscepit
2771 2961 2934 3030 Her-

535 3069 866 3136 werdenus
910 3071 1071 3135 Dect.
1123 3071 1243 3136 Rh.
1302 3071 1467 3136 Prai.
1517 3069 1626 3137 46.

624 3288 787 3355 Ibid.
836 3312 899 3375 p.
952 3289 1160 3356 4031)
1207 3291 1495 3377 disputat
1534 3289 1827 3356 Socrates
1869 3293 2191 3356 neminem
2235 3311 2312 3354 ex
2350 3289 2573 3356 inferis
2611 3290 2678 3353 in
2719 3289 2930 3354 vitam

533 3395 739 3460 redire
791 3394 1000 3476 velle,
1063 3398 1482 3464 ἀπελθεῖν.
1556 3396 1750 3463 Haud
1797 3417 2028 3482 parum
2077 3398 2314 3462 rectius
2362 3399 2484 3461 erit
2529 3397 2727 3460 ανελ
2755 3397 2934 3459 δεῖν.

624 3609 787 3676 Ibid.
833 3632 897 3697 p.
946 3610 1076 3676 405
1097 3609 1169 3678 O.
1218 3609 1292 3675 In
1340 3610 1742 3698 etymologia
1787 3612 2067 3676 nominis
2109 3607 2427 3695 Apollinis
2468 3607 2928 3694 quadrifariam

532 3716 825 3783 Socrates
887 3739 1024 3783 rem
1086 3720 1405 3783 instituit:
1471 3739 1706 3783 nomen
1767 3716 2046 3782 indicare
2108 3714 2580 3802 quodammodo
2629 3715 2928 3790 μουσικήν

533 3849 604 3888 τε
670 3825 771 3888 καὶ
837 3825 1143 3901 μαντικὴν
1206 3825 1312 3889 καὶ
1376 3825 1652 3904 ἰατρικὴν
1709 3824 1814 3888 καὶ
1867 3823 2128 3901 τοξικῆν.
2175 3823 2526 3910 Postquam
2575 3820 2928 3906 explicavit

532 3952 647 3996 cur
692 3929 923 4016 Apollo
978 3937 1153 3998 vates
1201 3937 1266 3996 et
1311 3930 1543 4016 Apollo
1591 3930 1880 3996 medicus
1929 3931 2046 3996 hoc
2092 3932 2350 3997 nomine
2395 3929 2750 4017 gaudeant,
2789 3949 2933 4012 per-

529 4039 669 4124 git:
734 4038 902 4102 κατὰ
966 4037 1028 4102 δὲ
1093 4039 1202 4114 τὴν
1266 4039 1559 4114 μουσικὴν
1622 4035 1912 4120 [ὥσπερ
1981 4036 2114 4100 τὸν
2161 4034 2610 4102 ἀκόλουθόν
2656 4060 2743 4100 τε
2790 4034 2929 4099 καὶ

528 4141 1084 4227 vesanam]
1149 4140 1239 4208 ὅτι
1303 4143 1374 4208 τὸ
1426 4155 1477 4209 Α
1526 4145 1816 4220 σημαίνει
1865 4148 2200 4224 πολλαχοῦ
2251 4142 2321 4207 τὸ
2369 4143 2541 4221 ὁμοῦ,
2595 4141 2722 4206 κτὲ.
2781 4139 2930 4206 Non

528 4249 775 4316 addidit
821 4253 961 4337 ipse
1004 4249 1297 4316 Socrates
1344 4251 1501 4316 haec
1548 4249 1878 4337 exempla,
1927 4270 2116 4328 nam,
2166 4247 2334 4335 quod
2383 4251 2606 4314 Aetius
2653 4250 2785 4312 iam
2833 4249 2930 4312 vi-

529 4356 657 4430 dit.
722 4358 1018 4423 desumta
1078 4364 1231 4424 sunt
1278 4380 1357 4424 ex
1401 4361 1485 4423 iis
1527 4379 1692 4444 quae
1741 4361 1963 4423 statim
2011 4357 2532 4441 subsequuntur:
2581 4352 2780 4434 ὥσπερ
2828 4351 2929 4419 οὖν

529 4463 632 4527 τὸν
696 4465 1087 4542 ὁμοκέλευθον
1151 4467 1252 4529 καὶ
1319 4464 1622 4540 ὁμόκοιτιν
1680 4465 2002 4530 ἀκόλουθον
2064 4464 2168 4528 καὶ
2221 4461 2454 4527 ἄκοιτιν
2505 4460 2927 4538 ἐκαλέσαμεν.
