3246 5085
601 229 732 308 264
1642 249 1931 300 monus.

695 412 802 491 90,
830 412 940 478 26.
993 451 1077 464 -
1127 414 1354 489 ἀμέλει
1401 413 1529 479 κτὲ.

693 519 932 586 Eadem
980 519 1116 606 legi
1165 519 1369 586 Bekk.
1418 519 1653 586 Aneod.
1705 519 1860 600 214,
1887 519 1975 586 22
2022 525 2285 587 annotat
2327 521 2557 588 Naber.

693 737 801 819 91,
831 738 869 805 '7
917 772 998 798 =
1045 738 1284 804 Anecd.
1337 738 1539 804 Bekk.
1592 737 1862 818 387,18
1912 769 1991 794 =
2037 738 2215 805 Suid.
2270 777 2355 790 —
2404 741 2747 818 ἀμήρυτον·
2798 742 2977 820 πολύ,

601 844 1030 923 ἐκτεταμένον,
1081 846 1437 923 ἀτέλεστον,
1488 847 1769 909 τουτέστι
1817 845 2091 921 διηνεκῶς
2141 846 2440 925 ἕπιμένον,
2483 847 2843 927 ἀπέραντον.
2890 848 2977 912 Ex

600 949 814 1036 Apoll.
863 951 1068 1016 Rhod.
1116 949 1180 1015 11
1226 950 1354 1016 221
1409 951 1705 1018 desumta
1752 952 1906 1017 haec
1950 950 2165 1038 glossa
2208 953 2487 1020 videtur.

689 1057 903 1123 Naber
942 1058 1186 1124 confert
1231 1057 1465 1124 Anecd.
1511 1057 1713 1124 Bekk.
1757 1057 1866 1138 20,
1896 1059 2002 1138 30,
2043 1059 2157 1124 ubi
2195 1058 2435 1125 locutio
2474 1060 2775 1138 ἄμήρυτοι
2816 1059 2976 1138 λόγοι

599 1162 896 1250 pluribus
942 1163 1327 1230 illustratur.

691 1383 798 1463 94,
828 1382 890 1450 3.
942 1421 1027 1434 —
1075 1384 1295 1460 ἀμνίον
1340 1387 1406 1449 et
1452 1382 1579 1449 alia
1626 1383 1984 1470 sig-nificare
2032 1405 2211 1470 posse
2258 1383 2498 1450 dicitur
2539 1391 2604 1451 et-
2643 1384 2715 1450 τό
2755 1399 2984 1458 πεπλη-

597 1493 852 1570 ρωμένον
903 1493 1166 1569 ἅγγεῖον
1208 1490 1660 1566 θαλάσσης.

690 1598 995 1686 Spectant
1042 1599 1196 1664 haee
1245 1598 1514 1665 Homeri
1557 1619 1823 1665 versum
1870 1623 1913 1676 γ
1944 1597 2108 1664 444:
2160 1600 2425 1679 Περσεὺς
2473 1601 2526 1665 δ’
2570 1599 2785 1677 ἀμνίον
2828 1595 2981 1679 εἶχε.

597 1705 934 1792 Integrum
981 1712 1203 1771 autem
1247 1708 1304 1770 si
1345 1711 1444 1771 est
1481 1705 1795 1779 θαλάσσης
1822 1754 1839 1782 ,
1882 1705 2056 1771 fuere
2096 1708 2208 1791 qui
2246 1705 2498 1793 pelvem
2538 1727 2705 1793 aqua
2744 1709 2983 1772 marina

598 1811 909 1898 repletam
975 1813 1283 1878 Perseum
1348 1813 1634 1877 tenuisse
1694 1812 2122 1897 perhiberent.
2188 1813 2367 1894 Quod
2429 1835 2580 1879 oum
2628 1833 2859 1900 parum
2904 1815 2982 1877 sit

597 1917 933 1997 credibile,
985 1917 1362 2005 compendio
1409 1926 1629 1984 autem
1672 1919 1826 1982 θαλ·
1864 1921 2099 2005 scripta
2135 1922 2220 1984 sit
2260 1941 2385 1986 vox
2423 1923 2493 1984 in
2530 1918 2733 1985 altero
2772 1919 2980 1985 codice

599 2031 662 2090 et
719 2028 972 2111 saepius
1033 2027 1102 2089 in
1166 2026 1404 2090 vicinia
1466 2023 1603 2104 (95,
1632 2009 1718 2089 2⁴6
1769 2031 1834 2090 et
1881 2023 1987 2102 99,
2016 2023 2107 2104 9),
2156 2024 2333 2091 aliud
2378 2024 2579 2091 latere
2626 2029 2981 2112 suspioatur

597 2131 828 2209 Naber,
872 2131 1302 2211 γάλακτος
1347 2151 1705 2216 proponens
1744 2130 2132 2220 dubitanter.
2190 2130 2507 2217 Equidem
2546 2130 2777 2197 malim
2820 2134 2979 2212 θαλ·

597 2245 782 2318 λῶν,
830 2237 1061 2304 collato
1109 2258 1300 2303 versu
1343 2237 1809 2325 Aristophaneo
1856 2236 2031 2317 (Pac.
2081 2235 2276 2320 948):

778 2346 845 2409 τὸ
895 2349 1109 2409 κανοῦν
1159 2344 1419 2423 πάρεστ’
1468 2345 1619 2414 ὅλας
1670 2341 1814 2423 ἔχον
1863 2345 2001 2408 καὶ
2049 2344 2386 2421 στέμμα
2437 2343 2540 2408 καὶ
2588 2344 2941 2424 μάχαιραν.

689 2562 800 2643 95,
828 2562 932 2630 18.
1000 2600 1085 2613 -
1146 2560 1386 2643 ἄμπρον
1413 2584 1428 2601 ·
1495 2558 1539 2646 ᾧ
1605 2564 1867 2644 ἐχρῶντο
1928 2565 2064 2629 ἀντὶ
2118 2568 2222 2629 τοῦ
2268 2566 2455 2647 ῥυμοῦ
2504 2562 2753 2645 σχοινίῳ
2800 2563 2981 2641 μέσον

596 2672 918 2752 πταμένῳ
962 2676 1078 2735 τῶν
1129 2672 1426 2736 ἑλκόντων
1475 2670 1761 2752 ζυγῶν.

685 2777 844 2864 Leg.
908 2778 1218 2860 ζευγῶν
1283 2775 1567 2859 (Naber).
1640 2776 1712 2843 Id
1774 2776 1943 2865 quod
1990 2781 2171 2843 extat
2215 2776 2399 2842 Eust.
2455 2774 2608 2856 623,
2638 2775 2745 2856 38,
2794 2796 2987 2863 quem

594 2884 816 2950 laudat
862 2884 1319 2951 Reitzenstein.

690 3088 798 3168 97,
830 3088 913 3154 14
960 3112 1040 3139 ==
1087 3088 1370 3175 Heeyoh.
1423 3123 1508 3137 —
1557 3090 1773 3163 ἀμυσ
1796 3094 2083 3169 χῆναι·
2138 3090 2435 3169 καθᾶραι,
2486 3088 2769 3165 ἁγνίσαι.

687 3195 844 3281 Leg.
886 3196 929 3258 ἆ
945 3219 995 3271 μ
1013 3220 1045 3259 υ
1065 3218 1103 3257 c
1120 3202 1373 3276 χ<ρ>ἥ
1392 3217 1421 3257 ν
1439 3216 1517 3258 αι
1566 3194 1653 3273 (Ν
1655 3194 1831 3275 aber)
1870 3192 2103 3260 collata
2135 3194 2352 3281 glossa
2388 3195 2600 3260 vicina
2624 3194 2975 3276 ὀμνσχρὸν·

597 3302 878 3381 καθαρόν,
929 3301 1138 3379 οὶγνόν,
1188 3300 1528 3381 ὥλλόχροον
1577 3299 1713 3382 (vel
1760 3300 2119 3381 ὅλὸχροον).’

689 3521 798 3602 98,
825 3522 912 3588 22
957 3548 1038 3575 =
1086 3520 1320 3588 Aneod.
1387 3520 1590 3588 Bekk.
1659 3519 1813 3601 388,
1853 3519 1963 3587 20.
2030 3558 2115 3571 -
2178 3522 2599 3601 ἀμφήριστον·
2664 3518 2977 3597 ἄνισον,

595 3632 982 3709 ἀμφίβολον.

685 3736 925 3803 Verum
985 3756 1122 3803 esse
1183 3734 1303 3801 ἵσο
1323 3762 1388 3815 ν,
1457 3736 1629 3820 quod
1694 3736 1953 3822 praebet
2018 3733 2283 3812 Suidas,
2346 3734 2715 3801 observavit
2776 3734 2979 3802 vDam

595 3841 883 3924 (Naber).

686 4044 794 4124 99,
823 4046 911 4112 22
969 4076 1051 4102 =
1115 4045 1352 4111 Aneod.
1417 4043 1620 4111 Bekk.
1686 4044 1838 4125 388,
1869 4044 1956 4112 29
2020 4072 2099 4097 =
2164 4044 2345 4110 Suid.
2411 4083 2495 4094 —
2560 4046 2975 4127 ὦμφίδεα·

595 4154 856 4229 ψέλλια.
909 4152 942 4227 ἢ
994 4152 1220 4227 κόσμος
1273 4155 1770 4234 περιτραχήλιος.

687 4258 907 4324 Edidit
967 4258 1397 4324 Reitzenstein
1459 4258 1737 4338 α’μΦίδ
1751 4284 1776 4323 ε
1800 4262 1994 4337 α<ι>
2065 4257 2169 4324 vel
2233 4262 2451 4344 potius
2515 4260 2977 4339 ἀμφιδέα<ι>,

597 4370 776 4431 ratus
819 4368 1026 4454 igitur
1063 4366 1336 4451 spectari
1376 4363 1698 4447 ἀμφιδέας
1739 4364 1918 4446 illas,
1960 4385 2235 4451 quarum
2277 4366 2520 4432 mentio
2560 4366 2635 4431 fit
2672 4366 2973 4433 Herodot.
