3246 5085
1152 324 1237 372 m:
1284 323 1603 373 nummus
1651 323 1966 371 murrum.
2608 305 2738 374 375

329 491 620 556 heroum
681 489 1013 575 colloquiis
1074 492 1461 577 canticisque
1512 491 1688 556 chori
1737 494 1812 555 ut
1857 489 2206 556 molestum
2253 497 2350 557 est
2395 491 2742 558 diiudicare

334 600 423 661 in
483 595 720 662 fabulis
781 598 1235 682 superstitibus
1292 599 1388 661 ita
1453 595 1909 663 difficillimum
1971 600 2040 661 in
2102 598 2292 663 nudis
2339 601 2738 685 fragmentis.

334 704 491 770 Hoc
555 709 769 769 tamen
818 708 1066 769 constat
1112 706 1281 769 inter
1326 702 1595 769 lectores
1645 702 2009 769 fabularum
2059 704 2591 791 Euripidearum,
2641 706 2744 771 de-

330 810 659 875 lectatum
706 830 839 875 esse
885 816 1142 894 poetam
1188 812 1643 877 controversiis
1690 808 2081 890 moralibus,
2131 816 2196 876 et
2242 814 2618 896 praesertim
2662 811 2739 877 de

335 937 425 983 ea
468 918 837 1002 quaestione
884 936 1045 1001 quae
1092 921 1245 982 tunc
1292 920 1574 982 maxime
1623 917 1877 982 tenebat
1926 898 2241 982 omnium⁸
2259 920 2537 997 animos,
2580 939 2738 983 num

335 1025 558 1090 virtus
617 1022 829 1088 doceri
876 1028 1123 1109 posset,
1172 1024 1509 1089 fortunave
1558 1044 1642 1089 an
1689 1026 1898 1089 virtus
1945 1022 2091 1109 plus
2137 1025 2386 1090 homini
2434 1024 2740 1090 utilitatis

332 1130 625 1208 afferret,
672 1151 959 1217 genusne
1004 1150 1083 1195 an
1135 1131 1303 1195 vitae
1350 1151 1506 1196 usus
1556 1133 1767 1218 magis
1813 1129 2093 1209 valeret,
2145 1152 2330 1217 saepe
2375 1134 2442 1196 in
2491 1130 2741 1197 diversa

336 1237 749 1322 disputantes
788 1257 938 1301 eum
985 1236 1208 1301 fecisse
1254 1237 1477 1302 heroes
1521 1257 1706 1315 suOS,
1755 1238 1848 1302 ita
1897 1242 2114 1302 tamen
2161 1244 2236 1302 ut
2284 1237 2735 1317 Hecubarum‚

335 1344 769 1421 Theseorum‚
820 1342 1187 1409 Orestarum
1229 1343 1487 1409 iudiciis
1528 1343 1810 1424 collatis,
1853 1366 1976 1409 non
2019 1342 2204 1429 plane
2245 1345 2536 1431 desperes
2576 1345 2739 1412 effici

334 1472 529 1537 posse
576 1450 731 1536 quid
779 1452 1036 1535 penitus
1084 1449 1161 1515 de
1208 1450 1379 1516 hisce
1427 1456 1613 1536 poeta
1658 1453 1794 1536 ipse
1842 1453 2180 1517 censuerit.

438 1558 689 1623 Mirum
750 1563 851 1622 est
914 1592 999 1604 —
1058 1556 1169 1623 sed
1229 1563 1457 1623 notum
1521 1557 1820 1622 omnibus
1870 1594 1952 1606 -
2004 1557 2173 1643 quod
2233 1562 2458 1643 poetae
2520 1563 2737 1624 nostro

336 1666 724 1750 praesertim
784 1660 1091 1729 mulieres
1153 1669 1338 1749 aptae
1400 1666 1575 1729 visae
1633 1668 1784 1728 sunt
1829 1662 1907 1728 ad
1955 1663 2270 1729 eiusmodi
2318 1666 2738 1751 cogitationes

336 1769 770 1857 proferendas.
821 1769 1017 1835 Nulla
1063 1773 1274 1856 magis
1322 1790 1515 1855 quam
1561 1769 1850 1836 Hecuba.
1900 1770 2107 1851 Quam
2155 1772 2374 1837 acerbe
2417 1770 2568 1850 illa,
2609 1792 2739 1837 ma·

336 1877 560 1943 lorum
608 1878 998 1962 experientia
1043 1875 1298 1954 edocta,
1348 1880 1567 1942 monet
1614 1897 1681 1941 se
1725 1876 1964 1942 idcirco
2015 1880 2270 1941 tantum
2320 1898 2356 1943 a
2406 1876 2554 1944 Iove
2601 1900 2738 1944 esse

338 1989 666 2049 servatam
730 1989 805 2048 ut
864 1988 1009 2068 post
1055 1986 1151 2048 tot
1198 2003 1380 2049 casus
1428 1981 1786 2048 crudeliora
1830 1985 2025 2048 etiam
2074 1983 2205 2048 fata
2251 1984 2490 2063 obiret,
2540 2005 2734 2070 quam

334 2089 656 2156 obdurata
702 2095 918 2155 mente
962 2090 1207 2174 respuit
1244 2090 1566 2154 iustitiam
1608 2088 1895 2154 divinam
1935 2088 2448 2176 humanamque!
2496 2089 2737 2157 Tamen

338 2218 461 2283 pro
508 2200 601 2263 rei
646 2198 1023 2263 necessitate
1068 2193 1263 2281 Legis
1310 2216 1500 2280 opem
1546 2196 1803 2261 invocat
1850 2194 2034 2275 (Hec.
2085 2193 2245 2276 798)

710 2307 885 2378 ἡμεῖς
934 2302 1047 2379 μὲν
1096 2296 1194 2366 οὖν
1242 2300 1444 2367 δοῦλοί
1489 2326 1555 2367 τε
1606 2302 1919 2374 κᾶσθενεῖς
1968 2300 2142 2379 ἴσως,

708 2410 889 2473 ἀλλ’
936 2409 1003 2473 οἱ
1053 2407 1211 2472 θεοὶ
1262 2407 1631 2472 σθένουσι
1679 2411 1793 2487 χώ
1841 2408 2125 2473 κείνων
2177 2415 2485 2489 κρατῶν

709 2515 979 2593 νόμος·
1030 2512 1188 2596 νόμῳ
1237 2514 1364 2595 γὰρ
1411 2514 1556 2588 τοὺς
1604 2514 1772 2588 θεοὺς
1823 2513 2144 2592 ἡγούμεθα

708 2622 811 2689 καὶ
862 2622 1060 2704 ζῶμεν
1108 2618 1292 2687 ἄδικα
1342 2621 1447 2686 καὶ
1499 2621 1684 2686 δίκαι’
1731 2620 2059 2701 ὡρισμένοι.

436 2729 575 2796 Non
644 2735 852 2796 certae
922 2727 1256 2794 cuiusdam
1325 2729 1609 2794 civitatis
1682 2726 1894 2813 leges,
1967 2747 2130 2812 quae
2207 2727 2285 2794 ab
2361 2727 2732 2794 hominibus

342 2839 729 2903 constitutae
790 2836 868 2901 ab
914 2835 1283 2901 hominibus
1331 2832 1505 2899 sacili
1553 2833 1743 2899 modo
1791 2835 2227 2919 antiquantur,
2276 2855 2443 2900 nunc
2490 2837 2734 2922 cogitat

344 2943 649 3021 Hecuba,
697 2941 808 3008 sed
853 2941 919 3006 τὸ
973 2940 1245 3020 νόμιμον,
1296 2939 1485 3027 plane
1532 2945 1608 3004 ut
1656 2939 1898 3005 Aethra
1947 2942 2010 3004 iu
2058 2941 2266 3022 Suppc.
2315 2961 2412 3006 vs.
2463 2939 2593 3006 313

1292 3046 1361 3110 τὸ
1411 3047 1534 3126 γὰρ
1583 3043 1838 3125 ξυνέχον
1885 3046 2201 3124 ἀνθρώπων
2248 3044 2459 3120 πόλεις

708 3156 875 3219 τοῦτ’
924 3154 1047 3220 ἔσθ’
1096 3147 1245 3218 ὅταν
1293 3176 1388 3226 τις
1434 3153 1576 3226 τοὺς
1626 3150 1843 3230 νόμους
1890 3149 2049 3234 σῴζῃ
2095 3158 2322 3232 καλῶς,

343 3265 452 3329 cui
500 3267 714 3328 tamen
759 3259 1043 3326 Theseus
1072 3265 1213 3345 (vs.
1257 3258 1437 3341 339),
1478 3261 1778 3345 quamvis
1818 3257 2044 3346 legum
2086 3263 2386 3324 strenuus
2425 3257 2732 3339 defensor,

346 3372 441 3435 ita
476 3367 813 3454 respondet
848 3372 923 3432 ut
962 3371 1221 3433 moneat
1263 3365 1602 3446 Aethram,
1644 3368 1711 3430 in
1751 3368 1884 3431 suis
1925 3366 2214 3432 moribus
2253 3386 2496 3451 suoque
2521 3369 2735 3434 animo

349 3475 599 3540 firmius
636 3476 834 3540 etiam
875 3494 1068 3559 quam
1108 3474 1177 3537 in
1213 3470 1471 3559 legibus
1508 3472 1866 3538 subsidium
1908 3474 2110 3538 situm
2152 3493 2290 3539 esse
2313 3471 2734 3560 supplicibus.

351 3580 555 3647 Verba
601 3579 829 3646 Thesei
873 3599 1190 3667 apponam
1236 3580 1540 3666 quoniam
1587 3577 1806 3644 valent
1851 3578 1931 3644 ad
1975 3578 2436 3647 illustrandum
2482 3581 2559 3646 fr.
2603 3578 2733 3647 597

347 3687 663 3754 Pirithoi:
952 3757 976 3772 ..

712 3793 816 3872 δρῶ
868 3793 929 3858 δὲ
978 3793 1155 3869 κάγὼ
1203 3792 1381 3856 ταῦθ’
1428 3789 1589 3870 ἅπερ
1638 3816 1718 3869 με
1768 3793 2096 3871 νουθετεῖς,

710 3901 789 3972 ὡς
836 3906 959 3972 τοῖς
1009 3903 1239 3976 ἐμοῖσιν
1290 3899 1429 3978 οὐχὶ
1481 3899 1817 3979 πρόσφορον
1864 3905 2106 3976 τροποῖς

708 4006 971 4087 Φεύγειν
1017 4007 1101 4072 τὰ
1151 4003 1349 4070 δεινοί·
1402 4007 1613 4071 πολλὰ
1662 4006 1789 4084 γὰρ
1839 4003 2066 4084 δράσας
2121 4005 2292 4069 καλοὶ

711 4112 832 4186 ἔθος
882 4113 1005 4178 τόδ’
1053 4114 1139 4185 εἷς
1186 4114 1502 4188 Ἕλληνας
1553 4110 1974 4190 ἕξεδειξάμην,

709 4221 806 4285 ἀεὶ
859 4221 1167 4296 κολαστὴς
1218 4225 1335 4284 τῶν
1382 4223 1583 4283 κακῶν
1633 4218 2036 4284 καθεστάναι.

348 4327 495 4394 Non
555 4329 611 4394 is
673 4325 946 4414 fingitur
1005 4347 1043 4390 a
1103 4331 1290 4412 poeta
1353 4324 1580 4391 Thesei
1627 4327 1915 4404 animus,
1964 4329 2041 4390 ut
2085 4329 2341 4410 spernat
2379 4347 2492 4390 rex
2529 4324 2706 4412 leges
2717 4347 2734 4405 ;

348 4439 555 4504 immo
618 4433 871 4501 multus
933 4434 1335 4500 Athenarum
1385 4434 1758 4509 συνοικιστῆς
1805 4430 1919 4507 ille
1967 4437 2064 4498 est
2108 4433 2174 4496 in
2224 4431 2560 4520 tyrannide
2607 4452 2739 4498 car-
