3246 5085
1077 240 1162 287 na
1209 239 1526 288 summme
1575 238 1897 288 rrmrnoo.
2541 220 2675 287 385

269 401 412 467 dem
479 425 616 469 non
675 404 1058 491 refragabor.
1105 402 1232 469 Sed
1279 426 1408 470 non
1453 403 1661 470 isdem
1707 404 1921 469 verbis
1968 402 2135 469 alius
2182 404 2340 469 haec
2389 402 2677 469 dixisset.

269 508 472 574 Dicen
551 511 668 597 qui
737 507 974 577 Chroni
1043 514 1346 591 (παλαιοῦ
1410 511 1671 589 πατρὸς)
1742 508 1943 576 filiam
2008 510 2163 575 dicit
2226 531 2420 596 quam
2484 508 2681 574 simul

268 635 460 700 saepe
527 616 686 681 Iove
747 614 992 681 dixerat
1052 621 1308 693 natam,
1371 614 1484 681 ille
1548 614 1806 683 Chrono
1854 619 2111 682 nomine
2156 617 2372 703 ipsum
2420 616 2679 682 Patrem

267 728 458 787 ornat
535 724 934 788 Aetherium.
1018 722 1158 789 Hoc
1229 728 1447 789 autem
1518 722 1693 789 idem
1760 729 2212 802 Φυσιολογικῶς
2277 723 2681 810 significatur

265 830 518 893 nostris
581 829 995 916 fragmentis,
1043 850 1194 895 cum
1243 827 1770 916 philosophorum
1817 832 2113 895 terminis
2160 828 2509 896 delectatus
2558 830 2683 897 Eu-

269 934 528 1019 ripides
597 923 962 1000 summum'
995 942 1456 1021 aeternumque
1517 934 1712 1001 deum
1772 938 1839 1001 in
1901 937 2181 1002 aetheria
2240 938 2678 1019 στροφάλιγγι

269 1046 589 1106 naturam
635 1062 851 1107 rerum
899 1047 1224 1108 tenentem
1245 1089 1262 1122 ,
1311 1044 1530 1128 ipsum
1578 1047 1798 1108 autem
1838 1043 1918 1108 ab
1956 1041 2311 1109 immortali
2350 1042 2685 1131 Temporis

271 1146 557 1231 sphaera
603 1147 1069 1214 circumdatum
1123 1148 1437 1235 depingit.

365 1252 460 1317 Et
516 1253 693 1321 valet
739 1253 861 1321 hoc
908 1256 1168 1321 omniuo
1213 1253 1292 1321 de
1338 1254 1641 1319 omnibus
1688 1255 1981 1322 versibus
2031 1256 2263 1341 quibus
2302 1256 2684 1323 Aetherium

271 1378 482 1425 suum
545 1358 754 1426 Deum
819 1358 1162 1447 Euripides
1223 1361 1514 1440 invocat;
1578 1362 1822 1427 incerta
1882 1366 2072 1440 suut,
2121 1368 2185 1427 et
2231 1361 2461 1441 dubia,
2512 1362 2684 1428 ultra

273 1468 460 1531 euim
524 1488 656 1533 non
714 1466 1002 1553 profecit.
1066 1466 1390 1554 Olympiis
1440 1468 1538 1533 dis
1581 1488 1814 1553 parum
1862 1466 2059 1532 fidens
2108 1466 2441 1533 meliorem
2488 1476 2681 1555 atque

271 1570 591 1639 altiorem
651 1576 1007 1661 imaginem
1055 1574 1157 1639 dei
1201 1580 1418 1641 mente
1463 1576 1790 1659 concipere
1838 1572 2098 1660 quidem
2144 1575 2510 1642 conabatur.
2560 1574 2687 1641 Sed

273 1680 392 1744 vix
435 1680 717 1766 contigit
754 1686 1012 1765 poetae,
1053 1686 1128 1744 ut
1167 1700 1454 1766 unquam
1493 1688 1607 1745 aut
1656 1679 2061 1746 auditoribus
2109 1687 2222 1746 aut
2270 1682 2393 1747 sibi
2442 1689 2683 1748 certam

275 1784 670 1851 informaret
709 1785 1066 1852 doctrinam
1105 1786 1182 1853 de
1223 1807 1480 1852 summo
1517 1790 1817 1865 numine;
1859 1785 1924 1851 id
1965 1786 2117 1852 fecit
2157 1793 2231 1852 ut
2270 1810 2441 1854 nunc
2474 1788 2682 1869 αἰθέρα

282 1913 466 1958 nunc
514 1894 582 1957 τὸ
633 1896 802 1973 θεῖον,
852 1893 1042 1959 modo
1095 1893 1220 1957 Διά
1270 1893 1462 1959 deum
1513 1892 1841 1959 salutaret.
1890 1892 2051 1958 Eam
2100 1896 2306 1980 igitur
2358 1898 2683 1961 notionem

285 1996 394 2062 dei
448 2019 607 2085 quae
668 2001 840 2065 inest
895 2002 964 2065 in
1026 1999 1304 2065 Pirithoi
1366 2000 1749 2088 frag-mentis
1804 2000 2067 2065 dubiam
2114 2006 2179 2066 et
2225 2002 2566 2079 incertam,
2616 2005 2685 2068 in

285 2106 520 2171 ceteris
567 2104 899 2194 Euripidis
945 2104 1178 2173 fabulis
1225 2128 1350 2172 non
1399 2107 1640 2173 frustra
1685 2108 2073 2192 quaerimus.

1201 2757 1288 2804 AD
1334 2755 1789 2806 monacnum.

887 2858 1250 2940 (Quomodo
1296 2859 1589 2928 adulator
1638 2883 1691 2928 e.
1718 2883 1779 2948 q.
1806 2883 1855 2930 e.
1906 2883 1958 2927 c.
2009 2861 2100 2942 4).

392 3043 549 3123 „Est
619 3045 934 3130 quaedam
1003 3045 1287 3113 adulatio
1356 3046 1566 3113 multo
1638 3046 1933 3116 callidior
1995 3067 2191 3136 quam
2253 3069 2378 3138 qua
2443 3049 2683 3141 vulgus

292 3171 656 3218 scurrarum
720 3153 950 3230 utitur,
1011 3152 1278 3238 ideoque
1342 3156 1538 3218 etiam
1599 3153 1811 3222 multo
1875 3159 2088 3242 magis
2151 3161 2338 3224 anxie
2385 3161 2681 3226 vitanda:

291 3253 470 3332 αὕτη,
512 3258 641 3340 γὰρ
704 3260 1150 3334 ἀναπίμπλησι
1215 3259 1320 3324 καὶ
1371 3261 1480 3332 τὴν
1528 3261 1814 3336 ἀληθινὴν
1860 3263 2085 3341 Φιλίαν
2127 3265 2426 3338 ἀπιστίας
2471 3290 2687 3344 συνεμ-

295 3365 644 3430 πίπτουσαν
717 3365 878 3447 αὐτῇ
949 3364 1325 3437 πολλάκις.”
1403 3364 1614 3430 Immo
1679 3388 1863 3434 vero:
1932 3372 2487 3438 συνεκπίπτουσαν.
2559 3373 2686 3453 Qui

291 3471 491 3538 semel
561 3492 627 3538 se
697 3470 1038 3557 deceptum
1098 3471 1266 3538 vidit
1329 3474 1721 3557 suspiciosus
1782 3473 1919 3540 fieri
1979 3481 2191 3561 potest
2248 3481 2343 3544 ita
2404 3485 2479 3544 ut
2532 3501 2683 3545 cum

292 3577 619 3644 adulatore
683 3579 884 3642 etiam
931 3598 1156 3642 verum
1205 3579 1490 3642 amicum
1536 3577 1746 3645 eiiciat
1792 3581 1977 3646 forae.
2029 3579 2125 3648 Of.
2176 3584 2343 3669 quod
2391 3605 2541 3650 mox
2588 3607 2682 3651 se-

291 3685 546 3768 quitur:
623 3681 958 3764 ὀφείλομεν
1029 3677 1098 3747 εὖ
1159 3682 1348 3760 μάλα
1410 3683 1747 3764 φοβεῖσθαι
1810 3689 1899 3762 μή
1964 3712 2087 3760 πως
2156 3691 2190 3764 ἢ
2254 3693 2339 3771 τῷ
2397 3694 2565 3772 κακῷ
2612 3694 2681 3758 τὸ

291 3789 591 3870 χρήσιμον
641 3789 1131 3867 συνεκβάλωμεν
1175 3795 1240 3856 et
1286 3795 1402 3854 τῶν
1451 3792 1679 3872 α’γρίων
1730 3793 2099 3873 σπερμάτων
2149 3792 2265 3859 ὅσα
2308 3795 2411 3860 καὶ
2453 3804 2681 3877 σχῆμα

293 3897 399 3961 καὶ
453 3896 715 3975 μέγεθος
765 3899 1200 3977 παραπλήσιον
1248 3895 1482 3978 ἔχοντα
1530 3900 1614 3978 τῷ
1665 3902 1826 3982 πυρῷ
1875 3899 2313 3979 συμμέμικται
2364 3953 2378 3970 .
2411 3950 2425 3968 .
2456 3951 2471 3970 .
2520 3930 2685 3970 συν-

295 4002 689 4068 εκπίπτει
739 4003 840 4069 διὰ
891 4009 1006 4067 τῶν
1052 4005 1274 4084 ἀραιῶν
1324 4003 1592 4086 (πόρων).

2286 4116 2344 4182 J.
2394 4117 2450 4183 J.
2502 4117 2587 4183 H.

1286 4333 1679 4355 ψ-

2324 4479 2389 4528 25
