3246 5085
594 313 727 385 302
1635 326 1947 381 nonnus.

684 502 748 568 II
795 502 837 566 4
905 500 977 567 In
1039 502 1157 566 hac
1218 520 1441 566 scaena
1497 503 1753 586 praeter
1814 519 1966 566 vero
2026 497 2316 565 Donatea
2373 497 2686 586 leguntur
2747 517 2986 565 novem

592 608 837 676 scholia
898 610 1214 674 rhetorica
1259 607 1337 672 de
1384 608 1617 692 quibus
1667 606 1814 672 vide
1864 607 2108 672 Mnem.
2157 604 2448 671 XXXIII
2494 627 2559 692 p.
2611 604 2748 670 246
2787 627 2884 692 aq.
2920 604 2993 686 ¹).

684 716 863 782 Haec
932 736 1054 780 non
1124 713 1470 793 derivanda
1530 718 1685 779 sunt
1749 714 1826 778 ab
1887 712 2165 778 editione
2227 711 2714 798 Interpolatorie
2777 711 2890 778 sed
2957 731 2998 776 a

592 821 1027 908 compilatore
1074 819 1332 887 aliunde
1378 819 1581 885 illata.

681 1021 776 1087 III
837 1022 895 1086 1.
928 1019 1010 1086 13
1080 1019 1177 1102 (2)
1244 1017 1666 1097 „Confutavit
1736 1017 2015 1097 verbis'',
2087 1019 2400 1097 convicit,
2474 1022 2551 1083 ut
2619 1020 2676 1084 ei
2747 1017 3001 1084 diceret

594 1127 1012 1207 ‚,refutavit''.
1152 1124 1251 1208 (2)
1296 1125 1420 1191 Sed
1466 1125 1895 1192 refutatio
1941 1127 2008 1189 in
2058 1146 2414 1210 personam.
2489 1151 2498 1162 ·

679 1234 906 1300 Editor
965 1231 1289 1299 Donatum
1352 1231 1515 1297 falsa
1575 1230 1929 1297 differentia
1975 1234 2264 1317 corrigit.
2330 1230 2551 1299 Cicero
2597 1231 2878 1296 refutare
2921 1236 3001 1297 et

588 1341 916 1406 confutare
993 1360 1143 1404 cum
1224 1339 1469 1404 obiecto
1549 1336 1869 1422 personali
1933 1343 1999 1403 et
2069 1337 2227 1404 reali
2295 1340 2512 1403 iunxit
2579 1339 2954 1424 promiscue
2975 1357 2998 1417 3

588 1449 848 1513 comicis
907 1449 974 1510 in
1020 1467 1143 1510 usu
1188 1444 1315 1510 fuit
1360 1445 1710 1511 confutare.
1763 1442 2112 1522 „Refutat”
2160 1446 2228 1510 in
2275 1445 2560 1510 Pacuvio
2606 1450 2996 1530 suspectum

589 1560 725 1619 erat
760 1552 1113 1620 Ribbeckio
1160 1573 1223 1636 p.
1275 1549 1385 1616 83.

677 1659 835 1725 Ibid.
906 1658 990 1723 14
1030 1657 1125 1736 (2)
1202 1657 1468 1723 Ordine:
1543 1659 1752 1743 primo
1825 1655 2201 1733 dominum,
2271 1663 2418 1744 post
2483 1657 2992 1734 Phormionem,

586 1766 900 1831 ultimum
962 1785 1028 1830 se
1088 1767 1308 1850 posuit
1369 1763 1474 1844 (cf.
1524 1784 1620 1828 ve.
1676 1764 1780 1842 11,
1813 1762 1916 1842 12,
1947 1762 2078 1844 14).
2216 1762 2546 1829 Scholium
2607 1765 2803 1830 nimis
2863 1760 2995 1849 1'111-

590 1872 832 1940 sillum.

676 2071 772 2137 111
820 2071 883 2137 2.
914 2069 996 2136 1¹7
1066 2070 1288 2156 Neque
1327 2070 1614 2156 Antipho
1654 2068 1778 2135 alia
1803 2091 1952 2136 cum
1976 2073 2323 2154 occupatus
2349 2074 2515 2135 esset
2537 2067 2988 2135 sollicitudine

1064 2176 1232 2242 'I‘um
1279 2177 1398 2242 hoc
1443 2184 1609 2242 esset
1637 2174 1688 2258 ²)
1735 2179 1828 2240 mi
1877 2177 2202 2241 obiectum
2249 2173 2531 2241 malum!

678 2284 775 2366 (1)
814 2283 954 2350 Hoc
992 2282 1165 2348 dolet
1202 2282 1544 2360 Phaedria,
1587 2282 1756 2366 quod
1795 2285 1862 2348 in
1903 2281 2124 2347 eadem
2156 2303 2223 2347 re
2255 2280 2645 2347 laboraverit
2667 2281 2990 2366 AntiphO,

586 2391 653 2456 id
716 2396 813 2456 est
870 2393 939 2456 in
999 2409 1249 2466 amore,
1315 2388 1611 2474 quodque
1659 2408 1874 2454 amare
1921 2389 2283 2474 contigerit.
2424 2387 2523 2468 (2)
2573 2385 2804 2463 „Alia”
2854 2390 2991 2452 mi-

584 2519 736 2564 nore
794 2495 1008 2583 aliqua
1067 2493 1498 2561 sollicitudine
1559 2515 1756 2580 quam
1802 2495 1956 2561 haec
2002 2501 2099 2561 eet
2145 2514 2340 2581 quam
2387 2513 2556 2559 nunc
2600 2495 2792 2580 gerit.

586 2604 682 2684 (3)
744 2605 845 2669 An
894 2601 1102 2681 „alia”
1152 2608 1404 2687 praeter
1452 2601 1614 2666 hanc
1655 2621 1852 2685 quam
1900 2599 1977 2665 de
2023 2588 2128 2677 m‘e
2166 2602 2358 2686 gerit.
2543 2598 2640 2680 (4)
2689 2597 2859 2664 Ordo
2911 2606 2986 2665 et

585 2730 806 2775 sensus
867 2709 972 2774 hic
1033 2713 1165 2773 est:
1231 2728 1433 2793 neque
1497 2711 1640 2772 tum
1704 2713 1872 2773 esset
1934 2707 2100 2771 mihi
2145 2707 2263 2771 hoc
2311 2708 2638 2771 obiectum
2684 2703 2984 2786 malum,

584 2837 733 2881 cum
798 2814 1081 2901 Antipho
1144 2812 1271 2879 alia
1330 2811 1764 2880 sollicitudine
1809 2820 1977 2879 esset
2023 2819 2405 2899 occupatus,
2451 2811 2585 2879 levi
2632 2814 2941 2898 quapiam
2963 2860 2984 2891 ,

584 2946 709 2989 non
755 2922 874 2988 hac
923 2921 1000 2986 de
1044 2922 1328 3006 nuptiis,
1378 2942 1538 3007 quae
1586 2928 1685 2986 est
1728 2922 2137 3007 gravissima.

674 3028 1031 3094 Verborum
1085 3030 1399 3093 sententia
1446 3022 1768 3114 ambigua·
1800 3033 1918 3092 eat.
1972 3026 2279 3113 „Neque”
2328 3029 2516 3115 iungi
2565 3031 2776 3113 potest
2823 3046 2984 3091 cum

586 3134 822 3216 „alia''‚
870 3155 1021 3200 cum
1070 3140 1457 3219 „occupatus
1502 3134 1735 3211 esset''‚
1778 3154 1926 3199 cum
1967 3132 2170 3199 altera
2208 3136 2522 3199 sententia
2563 3131 2792 3212 „tum”
2837 3153 2981 3219 sqq.

675 3240 886 3307 Schol.
950 3241 1049 3321 (1)
1110 3242 1331 3325 iungit
1394 3261 1641 3325 „neque
1704 3238 1871 3305 alia''
1922 3266 2002 3291 =--
2049 3238 2326 3305 eadem
2390 3247 2455 3305 et
2500 3239 2695 3305 verba
2739 3241 2830 3303 eie
2877 3242 2982 3303 in—

583 3348 878 3436 telligere
937 3345 1228 3412 videtur:
1286 3345 1497 3413 dolere
1545 3346 1931 3412 Phaedriam
1978 3344 2187 3431 quod,
2238 3345 2393 3410 dum
2442 3347 2581 3431 ipse
2629 3345 2838 3411 adhuc
2883 3329 2984 3411 la4

580 3457 761 3521 boret
820 3456 888 3518 in
948 3472 1200 3530 amore,
1273 3442 1557 3538 Antipho
1620 3455 1753 3518 iam
1815 3451 2244 3529 laboraverit,
2310 3454 2354 3515 i.
2385 3472 2439 3517 e.
2506 3472 2632 3517 non
2687 3450 2979 3536 amplius

476 3604 485 3613 ·
580 3561 861 3637 laboret,
925 3561 1161 3644 quippe
1224 3561 1329 3624 cui
1390 3564 1674 3624 amatam
1721 3557 2042 3645 possidere
2090 3558 2456 3644 contigerit.
2520 3556 2977 3644 Interpretatio

582 3668 845 3732 obscure
905 3667 1239 3730 enuntiata
1301 3671 1367 3731 et
1427 3668 1634 3731 amico
1681 3666 1983 3752 indigna,
2034 3666 2272 3750 quippe
2323 3664 2434 3749 qui
2484 3661 2725 3729 doleret
2769 3666 2975 3733 amici

581 3774 1070 3859 prosperitatem
1116 3772 1185 3835 in
1232 3791 1468 3837 amore.
2633 3788 2650 3799 ·

650 3987 706 4053 1)
757 3985 1023 4036 Numer-avi
1065 3984 1133 4035 ibi
1182 3982 1363 4033 scholia
1408 3980 1523 4032 satia
1574 3981 1730 4031 multa
1774 3980 2014 4031 rhetorica
2049 3996 2144 4030 non
2177 3978 2396 4030 Donatea
2429 3994 2536 4029 cum
2573 3978 2625 4029 in
2657 3979 2745 4029 hac
2774 3983 2879 4029 tum
2915 3980 2974 4032 in

578 4068 880 4135 praecedenti
923 4071 1058 4133 parte
1104 4064 1359 4115 commenti
1407 4066 1467 4114 ad
1516 4063 1876 4113 Phormionem.
1927 4062 1986 4112 In
2030 4062 2226 4112 scholiis
2261 4062 2320 4111 ad
2354 4061 2407 4111 11
2442 4062 2584 4111 8-v
2623 4061 2787 4111 notavi
2819 4062 2976 4113 haec:

576 4151 631 4200 II
668 4153 783 4211 3.1‚
821 4152 860 4200 B
898 4152 1059 4211 1503),
1096 4148 1136 4196 Β
1171 4149 1235 4198 20
1253 4148 1341 4210 (l),
1378 4146 1420 4195 B
1456 4147 1536 4205 64,
1576 4147 1615 4195 B
1638 4146 1701 4195 66
1718 4147 1810 4206 (1).
1845 4144 1897 4194 II
1931 4144 2137 4207 4.1(2),
2177 4146 2255 4203 11,
2295 4144 2462 4205 120),
2481 4144 2568 4207 (2),
2608 4144 2671 4193 1³
2687 4142 2774 4205 (2),
2811 4144 2873 4192 15
2893 4146 2978 4206 (1)

577 4233 679 4299 (2),
726 4234 806 4292 16,
856 4233 935 4291 18,
983 4232 1062 4282 19.
1113 4230 1193 4281 111
1228 4230 1442 4295 2.1(1),
1496 4230 1663 4291 11(1).
1711 4227 1780 4277 IV
1818 4228 1929 4277 1.1.
1987 4227 2058 4276 VI
2093 4227 2140 4287 6,
2177 4226 2224 4286 7,
2263 4227 2326 4275 24
2363 4228 2512 4292 postr.
2563 4226 2608 4273 V
2644 4226 2860 4286 9.1.25‚
2896 4226 2968 4280 27

577 4316 836 4379 (longia),
886 4314 1037 4375 28(1)
1054 4314 1139 4376 (2),
1174 4314 1238 4363 29
1257 4314 1331 4375 (2)
1366 4312 1417 4362 in
1451 4313 1488 4362 f.
1522 4314 1603 4361 45.
1639 4310 1840 4361 Praeter
1877 4309 1993 4359 haec
2029 4312 2077 4359 et
2111 4325 2166 4359 ea
2201 4325 2323 4374 quae
2359 4324 2504 4374 supra
2537 4309 2758 4374 deinceps
2791 4311 2980 4360 tract·-

578 4400 761 4450 buntur
792 4395 951 4445 omnia
983 4395 1163 4445 scholia
1198 4398 1384 4445 Donato
1420 4410 1521 4445 esee
1554 4394 1709 4444 danda
1741 4393 1965 4443 videntur
1975 4413 1989 4451 3
2023 4392 2251 4459 pleraque
2284 4391 2563 4442 brevissima
2598 4396 2728 4441 eunt.

646 4480 702 4547 2)
734 4478 813 4528 Sic
846 4492 1094 4543 perperam
1130 4476 1303 4527 lemma
1338 4483 1387 4527 et
1416 4476 1678 4527 scholiasta
1712 4475 1762 4525 in
1797 4475 1874 4541 (4)
1909 4489 1998 4541 pro
2031 4490 2192 4524 ene.
