3246 5085
1245 393 1250 398 -
1311 369 1622 420 nonnus.
2575 355 2659 420 41

372 533 539 604 Cum
608 536 973 622 „rogitare”
1036 538 1122 601 sit
1181 536 1561 602 exclamatio
1630 537 2055 623 indignantis,
2117 536 2283 601 nibil
2338 536 2513 602 deest
2559 541 2674 602 aut

285 641 664 708 subauditur
707 647 772 707 et
819 641 1175 707 damnanda
1223 649 1373 706 sunt
1417 642 1512 721 (1)
1562 648 1626 706 et
1674 639 1791 721 (4),
1846 662 2122 726 quorum
2182 641 2345 706 illud
2406 642 2671 708 debetur

287 751 630 833 magistro,
696 750 808 832 qui
867 746 1218 811 identidem
1279 745 1439 812 falsa
1498 745 1948 831 supplementa
1994 747 2287 831 praebuit
2348 768 2461 832 per
2506 749 2669 812 deest

285 853 390 930 (cf.
437 851 730 936 exempla
774 852 854 917 ad
909 852 1102 918 Andr.
1150 855 1217 916 in
1266 852 1514 917 Mnem.
1563 850 1821 916 XXXII
1867 874 1928 936 p.
1982 850 2113 916 300
2138 857 2322 936 sqq),
2372 852 2490 917 hoc
2530 852 2663 917 alii.

285 957 554 1043 Reliqua
625 959 786 1022 mihi
855 956 1103 1023 Donato
1173 957 1376 1022 danda
1436 957 1759 1033 videntur,
1825 959 1937 1041 qui
1995 959 2062 1021 in
2125 957 2220 1037 (2)
2267 957 2665 1022 infinitivum

280 1061 674 1128 exclamandi
735 1065 1070 1148 integrum
1118 1061 1379 1147 reliquit
1424 1082 1496 1127 ac
1543 1065 1680 1126 sine
1727 1060 2190 1147 supplementis
2237 1070 2303 1127 et
2350 1071 2517 1127 recte
2566 1064 2671 1127 ob·

281 1171 566 1234 servavit
612 1169 1078 1233 Parmenonem
1124 1171 1324 1232 etiam
1374 1188 1675 1234 aversum
1719 1188 1756 1233 a
1804 1167 2117 1232 Phaedria
2162 1168 2281 1233 hoc
2319 1166 2672 1234 exclamare

282 1276 565 1358 potuisse
585 1321 600 1350 ,
666 1275 951 1338 etiamsi·
988 1274 1108 1338 hoc
1171 1275 1388 1337 minus
1446 1276 1530 1336 sit
1577 1271 1919 1357 probabile.
1994 1272 2172 1337 Idem
2218 1276 2287 1337 in
2332 1272 2429 1353 (3)
2479 1274 2673 1338 verba

286 1381 508 1463 „quasi
549 1376 802 1443 difficile
841 1377 971 1442 sit''
1013 1399 1149 1443 non
1189 1381 1399 1464 magis
1437 1376 1884 1464 supplemento
1909 1381 2231 1454 oneravit,
2263 1384 2339 1442 ut
2362 1381 2673 1463 magister

281 1485 431 1549 fecit
492 1486 560 1547 in
623 1481 738 1562 (4).
791 1482 1032 1548 Dubito
1081 1491 1299 1549 tamen
1345 1483 1420 1548 de
1467 1482 1668 1548 altera
1713 1489 1893 1568 parte
1942 1482 2168 1548 scholii
2216 1482 2331 1562 (4),
2382 1487 2668 1567 primum

283 1591 458 1652 enim
527 1587 718 1652 verba
795 1595 902 1666 „et
973 1588 1250 1653 ostendit
1317 1637 1330 1652 .
1362 1635 1376 1652 .
1408 1637 1421 1652 .
1487 1588 1798 1652 munera'’
1872 1608 2131 1672 prorsus
2202 1584 2671 1673 supervacanea

285 1701 470 1771 sunt,
532 1691 696 1758 Don.
759 1700 976 1758 autem
1041 1693 1174 1758 odit
1235 1695 1436 1758 otiosa
1496 1701 1561 1757 et
1607 1713 2108 1778 supervacanea,
2158 1713 2317 1777 quae
2362 1695 2432 1756 in
2478 1695 2667 1758 certis

285 1801 709 1887 genuinisque
755 1801 892 1864 eius
937 1799 1450 1865 adnotationibus
1487 1819 1807 1883 nusquam
1842 1801 2165 1876 invenies,
2210 1799 2436 1864 deinde
2476 1799 2670 1864 verba

289 1927 482 1983 „cum
542 1911 762 1971 contra
807 1955 822 1971 .
854 1953 867 1970 .
898 1955 912 1970 .
963 1927 1086 1970 non
1149 1904 1340 1970 dare'’
1405 1907 1790 1970 sententiam
1839 1907 2167 1969 continent
2212 1925 2248 1968 a
2295 1925 2363 1969 re
2410 1924 2669 1989 prorsus

284 2011 558 2076 alienam
618 2017 682 2076 et
742 2017 885 2075 tum
947 2009 1210 2076 demum
1257 2013 1653 2096 appositam,
1711 2013 1767 2075 si
1812 2010 2124 2075 Parmeno
2168 2012 2237 2074 in
2285 2010 2401 2074 hac
2449 2029 2673 2075 scaena

285 2137 651 2204 perversam
690 2116 1115 2182 adulescentis
1161 2116 1614 2182 liberalitatem
1681 2119 2037 2202 tetigisset,
2102 2137 2139 2180 a
2199 2136 2324 2200 quo
2387 2114 2675 2180 multum

289 2223 516 2290 abfuit.
589 2222 764 2288 Haec
808 2225 1016 2308 igitur
1059 2227 1133 2286 ut
1174 2221 1731 2308 interpolationem
1778 2221 2061 2287 Editoris
2108 2219 2365 2286 lineolis
2413 2223 2676 2286 secrevi.

381 2327 840 2394 Sabbadini
899 2328 1426 2394 inconsideratius
1494 2330 1712 2394 omnia
1760 2328 1901 2413 ((1)
1948 2327 2045 2408 (2)
2092 2326 2232 2412 (3))
2279 2330 2530 2412 praeter
2576 2325 2673 2408 (4)

291 2431 474 2500 obelo
521 2435 791 2500 notavit.

378 2537 540 2604 Ibid.
593 2537 634 2602 4
679 2538 776 2620 (1)
825 2537 1204 2618 „Invenire”
1254 2541 1611 2624 acquirere;
1662 2541 1754 2604 sic
1800 2540 1869 2603 in
1916 2537 2154 2603 Heaut.
2203 2536 2283 2618 (V
2334 2537 2394 2603 4.
2426 2537 2557 2619 16).

289 2644 384 2725 (2)
431 2643 600 2709 Nam
642 2644 785 2709 ideo
830 2665 867 2709 a
912 2645 1313 2729 praecedenti
1359 2647 1551 2709 etiam
1605 2654 2010 2729 quaestus
2056 2643 2377 2708 dicuntur.

382 2749 676 2813 Alterum
722 2748 1039 2814 scholium
1085 2770 1209 2814 non
1254 2752 1532 2835 pertinet
1575 2749 1656 2814 ad
1698 2748 1997 2813 Eunuchi
2037 2769 2329 2827 versum,
2370 2748 2479 2813 sed
2519 2769 2670 2833 quo-

292 2854 632 2921 dammodo
691 2855 771 2921 ad
831 2854 1202 2941 exemplum
1264 2854 1982 2920 Heautontimorumeni
2043 2856 2313 2919 citatum
2373 2856 2439 2918 in
2503 2854 2621 2935 (l).

1427 2978 1436 2986 “
2410 2958 2474 3023 S.
2525 2979 2577 3023 c.

382 3063 544 3130 Ibid.
595 3064 632 3129 5
698 3064 836 3152 Ego
883 3085 1133 3150 quoque
1179 3085 1308 3129 una
1351 3085 1574 3148 pereo,
1626 3064 1793 3149 quod
1840 3063 2003 3128 mihi
2050 3069 2146 3129 est
2194 3066 2403 3130 carius

384 3171 480 3252 (2)
536 3171 661 3235 Pro
708 3174 821 3254 qui
865 3172 1029 3235 mihi
1075 3191 1220 3235 sum
1268 3173 1490 3235 carior.
1562 3169 1662 3251 (3)
1707 3170 1831 3235 Sed
1882 3170 2089 3257 „’'ego
2140 3170 2307 3235 dixit
2352 3169 2671 3247 absolute,

293 3297 625 3342 occurrens
685 3276 837 3341 huic
891 3278 1250 3361 pronomini
1294 3275 1673 3360 <„quod”>.
1814 3275 1990 3342 Haec
2037 3278 2201 3390 mira
2245 3278 2533 3340 inventio
2581 3276 2674 3338 vi-

295 3381 482 3447 detur
527 3380 810 3447 Editoris
856 3380 1178 3446 Donatum
1229 3384 1627 3467 corrigentis.
1870 3400 1876 3406 ·
2414 3379 2478 3445 S.
2527 3401 2581 3444 c.

385 3486 542 3552 lbid.
595 3486 634 3550 9
686 3486 1070 3565 Aemulum,
1119 3487 1286 3573 quod
1329 3490 1601 3572 poteris,
1649 3487 1727 3551 ab
1774 3506 1847 3551 ea
1890 3484 2117 3570 pellito

383 3592 480 3673 (1)
547 3593 689 3670 „Ab
750 3592 865 3658 ea’'
931 3594 1009 3657 ab
1073 3594 1211 3657 eius
1271 3595 1504 3658 animo.
1650 3590 1756 3656 Sic
1804 3594 2087 3676 apposite
2135 3590 2295 3655 Don.
2434 3588 2534 3654 IP
2581 3590 2671 3669 (2)

290 3718 417 3763 non
465 3695 667 3783 „pelli
710 3696 970 3776 facito’',
1017 3697 1125 3763 sed
1173 3696 1504 3783 „pellito”.
2410 3695 2475 3761 S.
2524 3716 2577 3761 c.

381 3802 521 3867 Ibid
564 3802 644 3866 11
695 3800 938 3868 Censen
977 3823 1161 3887 posse
1199 3823 1303 3867 me
1344 3802 1681 3867 obfirmare
1705 3804 1985 3887 perpeti,
2011 3821 2090 3865 ne
2115 3800 2366 3865 redeam
2389 3797 2671 3865 interea?

381 3906 542 3973 Don.
606 3906 701 3987 (2)
762 3906 908 3973 Ideo
968 3908 1138 3972 hunc
1181 3911 1388 3991 ‚putat
1449 3928 1573 3972 non
1636 3927 1922 3983 censere,
1990 3908 2141 3990 quia
2196 3908 2334 3991 ipse
2380 3904 2673 3990 desperat

290 4012 426 4078 fieri
471 4033 674 4098 posse.
812 4011 911 4076 IP
948 4015 1132 4078 iuxta
1173 4015 1389 4098 posuit
1427 4034 1618 4077 suum
1660 4012 1787 4090 (3):
1830 4012 2022 4078 verba
2062 4016 2213 4075 sunt
2248 4010 2639 4096 desperantis
2652 4032 2669 4091 ;

291 4140 416 4184 non
465 4118 800 4196 „firmare”
852 4119 961 4183 sed
1010 4117 1428 4196 „obfirmare”
1460 4118 1530 4197 ¹),
1576 4139 1703 4211 non
1760 4118 1975 4205 „pati”
2025 4117 2132 4183 sed
2184 4118 2536 4203 „perpeti''.

382 4224 612 4290 Sabb.
663 4223 829 4289 male
876 4226 1246 4309 proscripsit
1293 4222 1388 4303 (2)
1435 4245 1558 4289 non
1607 4222 1727 4303 (3).

367 4453 422 4517 1)
456 4452 526 4501 De
560 4450 650 4501 hoc
683 4450 826 4501 verbo
859 4450 968 4500 vide
1001 4452 1160 4500 adnot.
1196 4449 1422 4500 Fabiae
1458 4450 1517 4499 ad
1552 4450 1599 4499 h.
1622 4450 1653 4499 l.
