3246 5085
620 317 710 384 68
1474 336 1734 385 mancus
1779 336 2155 386 ine-romnus.

707 497 814 564 IV.
866 495 926 564 3.
991 505 1260 579 συνεχῶς
1323 495 1418 564 οὖν
1483 497 1642 563 δίδου
1704 500 1942 577 σεαυτῷ
2005 497 2241 572 ταύτην
2300 500 2409 572 τὴν
2454 499 2840 579 ἀναχώρησιν
2888 497 3011 562 καὶ

615 604 867 668 ἀνανέου
914 603 1208 668 σεαυτόν·
1257 603 1516 685 βραχέα
1563 603 1627 668 δὲ
1676 603 1830 667 ἔστω
1880 605 1982 668 καὶ
2032 605 2425 683 στοιχειώδη,
2476 596 2521 670 ἃ
2568 603 2743 676 εὐθὺς
2792 604 3015 668 ἀπαν-

615 710 896 783 τήσαντα
969 707 1208 788 ἀρκέσει
1271 710 1358 780 εἷς
1420 709 1489 772 τὸ
1553 713 1770 773 πᾶσαν
1833 710 2029 783 αὐλὴν
2090 710 2461 774 ἀποκλεῖσαι
2528 709 2655 774 κτὲ.
2727 709 3011 774 Locutio

616 835 891 891 „renova
951 814 1082 892 te'',
1141 816 1264 879 etsi
1321 812 1478 878 alias
1541 814 1711 900 apud
1772 821 2065 880 nostrum
2123 835 2247 880 non
2297 815 2520 892 obvia,
2570 815 2834 880 fortasse
2878 835 3012 900 per

593 941 680 986 -se
727 919 1193 1006 quodammodo
1239 920 1390 984 ferri
1437 925 1676 1006 potest3
1744 926 1957 985 tamen
2005 919 2215 986 multo
2258 923 2627 987 concinnius
2671 927 2737 986 et
2779 923 3013 1007 aptius

609 1027 714 1092 hic
753 1026 829 1092 de
865 1028 1275 1092 renovatione
1313 1025 1693 1112 dogmatum
1734 1029 2119 1113 cogitaveris
2136 1074 2152 1104 ,
2194 1026 2363 1112 quod
2401 1026 2558 1092 alibi
2582 1025 3011 1106 ἀναζωπυρεῖν

607 1135 1004 1218 nuncupavit
1063 1132 1447 1197 Antoninus.
1519 1131 1744 1216 Itaque
1790 1130 1995 1198 'lectio
2057 1129 2165 1197 vel
2227 1131 2584 1198 emendatio
2604 1180 2620 1209 ,
2686 1152 2879 1216 quam
2930 1130 2998 1195 D

606 1239 896 1317 exhibet,
945 1236 1197 1302 ἀνανέου
1245 1239 1392 1317 πρὸς
1429 1237 1689 1302 σεαυτόν
1727 1239 1905 1302 omni
1944 1236 2445 1304 consideratione
2485 1237 2681 1323 digna
2713 1237 3003 1314 videtur,

602 1346 982 1430 praesertim
1040 1364 1190 1408 cum
1254 1363 1404 1408 mox
1465 1345 1557 1407 sic
1603 1349 1832 1429 pergat
1876 1347 2133 1408 auctor:
2183 1344 2358 1408 ἀλλὰ
2400 1351 2529 1414 τοῖς
2576 1344 2643 1408 ἐκ
2682 1349 2797 1406 τῶν
2837 1339 3001 1406 ὅλων

606 1448 1078 1525 ἀπονεμομένοις
1136 1446 1588 1527 δυσχεραίνεις;
1650 1447 2150 1522 ἀνανεωσάμενος
2203 1449 2273 1513 τὸ
2326 1446 2747 1527 διεζευγμένον
2808 1448 2995 1512 κ.τ.ἑ.

599 1552 673 1618 In
744 1553 978 1638 quibus
1050 1537 1266 1619 verbis
1331 1551 1730 1634 δυσχερανεῒς
1794 1552 2199 1618 scribendum
2255 1558 2375 1630 est,
2440 1551 2991 1638 quemadmodum

598 1656 814 1723 Corais
851 1660 918 1722 in
958 1657 1170 1724 verbis
1203 1661 1491 1742 proxime
1526 1657 2047 1723 antecedentibus
2072 1663 2327 1744 tempus
2351 1658 2647 1723 futurum
2670 1659 2990 1722 restituit.

695 1873 855 1939 Ibid.
908 1872 1012 1939 17.
1065 1877 1150 1949 μη
1199 1876 1274 1944 ὥς
1322 1877 1509 1954 μύρια
1559 1874 1806 1950 μέλλων
1855 1874 1958 1949 ἔτη
2010 1874 2135 1955 ζῆν.
2184 1873 2377 1939 Recte
2424 1879 2490 1938 et
2537 1873 2788 1938 fortiter
2826 1873 2989 1938 haec

605 1982 696 2046 sic
741 1979 910 2045 nude
957 1979 1324 2056 efferuntur,
1371 1999 1574 2064 neque
1619 1983 1717 2045 est
1762 2000 1875 2044 cur
1910 1978 2207 2044 lacunam
2246 1980 2587 2063 suspiceris
2622 1985 2687 2042 et
2726 1977 2989 2064 explere

606 2091 831 2151 tenteS.
879 2083 1098 2150 Simili
1133 2084 1321 2150 modo
1362 2105 1512 2150 mox
1549 2106 1600 2149 c.
1645 2084 1732 2149 50
1780 2087 1988 2164 μικρόν
2027 2085 2156 2148 ἐστι
2194 2084 2263 2147 τὸ
2304 2085 2623 2160 διάστημα
2665 2078 2991 2148 καὶτοῦτο

605 2191 682 2256 δι’
737 2189 885 2254 ὅσων
949 2193 1050 2254 καὶ
1092 2193 1226 2266 μεθ’
1275 2189 1404 2255 οἴων
1453 2189 1930 2266 ἐξαντλούμενον
1977 2191 2080 2254 καὶ
2132 2192 2191 2253 ἐν
2238 2186 2333 2268 οἵῳ
2382 2186 2711 2268 σωματίῳί
2757 2193 2845 2265 μη
2886 2184 2993 2253 οὖν

605 2299 683 2366 ὥς
731 2300 1026 2374 πρᾶγμα,
1075 2317 1269 2381 quem
1312 2295 1529 2362 locum
1571 2295 1811 2361 frustra
1854 2295 2152 2382 supplere
2200 2294 2410 2361 voluit
2455 2295 2707 2362 Reiske.

643 2560 656 2573 ,
695 2509 856 2577 Ibid.
907 2511 1014 2577 49.
1077 2512 1344 2593 εὐτυχὴς
1414 2513 1573 2590 ἐγώ,
1636 2507 1727 2577 ὅτι
1790 2512 2004 2578 τούτου
2066 2536 2167 2589 μοι
2216 2511 2695 2590 συμβεβηκότος
2740 2509 2989 2585 ἄλυπος

605 2617 908 2695 διατελῶ,
971 2616 1108 2682 οὔτε
1174 2619 1288 2682 ὑπὸ
1352 2622 1456 2682 τοῦ
1518 2619 1812 2696 παρόντος
1873 2618 2268 2697 θραυόμενος,
2330 2618 2470 2683 οὔτε
2534 2617 2603 2682 τὸ
2654 2619 2819 2683 ε’πιὸν
2866 2628 2989 2699 φο-

601 2721 919 2799 βούμενος.
984 2720 1150 2789 Gnm
1210 2726 1476 2809 optimis
1527 2722 1706 2789 codd.
1754 2724 1809 2788 P
1825 2725 1884 2789 A
1928 2725 2044 2788 ὑπὸ
2093 2723 2387 2801 παρόντος
2435 2724 2791 2805 θραυόμενος
2839 2724 2989 2789 οὔτε

602 2829 766 2892 ἐπιὸν
811 2834 886 2909 Φ.
933 2827 1280 2915 legendum
1327 2829 1607 2895 videtur.

690 3045 850 3110 Ibid.
895 3046 1050 3111 ibid.
1101 3044 1337 3125 τᾶλλα,
1387 3044 1462 3110 ὧν
1511 3046 1837 3126 παρόντων.
1887 3046 2015 3112 ΡΑ
2060 3047 2497 3126 συμπαρόντων
2546 3048 2873 3135 eleganter
2918 3056 2987 3115 et

599 3170 678 3215 ex
722 3172 900 3216 more
945 3154 1146 3216 nostri
1165 3199 1181 3228 ,
1229 3153 1340 3236 qui
1386 3151 1933 3237 multicomposita
1969 3154 2037 3217 in
2075 3152 2316 3219 deliciis
2356 3156 2568 3219 habet.
2609 3154 2709 3220 Ad
2749 3176 2976 3220 vocem

598 3256 704 3321 σύν
751 3258 820 3320 in
866 3255 1040 3323 codd.
1089 3258 1396 3321 omissam
1441 3258 1517 3321 cf.
1568 3255 1705 3322 VII.
1766 3256 1847 3322 18
1894 3263 1959 3323 et
2007 3258 2116 3323 22.

687 3456 760 3522 V.
811 3456 874 3523 8.
945 3460 1020 3528 ὥς
1087 3458 1191 3522 καὶ
1255 3458 1392 3529 τοὺς
1458 3445 1877 3539 τετραγώνους
1939 3462 2133 3531 λίθους
2198 3462 2257 3523 ἐν
2320 3470 2445 3532 τοῖς
2502 3462 2779 3543 τείχεσιν
2828 3462 2863 3537 ἢ
2912 3464 2977 3526 ἐν

594 3572 736 3632 ταῖς
785 3564 1082 3642 πυραμίσι
1134 3563 1504 3640 συμβαίνειν
1551 3564 1803 3641 λέγουσι
1851 3566 2325 3649 συναρμόζοντες
2369 3569 2665 3641 αλλήλοις
2707 3578 2784 3647 τῇ
2818 3576 2971 3652 ποιᾷ

587 3666 877 3734 συνθέσει.
942 3667 1140 3733 Nullo
1201 3668 1390 3734 modo
1451 3670 1604 3736 haec
1664 3671 1813 3735 ferri
1873 3679 2170 3758 possunt,
2227 3675 2353 3738 nisi
2398 3680 2649 3760 recepta
2691 3672 2965 3741 lectione

591 3773 773 3839 codd.
820 3774 946 3839 PA
993 3774 1507 3856 συναρμόζοντας.

679 3975 837 4040 Ibid.
891 3976 995 4042 10.
1064 4012 1149 4025 -·
1211 3979 1381 4042 αὐτοὶ
1447 3980 1530 4041 τὰ
1597 3980 1968 4054 ὑποκείμενα
2017 3982 2095 4050 ὥς
2142 3978 2517 4059 όλιγόχρονα
2566 3981 2667 4043 καὶ
2722 3983 2973 4055 εὐτελῆ.

587 4078 836 4145 Scribas
883 4081 1296 4161 ὀλιγοχρόνια,
1345 4090 1418 4147 ut
1463 4090 1772 4169 perpet-uo
1812 4088 2043 4162 noster,
2092 4091 2159 4150 et
2206 4085 2388 4161 απαξ
2424 4084 2589 4150 illud
2631 4086 2973 4161 λεγόμενον

587 4186 971 4263 δλιγόχρονος
1017 4189 1086 4251 in
1130 4185 1354 4253 lexicis
1400 4188 1629 4254 deleas.
1681 4188 1879 4255 Oodd.
1929 4192 1997 4252 in
2036 4189 2271 4255 talibus
2315 4193 2563 4257 variare
2608 4190 2835 4269 solent,
2882 4192 2967 4257 cf.

589 4291 907 4371 ἐλευθέριος
970 4314 1083 4378 pro
1147 4294 1446 4372 ἐλεύθερος
1515 4294 1565 4359 Ι.
1634 4293 1736 4370 15,
1786 4293 1954 4359 VIII.
2005 4294 2073 4372 13
2133 4318 2317 4381 porro
2364 4297 2414 4372 I,
2470 4294 2549 4360 15
2601 4302 2666 4361 et
2711 4295 2819 4361 VI.
2872 4296 2963 4361 30

586 4396 718 4461 cod.
767 4398 824 4460 A
869 4402 1154 4477 μείλιχος
1205 4422 1318 4485 pro
1367 4403 1675 4479 μειλίχιος
1726 4400 2018 4478 exhibet,
2068 4405 2275 4467 nescio
2322 4424 2403 4466 an
2451 4409 2639 4467 recte.
