3246 5085
623 325 759 394 334
1637 335 1995 393 mosomus.

716 511 871 599 Gap.
920 508 1201 578 XXVIII
1246 511 1371 597 §4.
1436 510 1534 576 ἐπὶ
1600 510 1662 576 δὲ
1711 513 2134 576 ’Ῑουστινιανοῦ
2181 509 2622 590 βασιλεύοντος
2671 509 2700 576 ὃ
2751 511 3006 593 Πρίσκος

623 620 1153 701 διερευνησάμενος
1217 617 1452 690 πόλεως
1501 624 1611 692 τῆς
1658 615 1974 698 εἰρημένης
2022 617 2142 690 τὰς
2190 615 2383 689 οἰκίας
2435 619 2688 696 πασας,
2737 617 2800 684 εἷ
2841 643 3004 694 τινας

626 724 758 808 εὗρέ
818 752 901 792 τε
966 727 1291 808 πλούτῳ
1356 723 1760 806 ἀκμάζοντας
1810 723 2096 805 καὶπρὸς
2143 723 2374 806 ζημίαν
2416 725 2760 807 χρημάτων
2809 728 3010 806 μεγά-

626 849 745 900 λων
795 832 1045 913 διαρκῶς
1097 830 1401 913 ἔχοντας,
1451 832 1679 897 τούτων
1727 830 1855 896 κτὲ.

714 938 1313 1027 Transponendum:
1366 934 1496 1017 εὗρε
1546 937 1873 1019 πλούτῳ
1920 961 2006 1002 τε
2055 938 2182 1004 κτὲ.

716 1157 867 1247 Cap.
917 1157 1112 1224 XXX
1156 1157 1327 1245 524.
1392 1161 1668 1240 πρᾶγμα
1717 1159 2017 1224 πώποτ’
2065 1158 2146 1224 οὐ
2196 1157 2454 1237 γεγονὸς
2503 1157 2570 1221 ἐκ
2620 1161 2730 1223 τοῦ
2779 1159 3006 1232 παντὸς

623 1268 864 1348 χρόνον.

711 1372 1061 1441 Insolenter
1122 1373 1213 1438 sic
1276 1373 1508 1458 optimi
1568 1370 1723 1438 libri
1787 1392 1901 1458 pro
1962 1394 1991 1437 o
2012 1373 2044 1438 ὖ
2109 1373 2461 1450 πώποτε,
2517 1371 2687 1458 quod
2750 1372 3010 1438 exhibet

621 1481 761 1548 cod.
821 1482 1192 1548 chartaceus
1246 1478 1589 1544 Vaticanus
1660 1477 1763 1558 16,
1827 1479 1903 1544 de
1962 1500 2088 1565 quo
2134 1477 2262 1545 vid.
2313 1476 2567 1565 Proleg.
2615 1500 2685 1564 p.
2739 1497 2858 1544 ΧΠ
2893 1500 3008 1564 sq„

622 1609 701 1654 ex
748 1590 1145 1664 coniectura,
1196 1590 1272 1651 ut
1315 1585 1593 1666 videtur,
1642 1606 1757 1652 nec
1801 1585 2066 1659 fortasse
2113 1587 2478 1653 necessaria.
2529 1583 2628 1652 Cf.
2679 1587 2790 1651 Ar.
2818 1585 3004 1672 Vesp-

628 1694 802 1761 1188
852 1695 973 1773 ἐγὼ
1022 1692 1085 1758 δὲ
1135 1693 1477 1773 τεθεώρηκα
1526 1693 1827 1759 πώποτ’
1874 1694 2244 1771 οὐδαμοῖ.

1523 1838 1548 1911 (
1559 1829 2120 1914 Continuabuntur).

1305 2287 1392 2334 AD
1442 2285 1662 2336 senon.
1713 2286 1918 2336 Aruer.
1970 2285 2118 2335 BAN.
2171 2269 2325 2336 501.

715 2483 1058 2566 Quaeritur
1115 2484 1182 2549 in
1244 2482 1536 2562 scholiis,
1602 2485 1747 2571 quis
1809 2505 1923 2550 cur
1966 2484 2044 2551 ab
2092 2484 2519 2572 Aristophane
2566 2484 2817 2551 dicatur
2867 2482 2896 2548 ὅ
2945 2483 3010 2547 ἐκ

624 2594 910 2667 Μελίτης
978 2592 1353 2669 μαστιγίας.
1435 2590 1565 2656 Alii
1637 2594 2050 2677 grammatici
2117 2592 2439 2657 Hercule-m
2508 2590 3007 2678 intellegebant,

624 2700 796 2765 hunc
857 2701 1030 2765 enim
1089 2702 1155 2764 in
1216 2701 1361 2765 vico
1425 2699 1667 2764 urbano
1728 2698 1960 2764 Melite
2024 2702 2236 2785 parvis
2297 2702 2627 2787 mysteriis
2675 2698 2832 2765 olim
2881 2719 3011 2763 esse

620 2809 988 2885 initiatum,
1048 2813 1110 2872 et
1159 2804 1314 2872 belli
1356 2807 1546 2870 initio
1592 2810 1770 2892 peste
1817 2808 2140 2872 saeviente
2183 2804 2321 2871 illic
2367 2810 2427 2872 ei
2473 2805 2830 2872 dedicatam
2881 2825 3014 2869 esse

622 2916 1001 2999 imaginem.
1063 2912 1197 2979 Alii
1265 2910 1523 2976 Calliam
1583 2911 1933 2998 significari
1991 2913 2408 2998 perhibebant
2425 2934 2442 2993 ;
2503 2913 2738 2999 quibus
2785 2914 2904 2999 qui
2948 2914 3014 2976 in

622 3020 881 3087 scholiis
928 3018 1357 3105 adstipulatur
1402 3024 1541 3104 post
1589 3017 1718 3084 alia
1765 3018 1921 3085 haec
1968 3018 2146 3084 addit
2192 3019 2387 3085 verba
2433 3018 2705 3086 ultima:

721 3133 889 3206 »πῶς
953 3126 1014 3191 δὲ
1077 3126 1178 3191 καὶ
1247 3124 1656 3206 παλαιότερον
1716 3120 1870 3189 εἶναι
1935 3124 2280 3205 Ἀριστοφοέ
2343 3125 2414 3190 τὸ
2469 3124 2752 3204 ἄγαλμα
2799 3122 3012 3201 ἀκμά-

624 3236 824 3315 ζοντος
888 3236 996 3297 τοῦ
1059 3236 1271 3309 λοιμοῦ
1320 3232 1552 3312 {apuam
1613 3231 1837 3312 σχεδὸν
1885 3231 2011 3310 γὰρ
2063 3233 2452 3312 μειρακίσκος
2499 3232 2607 3307 ἤδη
2655 3231 2732 3296 ὧν
2782 3228 3012 3305 ἥπτετο

625 3346 742 3404 τῶν
789 3338 1107 3416 ἄγώνων.”

715 3444 879 3510 Dedi
925 3446 1121 3511 verba
1162 3449 1377 3531 aperte
1423 3449 1758 3530 corrupta,
1806 3466 1967 3531 quae
2013 3447 2275 3531 praebet
2319 3446 2518 3512 codex
2561 3442 2638 3524 V,
2699 3443 3008 3532 neglectis

622 3554 850 3619 ceteris
893 3552 1217 3618 codicibus
1264 3557 1330 3617 et
1375 3551 1782 3639 editionibus.
1833 3550 2137 3639 Intellegi
2180 3558 2399 3619 autem
2438 3559 2512 3619 ut
2551 3554 2706 3619 haec
2742 3554 3007 3639 possint,

624 3662 714 3726 sic
759 3659 1058 3726 videntur
1103 3657 1514 3745 corrigenda:

716 3773 843 3839 πῶς
904 3765 969 3831 δὲ
1030 3764 1133 3829 καὶ
1198 3764 1606 3844 παλαιότερον
1669 3759 1899 3830 εἶπεν
1947 3764 2440 3848 Ἀριστοφάνης
2492 3763 2812 3845 ἄγαλμα,
2877 3760 3002 3849 (ὃ)
3071 3802 3092 3821 ·

623 3872 1001 3953 ἀκμάζοντος
1070 3876 1179 3937 τοῦ
1242 3875 1457 3948 λοιμοῦ
1520 3870 1753 3952 ἱδρύθης
1833 3871 2058 3953 σχεδὸν
2122 3874 2246 3953 γὰρ
2309 3873 2698 3953 μειρακίσκος
2765 3872 2870 3947 ἤδη
2937 3872 3012 3935 ὧν

626 3978 855 4056 ἥπτετο
907 3974 1146 4068 (τότε)
1200 3986 1314 4043 τῶν
1377 3979 1647 4056 ἀγώνων.
1710 3976 1783 4042 Id
1830 3983 1960 4043 est:
2018 3980 2135 4042 Cur
2173 3987 2366 4044 autem
2393 3987 2578 4062 poeta
2617 3977 3007 4064 antiquiorem

622 4086 796 4150 illam
854 4085 1202 4165 imayinem,
1266 4108 1419 4171 quae
1478 4107 1636 4149 anno
1683 4091 1756 4157 ss
1783 4083 1936 4162 429,
1986 4092 2108 4148 tum
2154 4108 2281 4149 cum
2332 4086 2461 4168 ipse
2521 4088 2832 4150 adnodmn
2875 4090 3008 4147 erat

621 4192 873 4277 iuveniat,
923 4196 1013 4256 est
1057 4191 1355 4272 dedicata,
1404 4192 1471 4257 in
1519 4192 1718 4257 Ranis
1764 4192 2292 4257 commemoraverit
2337 4216 2494 4258 anno
2543 4192 2716 4258 405.ρ

2737 4316 2801 4365 v.
2853 4300 2922 4366 L.
