3246 5085
651 324 779 395 172
1673 338 2049 389 purorum.

631 510 1026 595 philosophia
1089 510 1373 574 sentiunt.
1439 507 1822 575 Emendatio
1885 506 2215 572 lenissima
2266 514 2362 573 est
2409 512 2475 573 et
2521 508 2692 593 quod
2739 510 3059 594 rescripsi

642 617 781 683 loco
830 618 1118 703 apprime
1164 618 1500 694 convenit,
1549 615 1629 680 cf.
1679 611 1886 681 2020
1932 618 1999 679 et
2045 613 2219 679 alibi.

734 832 937 919 Saepe
984 832 1207 896 mirari
1253 830 1427 896 subit
1472 832 1540 895 in
1588 828 1988 896 excutiendis
2037 832 2332 896 veterum
2379 833 2855 896 commentariis
2891 851 3064 917 qua-

640 940 733 1006 les
780 939 1048 1006 lectores
1094 936 1283 1004 Plato
1331 935 1488 1003 olim
1536 936 1708 1022 apud
1755 934 2106 1003 Graeculos
2153 943 2378 1002 nactus
2423 938 2528 1002 sit.
2578 936 3060 1003 Adnotationes

642 1052 709 1112 et
755 1044 1213 1132 explicationes
1258 1065 1384 1109 non
1434 1050 1690 1123 tantum
1739 1064 1924 1129 saepe
1963 1045 2178 1129 pueris
2218 1042 2728 1119 balbutientibus
2762 1044 3058 1131 scriptae

642 1174 777 1219 esse
838 1151 1161 1229 videntur,
1225 1150 1332 1215 sed
1394 1150 1762 1235 frequenter
1821 1152 2022 1215 etiam
2083 1170 2120 1214 a
2167 1151 2384 1235 pueris
2427 1151 2635 1235 iisque
2684 1150 3055 1230 ὑπομώροις.

643 1258 861 1326 Veluti
910 1258 1079 1344 quod
1126 1256 1313 1324 Plato
1360 1256 1515 1322 dicit
1559 1260 1629 1322 in
1678 1258 1886 1322 causis
1925 1255 2226 1344 agendis:
2273 1247 2576 1334 ἀνάγκην
2601 1254 2761 1337 ἔχων
2803 1256 2830 1320 δ
2869 1256 3063 1322 ἐντί-

644 1365 800 1437 διιιος
869 1365 1173 1446 ἐφέςηκε,
1236 1386 1299 1449 p.
1373 1360 1610 1441 172E,
1681 1363 1799 1429 hoc
1862 1384 1988 1429 non
2054 1361 2402 1428 admodum
2463 1361 2718 1428 difficile
2781 1362 3061 1428 videtur

644 1472 1015 1551 intellectu,
1079 1472 1230 1558 quia
1294 1468 1441 1550 ὕδωρ
1504 1468 1628 1551 ῥέον
1700 1475 2016 1535 oratorem
2081 1469 2472 1545 κατεπείγει.
2535 1468 2772 1535 Pollux
2819 1476 3058 1535 tamen

643 1602 769 1646 non
838 1584 1167 1646 assecutus
1236 1581 1368 1657 est,
1441 1597 1589 1642 cum
1655 1576 1913 1642 scribit:
1979 1574 2111 1641 ἔνιοι
2184 1575 2246 1641 δὲ
2306 1573 2532 1641 οἴονται
2599 1575 2704 1641 καὶ
2753 1577 3057 1653 ἀνάγκην

642 1689 855 1756 σκεῦος
918 1680 1071 1748 εἶναι
1136 1681 1781 1751 31xamdv.E1-roris
1841 1683 2159 1769 originem
2221 1681 2463 1747 indicat
2523 1681 2593 1747 id
2652 1681 2820 1769 quod
2867 1683 3054 1768 apud

642 1791 1049 1878 Hesychium
1101 1795 1165 1855 et
1211 1789 1383 1876 apud
1428 1789 1744 1854 Photium
1791 1791 1861 1854 in
1905 1809 2076 1854 novo
2121 1787 2314 1855 lexici
2353 1788 2718 1919 fragmento
2756 1789 3052 1876 legitur:

646 1897 931 1976 άνάγκη·
976 1901 1009 1973 η
1053 1895 1335 1972 {exacuo}
1377 1896 1718 1977 κλεψύδρα.

741 2111 885 2178 Duo
950 2110 1261 2178 vocabula
1322 2110 1631 2177 excidisse
1693 2110 1995 2177 videntur
2055 2112 2123 2175 in
2186 2110 2358 2177 hisce
2424 2134 2484 2197 p.
2542 2108 2776 2178 173D:
2842 2110 2909 2176 τί
2959 2136 3048 2193 τῳ

656 2220 843 2284 κακόν
892 2218 1013 2287 ε’ςιν
1062 2219 1130 2283 ἐκ
1180 2219 1482 2298 προγόνων
1530 2216 1790 2295 γεγονὸς
1839 2218 1872 2292 ἢ
1923 2218 2066 2297 πρὸς
2108 2216 2330 2295 ἀνδρῶν
2372 2217 2405 2292 ἢ
2447 2224 2753 2296 γυναικῶν
2791 2226 3050 2294 μᾶλλον

652 2326 838 2391 αὐτὸν
885 2326 1137 2401 λέληθεν
1188 2327 1219 2401 ἢ
1264 2325 1315 2390 οἱ
1366 2332 1474 2397 τῆς
1524 2324 1845 2398 θαλάττης
1894 2323 2218 2403 λεγόμενοι
2265 2326 2436 2406 χόες.
2485 2325 2582 2391 Ex
2630 2347 2756 2412 quo
2803 2324 3050 2412 Apollo

653 2432 973 2498 edixerat:
1037 2426 1176 2496 οἷδοι
1240 2430 1291 2495 δ’
1342 2431 1465 2508 ἐγὼ
1528 2430 1806 2512 ψάμμου
1868 2434 1927 2493 τ’
1971 2430 2222 2511 άριθμὸν
2270 2434 2374 2495 καὶ
2424 2432 2623 2510 μέτρα
2677 2430 3047 2510 θαλάσσης,

646 2538 1071 2626 pervulgatus
1136 2544 1272 2605 erat
1333 2537 1503 2625 apud
1565 2535 1844 2605 Graecos
1905 2540 2118 2617 iocus,
2179 2540 2291 2624 qui
2336 2537 2468 2605 fere
2510 2542 2580 2605 in
2625 2539 3050 2625 proverbium

647 2647 920 2723 abierat,
992 2666 1117 2731 quo
1179 2645 1498 2722 siderum,
1560 2644 1918 2723 fluctuum,
1983 2665 2240 2724 arenae,
2307 2643 2626 2710 similium
2690 2667 3048 2711 numerum

644 2755 808 2819 inire
871 2752 1262 2821 dicebantur.
1326 2755 1438 2838 qui
1486 2754 1674 2818 vanis
1720 2753 1909 2816 rebus
1953 2753 2188 2816 intenti
2236 2757 2451 2830 erant,
2501 2773 2660 2837 quas
2703 2755 2900 2818 ceteri
2948 2755 3052 2817 in-

646 2862 854 2925 veniri
898 2880 1079 2946 posse
1122 2859 1559 2944 desperabant.
1607 2857 1780 2923 Hinc
1818 2857 1991 2944 apud
2030 2858 2381 2924 Aristidem
2421 2865 2520 2924 est
2555 2879 2630 2924 eo
2667 2857 2805 2924 loco
2845 2881 3047 2946 quem

642 2965 1111 3033 Stallbaumius
1167 2963 1497 3031 laudavit:
1564 2966 1634 3029 τὸ
1698 2965 1906 3043 λέγειν
1968 2987 2027 3029 τι
2092 2965 2224 3043 περὶ
2276 2965 2502 3030 τούτων
2549 2965 2654 3030 κά)
2709 2965 3046 3045 ἐγχειρεῖν,

644 3070 843 3152 ὥσπερ
901 3071 976 3136 ἂν
1039 3071 1095 3136 εἴ
1156 3095 1247 3143 τις
1296 3070 1749 3152 ἐξαριθμεῖσθαι
1796 3068 2084 3147 βούλοιτο
2133 3070 2275 3142 τοὺς
2320 3071 2484 3150 χόας
2533 3077 2642 3144 τῆς
2694 3072 3046 3144 θαλάττης.

641 3179 785 3264 Ipse
826 3177 1013 3245 Plato
1052 3181 1119 3244 in
1159 3177 1576 3263 Euthydemo
1614 3199 1678 3262 p.
1722 3174 1926 3244 294ss
1967 3177 2119 3241 facit
2156 3175 2486 3242 Socratem
2518 3175 3044 3264 Dionysodorum

643 3290 980 3371 rogantem
1027 3306 1185 3349 num
1230 3284 1396 3349 forte
1440 3287 1640 3350 etiam
1689 3286 1847 3349 sciat
1893 3284 1976 3347 τὰ
2020 3287 2315 3362 τοιαῦτα,
2355 3282 2494 3356 τοὺς
2545 3283 2774 3363 ἆςέροις
2829 3285 3044 3350 ὀπόσοι

644 3390 796 3470 εἶσί,
846 3392 951 3455 καὶ
1004 3391 1112 3464 τὴν
1156 3387 1388 3466 ἄμμον.
1429 3390 1871 3476 Interrogatus
1907 3393 1975 3455 in
2015 3391 2314 3456 convivio
2355 3396 2514 3476 quot
2551 3397 2760 3456 essent
2799 3390 3043 3470 sidera,

645 3517 794 3562 nam
844 3495 1073 3563 Graeci
1117 3495 1180 3560 id
1231 3499 1519 3562 iocorum
1566 3517 1776 3582 genus
1823 3495 2110 3562 multum
2157 3497 2494 3576 amabant,
2543 3518 2669 3583 (1110
2716 3500 2860 3583 quis
2900 3505 3046 3564 erat

646 3605 936 3680 dicacior,
978 3625 1053 3669 eo
1091 3603 1321 3669 salsius
1345 3603 1694 3689 putabatur
1719 3602 2135 3688 respondisse.
2177 3603 2462 3690 Respicit
2485 3603 2763 3670 eundem
2787 3625 3046 3670 morem

646 3708 1068 3797 philosophus
1136 3715 1351 3774 nostro
1421 3706 1598 3786 loco,
1671 3707 1784 3774 sed
1851 3710 2058 3774 insere
2122 3713 2374 3785 μᾶλλον
2436 3711 2622 3774 αὐτὸν
2681 3708 2936 3783 λέληθεν
3005 3711 3042 3785 ἢ

644 3819 933 3897 (πόσοι)
1002 3817 1053 3881 οἱ
1124 3822 1232 3888 τῆς
1308 3817 1628 3889 θαλάττης
1695 3814 2023 3892 λεγόμενοι
2087 3815 2255 3894 χόες.
2337 3815 2506 3882 mud
2551 3815 2723 3882 πόσοι
2775 3816 3046 3904 quidem

642 3921 824 3989 nullo
886 3921 1075 3989 modo
1138 3922 1305 3987 mihi
1368 3920 1626 3987 videtur
1673 3925 1888 3988 omitti
1928 3943 2131 4008 posse.
2180 3921 2478 3988 Alterum
2525 3923 2696 4008 quod
2743 3921 3048 4009 displicet

643 4033 740 4094 est
780 4032 845 4093 in
890 4029 1103 4094 verbis
1150 4027 1293 4108 πρὸς
1344 4027 1565 4105 ἀνδρῶν
1614 4028 1648 4102 ἢ
1698 4034 2035 4105 γυναικῶν·
2087 4032 2201 4092 aut
2248 4027 2436 4094 fallor
2481 4034 2597 4096 aut
2644 4027 3044 4096 Graecorum

642 4136 904 4200 auribus
952 4135 1079 4200 hoc
1120 4133 1467 4200 absurdum
1519 4134 1746 4200 debuit
1792 4134 2031 4206 videri,
2079 4155 2232 4200 nam
2279 4136 2369 4200 sic
2414 4135 2662 4201 dictum
2709 4141 2806 4202 est
2852 4140 3043 4220 quasi

641 4263 985 4329 perparum
1032 4239 1276 4306 differat
1324 4246 1547 4306 utrum
1596 4239 1836 4305 mulier
1881 4260 1960 4305 an
2010 4243 2111 4306 vir
2155 4243 2264 4306 sis.
2314 4240 2402 4304 At
2447 4240 2806 4326 plurimum
2847 4243 3049 4308 inter-

641 4355 778 4415 erat
826 4352 1049 4413 utrum
1098 4346 1426 4432 piaculum
1477 4367 1514 4411 a
1560 4353 1824 4432 paterno
1873 4368 1951 4412 an
1999 4367 2036 4412 a
2083 4353 2372 4413 materno
2417 4369 2654 4434 genere
2699 4350 2882 4434 quasi
2927 4368 3047 4433 per

641 4476 872 4522 manus
936 4461 1103 4520 esset
1166 4453 1501 4519 traditum.
1566 4453 1826 4519 Scilicet
1868 4452 2338 4519 Stallbaumius
2385 4455 2650 4521 fortasse
2695 4475 2820 4520 non
2867 4457 3044 4542 cogi-
