3246 5085
1148 350 1620 401 muonoaus.
2439 335 2568 402 129

235 520 538 607 fragmenti
598 517 849 604 legitur
906 518 1081 583 hicce
1140 538 1365 584 versus
1384 565 1399 594 ‚
1464 519 1577 601 qui
1637 516 1898 601 quidem
1961 515 2142 582 nullo
2187 517 2378 584 modo
2423 538 2574 585 cum

236 624 718 712 praecedentibus
762 623 1091 689 cohaeret:

552 730 881 810 ἀργαλέων
928 731 1138 793 ὀδυνῶν
1189 726 1335 799 ἄκος
1385 726 1652 804 ἔμμεναι
1702 728 2110 807 ἀνθρώποισιν.
2637 809 2652 823 α

238 838 368 916 Quid
408 836 599 901 verba
645 838 772 901 ista
818 836 942 899 sibi
982 834 1188 900 velint
1230 855 1420 900 nemo
1467 832 1638 919 quod
1683 835 1883 899 sciam
1929 833 2347 921 probabiliter
2385 835 2584 922 expli-

238 947 389 1009 cavit.
446 942 613 1007 Nam
684 962 845 1027 quae
904 962 1108 1028 nuper
1167 938 1529 1026 Wagnerus
1582 947 1989 1005 commentus
2035 947 2132 1005 est
2179 962 2252 1005 ea
2295 939 2583 1007 refellere

241 1053 329 1113 vix
378 1070 533 1133 opus
596 1054 715 1113 est.
779 1046 947 1113 Cum
1006 1049 1179 1112 enim
1238 1049 1305 1111 in
1370 1046 1492 1110 fine
1540 1045 1684 1130 §31
1737 1045 1813 1110 de
1862 1044 2136 1112 Chirone
2181 1067 2392 1112 sermo
2436 1046 2584 1125 fiat,

241 1158 327 1240 qui
364 1154 597 1217 canibus
642 1155 971 1219 Actaeonis
1008 1155 1344 1219 interitum
1389 1151 1635 1217 domini
1675 1155 1776 1217 sui
1812 1150 2192 1238 lugentibus
2231 1154 2586 1218 medicatus

240 1262 331 1337 sit,
370 1261 668 1344 opinatur
710 1257 1067 1344 Wagnerus
1114 1256 1507 1323 versiculum
1554 1260 1872 1343 pertinere
1919 1257 1998 1321 ad
2037 1278 2309 1337 venena,
2351 1260 2586 1344 quibus

240 1360 713 1451 sapientissimus
774 1386 966 1429 senex
1026 1384 1182 1428 usus
1242 1366 1345 1427 sit.
1409 1362 1606 1441 Quasi
1655 1364 1713 1427 in
1765 1383 1839 1428 eo
1885 1384 2010 1428 non
2058 1363 2290 1429 diserte
2336 1364 2412 1430 de
2459 1385 2592 1431 ωο-

239 1470 509 1536 dicamine
573 1470 912 1534 hominibus
956 1468 1272 1534 destinato
1319 1489 1527 1533 sermo
1576 1468 1773 1533 fieret.
1822 1468 2034 1533 Habet
2081 1476 2290 1534 tamen
2341 1491 2440 1535 res
2487 1490 2588 1534 ex-

238 1576 505 1660 plicatum
575 1574 989 1641 facillimum.
1058 1576 1356 1639 Primum
1422 1595 1655 1659 quaeso
1719 1575 2002 1640 conferas
2064 1574 2252 1641 hosce
2320 1574 2492 1641 locos
2551 1596 2587 1641 e

240 1685 399 1746 variis
440 1690 779 1767 poetarum
826 1682 1217 1746 carminibus
1264 1680 1714 1765 depromptos:

240 1786 363 1851 Eur.
406 1788 662 1865 Bacch„
712 1784 883 1852 279:

657 1892 913 1972 βότρυος
964 1890 1141 1975 ὑγρὸν
1191 1894 1355 1970 πῶμ’
1404 1887 1546 1971 ηὗρε
1592 1890 2040 1970 κείσηνέγκατο

660 2000 925 2076 θνητοῖς,
973 1993 1001 2063 ὃ
1050 1996 1233 2062 παύει
1284 1997 1427 2069 τοὺς
1473 2001 1898 2077 ταλαιπώρους
1950 1996 2204 2079 βροτοὺς

663 2104 859 2177 λύπης
916 2151 931 2169 .
960 2151 975 2169 .
1007 2150 1021 2167 .

245 2206 398 2285 Ibid.,
447 2206 612 2276 772:
664 2211 773 2283 τῆν
820 2209 1211 2274 παυσίλυπον
1258 2206 1543 2286 ἄμπελον
1590 2209 1794 2274 δοῦναι
1842 2208 2108 2289 βροτοῖς.

245 2314 634 2400 Astydamas,
682 2315 760 2380 fr.
814 2314 890 2380 6:
1303 2316 1560 2387 θνητοῖσι
1606 2317 1716 2391 τὴν
1765 2315 2108 2396 ἀκεσφόρον

662 2422 865 2495 λύπης
912 2419 1135 2501 ἔφηνεν
1182 2423 1510 2501 οἰνομήτορ’
1559 2418 1866 2499 ἄμπελον.

248 2523 409 2612 Orph.
455 2528 703 2614 hymn„
754 2526 961 2607 50,6:

661 2634 1036 2698 παυσίπονον
1084 2635 1341 2706 θνητοῖσι
1390 2633 1611 2714 Φανεὶς
1661 2631 1831 2705 ἄκος.

244 2734 409 2802 Hisce
451 2738 608 2805 locis
656 2740 954 2806 omnibus
998 2739 1227 2804 iisdem
1272 2738 1401 2805 fere
1448 2739 1660 2804 verbis
1707 2740 1966 2804 vineam
2013 2760 2049 2804 a
2097 2737 2342 2805 Baccho
2389 2739 2596 2805 homi-

246 2843 404 2908 nibus
462 2844 678 2911 datam
739 2867 873 2912 esse
934 2846 1356 2930 praedicatur,
1407 2866 1531 2930 qua
1577 2847 1780 2909 animi
1826 2844 2156 2911 molestiae
2203 2850 2270 2910 et
2313 2849 2596 2930 aegritu-

249 2945 359 3012 dini
411 2950 833 3016 mederentur.
883 2951 1021 3016 Iam
1067 2953 1484 3036 inspiciamus
1532 2971 1641 3028 ea,
1690 2970 1852 3037 quae
1898 2954 1968 3016 in
2013 2950 2399 3016 bibliotheca
2447 2957 2595 3036 post

248 3051 390 3118 hunc
432 3056 505 3121 de
552 3078 675 3142 quo
720 3041 977 3143 agimus
1021 3077 1281 3122 versum
1330 3058 1632 3122 continuo
1681 3062 2074 3140 sequuntur:
2673 3042 2678 3048 ¹

326 3161 595 3232 Διόνυσος
642 3162 707 3226 δὲ
755 3164 993 3242 εὑρετὴς
1045 3164 1335 3238 ἀμπέλου
1384 3163 1706 3240 γενόμενος
1752 3177 1915 3241 xm„

248 3267 433 3330 statim
500 3267 840 3354 intelleges
904 3267 1295 3334 versiculum
1370 3269 1814 3352 undecumque
1884 3266 2236 3333 delibatum
2299 3268 2381 3333 ad
2441 3268 2597 3333 haec

248 3371 411 3436 verba
464 3375 533 3437 in
594 3377 887 3460 marg-ine
947 3373 1156 3439 libelli
1214 3374 1607 3460 adscriptum
1657 3375 1855 3438 fuisse
1903 3373 1979 3438 ab
2025 3373 2275 3439 erudito
2321 3373 2597 3458 quodam

247 3472 466 3542 lectore.
530 3479 623 3544 Ex
686 3480 976 3546 eiusdem
1026 3479 1347 3546 doctrinae
1395 3482 1595 3565 copiis
1641 3478 1944 3544 fluxerint
1991 3482 2190 3545 etiam
2235 3479 2598 3565 frag-menta

248 3585 398 3664 epica
460 3584 535 3649 de
601 3587 864 3651 canibus
928 3589 1287 3651 Actaeonis.
1358 3586 1583 3670 Itaque
1649 3587 1802 3651 haec
1864 3589 2079 3651 omnia
2140 3589 2202 3650 in
2267 3591 2598 3671 posterum

246 3685 553 3756 editoribus
599 3692 1023 3758 bibliothecae
1072 3715 1235 3771 non,
1288 3700 1360 3757 ut
1402 3713 1439 3756 a
1481 3690 1801 3778 Wagnero
1843 3692 2087 3756 factum
2126 3697 2258 3769 est,
2301 3695 2599 3777 quamvis

246 3795 397 3858 uncis
454 3796 695 3863 seclusa
754 3801 823 3862 in
886 3803 1071 3863 textu
1130 3797 1461 3864 retinenda
1522 3803 1747 3876 erunt,
1813 3797 1921 3863 sed
1983 3819 2242 3883 prorsus
2289 3798 2592 3864 eicienda.

254 3893 369 3961 Nou
414 3904 575 3966 enim
624 3909 779 3967 sunt
825 3902 1263 3968 additamenta
1311 3923 1347 3967 a
1392 3905 1816 3988 grammatico
1860 3900 2160 3967 libellum
2207 3905 2390 3968 novis
2430 3905 2600 3967 curis

254 4009 594 4072 retractante
642 4010 851 4072 textui
898 4008 1187 4073 consulto
1234 4008 1583 4086 inculcata,
1627 4007 1736 4072 sed
1775 4009 1937 4072 meri
1973 4007 2156 4072 lusus
2193 4006 2426 4073 calami
2464 4011 2598 4074 viri

257 4104 399 4173 haud
452 4116 573 4177 scio
638 4134 717 4177 an
779 4113 1163 4192 doctissimi,
1214 4135 1373 4199 quae
1417 4114 1827 4179 librariorum
1873 4114 2129 4177 inscitia
2175 4113 2508 4198 postmodo
2559 4135 2592 4179 e

258 4217 510 4299 margine
552 4217 804 4283 sublata
844 4221 971 4304 ipsi
1016 4221 1228 4285 textui
1270 4221 1565 4285 inseruit.
