<?xml version="1.0" encoding="UTF-8"?>
<!DOCTYPE html PUBLIC "-//W3C//DTD XHTML 1.0 Transitional//EN"
    "http://www.w3.org/TR/xhtml1/DTD/xhtml1-transitional.dtd">
<html xmlns="http://www.w3.org/1999/xhtml" xml:lang="en" lang="en">
 <head>
  <title>
</title>
<meta http-equiv="Content-Type" content="text/html;charset=utf-8" />
  <meta name='ocr-system' content='tesseract 3.04.00' />
  <meta name='ocr-capabilities' content='ocr_page ocr_carea ocr_par ocr_line ocrx_word'/>
</head>
<body>
  <div class='ocr_page' id='page_1' title='image "./mnemosynevolume03verdgoog_0258.png"; bbox 0 0 3246 5085; ppageno 0'>
   <div class='ocr_carea' id='block_1_1' title="bbox 1247 931 2363 1053">
    <p class='ocr_par' dir='ltr' id='par_1_1' title="bbox 1247 931 2363 1053">
     <span class='ocr_line' id='line_1_1' title="bbox 1247 931 2363 1053; baseline 0 -3"><span class='ocrx_word' id='word_1_1' title='bbox 1247 959 1394 1052; x_wconf 82' lang='lat' dir='ltr'><strong>AD</strong></span> <span class='ocrx_word' id='word_1_2' title='bbox 1451 931 1823 1053; x_wconf 76' lang='lat' dir='ltr'>PHOTII</span> <span class='ocrx_word' id='word_1_3' title='bbox 1880 961 2363 1052; x_wconf 78' lang='lat' dir='ltr'><strong>LExlcoN.</strong></span> 
     </span>
    </p>
   </div>
   <div class='ocr_carea' id='block_1_2' title="bbox 1680 1199 1929 1240">
    <p class='ocr_par' dir='ltr' id='par_1_2' title="bbox 1680 1199 1929 1240">
     <span class='ocr_line' id='line_1_2' title="bbox 1680 1199 1929 1240; baseline 0.004 -1"><span class='ocrx_word' id='word_1_4' title='bbox 1680 1199 1929 1240; x_wconf 74' lang='lat' dir='ltr'><strong>sompsl‘r</strong></span> 
     </span>
    </p>
   </div>
   <div class='ocr_carea' id='block_1_3' title="bbox 1347 1385 2277 1473">
    <p class='ocr_par' dir='ltr' id='par_1_3' title="bbox 1347 1385 2277 1473">
     <span class='ocr_line' id='line_1_3' title="bbox 1347 1385 2277 1473; baseline 0 -21"><span class='ocrx_word' id='word_1_5' title='bbox 1347 1386 1406 1452; x_wconf 86' lang='lat' dir='ltr'><strong>J.</strong></span> <span class='ocrx_word' id='word_1_6' title='bbox 1459 1385 1634 1451; x_wconf 81' lang='lat' dir='ltr'><strong>vAN</strong></span> <span class='ocrx_word' id='word_1_7' title='bbox 1679 1385 2110 1452; x_wconf 75' lang='lat' dir='ltr'><strong>LEEUWEN</strong></span> <span class='ocrx_word' id='word_1_8' title='bbox 2155 1385 2277 1473; x_wconf 60' lang='grc' dir='ltr'><strong>η.</strong></span> 
     </span>
    </p>
   </div>
   <div class='ocr_carea' id='block_1_4' title="bbox 1611 1695 2005 1733">
    <p class='ocr_par' dir='ltr' id='par_1_4' title="bbox 1611 1695 2005 1733">
     <span class='ocr_line' id='line_1_4' title="bbox 1611 1695 2005 1733; baseline 0.008 -3"><span class='ocrx_word' id='word_1_9' title='bbox 1611 1695 2005 1733; x_wconf 57' lang='lat' dir='ltr'><strong>m</strong></span> 
     </span>
    </p>
   </div>
   <div class='ocr_carea' id='block_1_5' title="bbox 1816 1949 3016 2180">
    <p class='ocr_par' dir='ltr' id='par_1_5' title="bbox 1816 1949 3016 2180">
     <span class='ocr_line' id='line_1_5' title="bbox 1884 1949 3016 2014; baseline 0.002 -16"><span class='ocrx_word' id='word_1_10' title='bbox 1884 1949 1987 1998; x_wconf 80' lang='lat' dir='ltr'><strong>Der</strong></span> <span class='ocrx_word' id='word_1_11' title='bbox 2034 1950 2234 2014; x_wconf 68' lang='lat' dir='ltr'><strong>Anfany</strong></span> <span class='ocrx_word' id='word_1_12' title='bbox 2276 1949 2363 1999; x_wconf 73' lang='lat' dir='ltr'><strong>des</strong></span> <span class='ocrx_word' id='word_1_13' title='bbox 2408 1949 2642 1999; x_wconf 66' lang='lat' dir='ltr'><strong>Les-ibon:</strong></span> <span class='ocrx_word' id='word_1_14' title='bbox 2674 1949 2758 1998; x_wconf 74' lang='lat' dir='ltr'><strong>des</strong></span> <span class='ocrx_word' id='word_1_15' title='bbox 2794 1949 3016 2008; x_wconf 58' lang='lat' dir='ltr'><strong>Pharios,</strong></span> 
     </span>
     <span class='ocr_line' id='line_1_6' title="bbox 1816 2031 2793 2095; baseline 0 -14"><span class='ocrx_word' id='word_1_16' title='bbox 1816 2031 2192 2095; x_wconf 71' lang='lat' dir='ltr'><strong>hornungegeben</strong></span> <span class='ocrx_word' id='word_1_17' title='bbox 2227 2046 2319 2081; x_wconf 81' lang='lat' dir='ltr'><strong>von</strong></span> <span class='ocrx_word' id='word_1_18' title='bbox 2357 2031 2415 2081; x_wconf 79' lang='lat' dir='ltr'><strong>R.</strong></span> <span class='ocrx_word' id='word_1_19' title='bbox 2452 2031 2793 2081; x_wconf 71' lang='lat' dir='ltr'><strong>Reitzenstein.</strong></span> 
     </span>
     <span class='ocr_line' id='line_1_7' title="bbox 1884 2113 2867 2180; baseline 0 -17"><span class='ocrx_word' id='word_1_20' title='bbox 1884 2113 2118 2174; x_wconf 72' lang='lat' dir='ltr'><strong>Teubner,</strong></span> <span class='ocrx_word' id='word_1_21' title='bbox 2154 2113 2349 2180; x_wconf 79' lang='lat' dir='ltr'><strong>Leipzig</strong></span> <span class='ocrx_word' id='word_1_22' title='bbox 2382 2114 2481 2164; x_wconf 83' lang='lat' dir='ltr'><strong>und</strong></span> <span class='ocrx_word' id='word_1_23' title='bbox 2518 2113 2685 2164; x_wconf 84' lang='lat' dir='ltr'><strong>Berlin</strong></span> <span class='ocrx_word' id='word_1_24' title='bbox 2722 2113 2867 2166; x_wconf 77' lang='lat'>19⁰7.</span> 
     </span>
    </p>
   </div>
   <div class='ocr_carea' id='block_1_6' title="bbox 581 2303 3017 4204">
    <p class='ocr_par' dir='ltr' id='par_1_6' title="bbox 581 2303 3017 4204">
     <span class='ocr_line' id='line_1_8' title="bbox 706 2303 3015 2393; baseline -0.001 -18"><span class='ocrx_word' id='word_1_25' title='bbox 706 2307 907 2375; x_wconf 86' lang='lat' dir='ltr'><strong>Grato</strong></span> <span class='ocrx_word' id='word_1_26' title='bbox 956 2310 1172 2374; x_wconf 87' lang='lat' dir='ltr'><strong>animo</strong></span> <span class='ocrx_word' id='word_1_27' title='bbox 1211 2303 1424 2392; x_wconf 84' lang='lat' dir='ltr'><strong>&#39;nuper</strong></span> <span class='ocrx_word' id='word_1_28' title='bbox 1463 2308 1827 2392; x_wconf 81' lang='lat' dir='ltr'><strong>accepimus</strong></span> <span class='ocrx_word' id='word_1_29' title='bbox 1868 2304 2181 2393; x_wconf 78' lang='lat' dir='ltr'>philologi</span> <span class='ocrx_word' id='word_1_30' title='bbox 2218 2326 2456 2373; x_wconf 85' lang='lat' dir='ltr'><strong>novam</strong></span> <span class='ocrx_word' id='word_1_31' title='bbox 2494 2311 2744 2393; x_wconf 87' lang='lat' dir='ltr'><strong>partem</strong></span> <span class='ocrx_word' id='word_1_32' title='bbox 2780 2307 3015 2372; x_wconf 88' lang='lat' dir='ltr'><strong>Photii</strong></span> 
     </span>
     <span class='ocr_line' id='line_1_9' title="bbox 612 2411 3017 2499; baseline 0 -19"><span class='ocrx_word' id='word_1_33' title='bbox 612 2415 803 2481; x_wconf 84' lang='lat' dir='ltr'><strong>lexioi</strong></span> <span class='ocrx_word' id='word_1_34' title='bbox 849 2414 928 2482; x_wconf 90' lang='lat' dir='ltr'><strong>ab</strong></span> <span class='ocrx_word' id='word_1_35' title='bbox 975 2413 1466 2478; x_wconf 85' lang='lat' dir='ltr'><strong>Reitzensteinio</strong></span> <span class='ocrx_word' id='word_1_36' title='bbox 1508 2413 1602 2477; x_wconf 82' lang='lat' dir='ltr'><strong>ita</strong></span> <span class='ocrx_word' id='word_1_37' title='bbox 1650 2418 1723 2477; x_wconf 81' lang='lat' dir='ltr'><strong>ut</strong></span> <span class='ocrx_word' id='word_1_38' title='bbox 1760 2434 1806 2477; x_wconf 82' lang='lat' dir='ltr'><strong>a</strong></span> <span class='ocrx_word' id='word_1_39' title='bbox 1852 2414 1990 2477; x_wconf 85' lang='lat' dir='ltr'><strong>viro</strong></span> <span class='ocrx_word' id='word_1_40' title='bbox 2036 2411 2471 2478; x_wconf 83' lang='lat' dir='ltr'><strong>eruditissimo</strong></span> <span class='ocrx_word' id='word_1_41' title='bbox 2518 2413 2877 2499; x_wconf 87' lang='lat' dir='ltr'><strong>harumque</strong></span> <span class='ocrx_word' id='word_1_42' title='bbox 2912 2436 3017 2480; x_wconf 90' lang='lat' dir='ltr'><strong>re-</strong></span> 
     </span>
     <span class='ocr_line' id='line_1_10' title="bbox 581 2517 3015 2607; baseline 0 -20"><span class='ocrx_word' id='word_1_43' title='bbox 581 2542 759 2598; x_wconf 47' lang='lat' dir='ltr'><strong>,rum</strong></span> <span class='ocrx_word' id='word_1_44' title='bbox 807 2521 1197 2607; x_wconf 82' lang='lat' dir='ltr'><strong>peritissimo</strong></span> <span class='ocrx_word' id='word_1_45' title='bbox 1243 2520 1564 2604; x_wconf 77' lang='lat' dir='ltr'><strong>expectari</strong></span> <span class='ocrx_word' id='word_1_46' title='bbox 1613 2523 1894 2603; x_wconf 83' lang='lat' dir='ltr'><strong>poterat,</strong></span> <span class='ocrx_word' id='word_1_47' title='bbox 1933 2517 2001 2583; x_wconf 91' lang='lat' dir='ltr'><strong>id</strong></span> <span class='ocrx_word' id='word_1_48' title='bbox 2037 2524 2136 2584; x_wconf 85' lang='lat' dir='ltr'><strong>est</strong></span> <span class='ocrx_word' id='word_1_49' title='bbox 2178 2520 2423 2604; x_wconf 87' lang='lat' dir='ltr'><strong>optime</strong></span> <span class='ocrx_word' id='word_1_50' title='bbox 2462 2518 2724 2586; x_wconf 81' lang='lat' dir='ltr'><strong>editam.</strong></span> <span class='ocrx_word' id='word_1_51' title='bbox 2788 2519 3015 2587; x_wconf 78' lang='lat' dir='ltr'><strong>Multa</strong></span> 
     </span>
     <span class='ocr_line' id='line_1_11' title="bbox 612 2627 3013 2715; baseline -0.001 -22"><span class='ocrx_word' id='word_1_52' title='bbox 612 2628 974 2715; x_wconf 80' lang='lat' dir='ltr'><strong>fragmenta</strong></span> <span class='ocrx_word' id='word_1_53' title='bbox 1033 2633 1369 2712; x_wconf 85' lang='lat' dir='ltr'><strong>poetarum</strong></span> <span class='ocrx_word' id='word_1_54' title='bbox 1431 2627 1855 2703; x_wconf 82' lang='lat' dir='ltr'><strong>comicorum,</strong></span> <span class='ocrx_word' id='word_1_55' title='bbox 1919 2646 2040 2691; x_wconf 89' lang='lat' dir='ltr'><strong>non</strong></span> <span class='ocrx_word' id='word_1_56' title='bbox 2108 2646 2305 2709; x_wconf 77' lang='lat' dir='ltr'><strong>pause</strong></span> <span class='ocrx_word' id='word_1_57' title='bbox 2348 2628 2800 2713; x_wconf 75' lang='lat' dir='ltr'><strong>tragicorum,</strong></span> <span class='ocrx_word' id='word_1_58' title='bbox 2850 2648 3013 2693; x_wconf 88' lang='lat' dir='ltr'><strong>non-</strong></span> 
     </span>
     <span class='ocr_line' id='line_1_12' title="bbox 613 2731 3009 2819; baseline 0 -19"><span class='ocrx_word' id='word_1_59' title='bbox 613 2733 791 2800; x_wconf 85' lang='lat' dir='ltr'><strong>nulla</strong></span> <span class='ocrx_word' id='word_1_60' title='bbox 835 2732 1108 2799; x_wconf 85' lang='lat' dir='ltr'><strong>aliorum</strong></span> <span class='ocrx_word' id='word_1_61' title='bbox 1157 2739 1493 2819; x_wconf 85' lang='lat' dir='ltr'><strong>poetarum</strong></span> <span class='ocrx_word' id='word_1_62' title='bbox 1540 2738 1607 2797; x_wconf 86' lang='lat' dir='ltr'><strong>et</strong></span> <span class='ocrx_word' id='word_1_63' title='bbox 1652 2734 2040 2817; x_wconf 76' lang='lat' dir='ltr'><strong>scriptorum</strong></span> <span class='ocrx_word' id='word_1_64' title='bbox 2088 2731 2481 2818; x_wconf 81' lang='lat' dir='ltr'><strong>pedestrium</strong></span> <span class='ocrx_word' id='word_1_65' title='bbox 2528 2734 2679 2799; x_wconf 82' lang='lat' dir='ltr'><strong>hino</strong></span> <span class='ocrx_word' id='word_1_66' title='bbox 2715 2736 3009 2819; x_wconf 87' lang='lat' dir='ltr'><strong>primum</strong></span> 
     </span>
     <span class='ocr_line' id='line_1_13' title="bbox 612 2837 3015 2925; baseline 0 -19"><span class='ocrx_word' id='word_1_67' title='bbox 612 2844 1063 2918; x_wconf 78' lang='lat' dir='ltr'><strong>innotuerunt;</strong></span> <span class='ocrx_word' id='word_1_68' title='bbox 1113 2860 1389 2925; x_wconf 88' lang='lat' dir='ltr'><strong>quorum</strong></span> <span class='ocrx_word' id='word_1_69' title='bbox 1436 2837 1594 2917; x_wconf 85' lang='lat' dir='ltr'><strong>alia,</strong></span> <span class='ocrx_word' id='word_1_70' title='bbox 1646 2845 1717 2903; x_wconf 89' lang='lat' dir='ltr'><strong>ut</strong></span> <span class='ocrx_word' id='word_1_71' title='bbox 1764 2838 1868 2917; x_wconf 83' lang='lat' dir='ltr'><strong>fit,</strong></span> <span class='ocrx_word' id='word_1_72' title='bbox 1916 2842 2183 2904; x_wconf 86' lang='lat' dir='ltr'><strong>minoris</strong></span> <span class='ocrx_word' id='word_1_73' title='bbox 2228 2846 2379 2905; x_wconf 87' lang='lat' dir='ltr'><strong>sunt</strong></span> <span class='ocrx_word' id='word_1_74' title='bbox 2424 2841 2651 2925; x_wconf 81' lang='lat' dir='ltr'><strong>pretii,</strong></span> <span class='ocrx_word' id='word_1_75' title='bbox 2706 2838 2833 2906; x_wconf 83' lang='lat' dir='ltr'><strong>alia</strong></span> <span class='ocrx_word' id='word_1_76' title='bbox 2874 2860 3015 2907; x_wconf 85' lang='lat' dir='ltr'><strong>ma-</strong></span> 
     </span>
     <span class='ocr_line' id='line_1_14' title="bbox 611 2944 3014 3033; baseline -0 -20"><span class='ocrx_word' id='word_1_77' title='bbox 611 2950 784 3027; x_wconf 72' lang='lat' dir='ltr'><strong>ioris‚</strong></span> <span class='ocrx_word' id='word_1_78' title='bbox 851 2946 1045 3013; x_wconf 88' lang='lat' dir='ltr'><strong>Brevi</strong></span> <span class='ocrx_word' id='word_1_79' title='bbox 1105 2952 1325 3013; x_wconf 89' lang='lat' dir='ltr'><strong>autem</strong></span> <span class='ocrx_word' id='word_1_80' title='bbox 1389 2947 1803 3011; x_wconf 77' lang='lat' dir='ltr'><strong>annotatione</strong></span> <span class='ocrx_word' id='word_1_81' title='bbox 1866 2950 1928 3011; x_wconf 85' lang='lat' dir='ltr'><strong>et</strong></span> <span class='ocrx_word' id='word_1_82' title='bbox 1976 2944 2459 3033; x_wconf 79' lang='lat' dir='ltr'><strong>Prolegomenis</strong></span> <span class='ocrx_word' id='word_1_83' title='bbox 2505 2946 2853 3012; x_wconf 84' lang='lat' dir='ltr'><strong>uberrimis</strong></span> <span class='ocrx_word' id='word_1_84' title='bbox 2900 2946 3014 3013; x_wconf 87' lang='lat' dir='ltr'><strong>ad-</strong></span> 
     </span>
     <span class='ocr_line' id='line_1_15' title="bbox 611 3050 3017 3141; baseline 0 -22"><span class='ocrx_word' id='word_1_85' title='bbox 611 3055 794 3121; x_wconf 71' lang='lat' dir='ltr'><strong>iectis</strong></span> <span class='ocrx_word' id='word_1_86' title='bbox 850 3052 1058 3118; x_wconf 87' lang='lat' dir='ltr'><strong>editor</strong></span> <span class='ocrx_word' id='word_1_87' title='bbox 1104 3072 1364 3137; x_wconf 83' lang='lat' dir='ltr'><strong>operam</strong></span> <span class='ocrx_word' id='word_1_88' title='bbox 1413 3050 1590 3117; x_wconf 83' lang='lat' dir='ltr'><strong>dedit</strong></span> <span class='ocrx_word' id='word_1_89' title='bbox 1637 3056 1712 3117; x_wconf 86' lang='lat' dir='ltr'><strong>ut</strong></span> <span class='ocrx_word' id='word_1_90' title='bbox 1758 3072 1875 3117; x_wconf 85' lang='lat' dir='ltr'><strong>suo</strong></span> <span class='ocrx_word' id='word_1_91' title='bbox 1922 3054 2130 3137; x_wconf 85' lang='lat' dir='ltr'><strong>pretio</strong></span> <span class='ocrx_word' id='word_1_92' title='bbox 2174 3054 2395 3117; x_wconf 83' lang='lat' dir='ltr'><strong>statim</strong></span> <span class='ocrx_word' id='word_1_93' title='bbox 2446 3051 2706 3138; x_wconf 80' lang='lat' dir='ltr'><strong>singula</strong></span> <span class='ocrx_word' id='word_1_94' title='bbox 2750 3060 3017 3141; x_wconf 77' lang='lat' dir='ltr'><strong>possent</strong></span> 
     </span>
     <span class='ocr_line' id='line_1_16' title="bbox 611 3156 3009 3245; baseline -0 -18"><span class='ocrx_word' id='word_1_95' title='bbox 611 3161 938 3227; x_wconf 84' lang='lat' dir='ltr'><strong>aestimari</strong></span> <span class='ocrx_word' id='word_1_96' title='bbox 1000 3180 1035 3224; x_wconf 84' lang='lat' dir='ltr'><strong>a</strong></span> <span class='ocrx_word' id='word_1_97' title='bbox 1103 3158 1491 3245; x_wconf 85' lang='lat' dir='ltr'><strong>legentibus.</strong></span> <span class='ocrx_word' id='word_1_98' title='bbox 1554 3156 1680 3225; x_wconf 81' lang='lat' dir='ltr'><strong>Cui</strong></span> <span class='ocrx_word' id='word_1_99' title='bbox 1746 3160 1941 3224; x_wconf 90' lang='lat' dir='ltr'><strong>etiam</strong></span> <span class='ocrx_word' id='word_1_100' title='bbox 2008 3164 2268 3244; x_wconf 84' lang='lat' dir='ltr'><strong>propter</strong></span> <span class='ocrx_word' id='word_1_101' title='bbox 2330 3159 2398 3224; x_wconf 92' lang='lat' dir='ltr'><strong>id</strong></span> <span class='ocrx_word' id='word_1_102' title='bbox 2458 3160 2626 3245; x_wconf 91' lang='lat' dir='ltr'><strong>quod</strong></span> <span class='ocrx_word' id='word_1_103' title='bbox 2688 3182 2807 3225; x_wconf 74' lang='lat' dir='ltr'><strong>non</strong></span> <span class='ocrx_word' id='word_1_104' title='bbox 2852 3160 3009 3226; x_wconf 79' lang='lat' dir='ltr'><strong>feeit</strong></span> 
     </span>
     <span class='ocr_line' id='line_1_17' title="bbox 613 3264 3009 3353; baseline -0.002 -16"><span class='ocrx_word' id='word_1_105' title='bbox 613 3266 898 3353; x_wconf 70' lang='lat' dir='ltr'><strong>agendae</strong></span> <span class='ocrx_word' id='word_1_106' title='bbox 945 3271 1099 3331; x_wconf 82' lang='lat' dir='ltr'><strong>sunt</strong></span> <span class='ocrx_word' id='word_1_107' title='bbox 1143 3270 1390 3353; x_wconf 78' lang='lat' dir='ltr'><strong>grates3</strong></span> <span class='ocrx_word' id='word_1_108' title='bbox 1440 3285 1590 3329; x_wconf 84' lang='lat' dir='ltr'><strong>nam</strong></span> <span class='ocrx_word' id='word_1_109' title='bbox 1638 3264 1853 3330; x_wconf 88' lang='lat' dir='ltr'><strong>noluit</strong></span> <span class='ocrx_word' id='word_1_110' title='bbox 1898 3286 2052 3331; x_wconf 83' lang='lat' dir='ltr'><strong>suae</strong></span> <span class='ocrx_word' id='word_1_111' title='bbox 2095 3267 2301 3351; x_wconf 85' lang='lat' dir='ltr'><strong>ipsius</strong></span> <span class='ocrx_word' id='word_1_112' title='bbox 2345 3266 2553 3331; x_wconf 79' lang='lat' dir='ltr'><strong>famae</strong></span> <span class='ocrx_word' id='word_1_113' title='bbox 2590 3268 3009 3351; x_wconf 84' lang='lat' dir='ltr'><strong>potissimum</strong></span> 
     </span>
     <span class='ocr_line' id='line_1_18' title="bbox 612 3369 3007 3459; baseline -0 -20"><span class='ocrx_word' id='word_1_114' title='bbox 612 3369 949 3439; x_wconf 79' lang='lat' dir='ltr'><strong>consulens</strong></span> <span class='ocrx_word' id='word_1_115' title='bbox 997 3371 1148 3439; x_wconf 83' lang='lat' dir='ltr'><strong>huie</strong></span> <span class='ocrx_word' id='word_1_116' title='bbox 1191 3372 1492 3436; x_wconf 83' lang='lat' dir='ltr'><strong>thesauro</strong></span> <span class='ocrx_word' id='word_1_117' title='bbox 1533 3392 1648 3457; x_wconf 90' lang='lat' dir='ltr'><strong>per</strong></span> <span class='ocrx_word' id='word_1_118' title='bbox 1686 3370 1959 3458; x_wconf 81' lang='lat' dir='ltr'><strong>longum</strong></span> <span class='ocrx_word' id='word_1_119' title='bbox 1998 3373 2305 3457; x_wconf 85' lang='lat' dir='ltr'><strong>temporis</strong></span> <span class='ocrx_word' id='word_1_120' title='bbox 2342 3374 2629 3459; x_wconf 82' lang='lat' dir='ltr'><strong>spatium</strong></span> <span class='ocrx_word' id='word_1_121' title='bbox 2662 3372 3007 3452; x_wconf 84' lang='lat' dir='ltr'><strong>incubare,</strong></span> 
     </span>
     <span class='ocr_line' id='line_1_19' title="bbox 615 3476 3006 3564; baseline 0.001 -22"><span class='ocrx_word' id='word_1_122' title='bbox 615 3476 724 3543; x_wconf 83' lang='lat' dir='ltr'><strong>sed</strong></span> <span class='ocrx_word' id='word_1_123' title='bbox 747 3524 762 3536; x_wconf 91' lang='lat'>.</span> <span class='ocrx_word' id='word_1_124' title='bbox 785 3478 853 3541; x_wconf 91' lang='lat' dir='ltr'><strong>in</strong></span> <span class='ocrx_word' id='word_1_125' title='bbox 915 3497 1323 3542; x_wconf 83' lang='lat' dir='ltr'><strong>communem</strong></span> <span class='ocrx_word' id='word_1_126' title='bbox 1387 3497 1581 3543; x_wconf 86' lang='lat' dir='ltr'><strong>usum</strong></span> <span class='ocrx_word' id='word_1_127' title='bbox 1646 3478 1972 3542; x_wconf 89' lang='lat' dir='ltr'><strong>omnium&#39;</strong></span> <span class='ocrx_word' id='word_1_128' title='bbox 2001 3478 2376 3557; x_wconf 88' lang='lat' dir='ltr'><strong>hominum,</strong></span> <span class='ocrx_word' id='word_1_129' title='bbox 2448 3479 2685 3564; x_wconf 86' lang='lat' dir='ltr'><strong>quibus</strong></span> <span class='ocrx_word' id='word_1_130' title='bbox 2752 3477 3006 3545; x_wconf 75' lang='lat' dir='ltr'><strong>litterae</strong></span> 
     </span>
     <span class='ocr_line' id='line_1_20' title="bbox 619 3582 3005 3671; baseline -0 -21"><span class='ocrx_word' id='word_1_131' title='bbox 619 3582 896 3651; x_wconf 76' lang='lat' dir='ltr'><strong>Graecae</strong></span> <span class='ocrx_word' id='word_1_132' title='bbox 955 3583 1126 3649; x_wconf 85' lang='lat' dir='ltr'><strong>eordi</strong></span> <span class='ocrx_word' id='word_1_133' title='bbox 1187 3590 1374 3661; x_wconf 82' lang='lat' dir='ltr'><strong>sunt,</strong></span> <span class='ocrx_word' id='word_1_134' title='bbox 1441 3604 1636 3669; x_wconf 87' lang='lat' dir='ltr'><strong>quam</strong></span> <span class='ocrx_word' id='word_1_135' title='bbox 1683 3586 1972 3669; x_wconf 87' lang='lat' dir='ltr'><strong>primum</strong></span> <span class='ocrx_word' id='word_1_136' title='bbox 2020 3604 2167 3649; x_wconf 89' lang='lat' dir='ltr'><strong>eum</strong></span> <span class='ocrx_word' id='word_1_137' title='bbox 2217 3587 2586 3671; x_wconf 81' lang='lat' dir='ltr'><strong>proposuit,</strong></span> <span class='ocrx_word' id='word_1_138' title='bbox 2634 3592 2750 3651; x_wconf 79' lang='grc' dir='ltr'><strong>τῶν</strong></span> <span class='ocrx_word' id='word_1_139' title='bbox 2799 3586 3005 3667; x_wconf 72' lang='grc' dir='ltr'><strong><em>φίλων</em></strong></span> 
     </span>
     <span class='ocr_line' id='line_1_21' title="bbox 617 3689 3003 3759; baseline 0 -2"><span class='ocrx_word' id='word_1_140' title='bbox 617 3690 832 3757; x_wconf 73' lang='grc' dir='ltr'><em>πάντα</em></span> <span class='ocrx_word' id='word_1_141' title='bbox 895 3692 1063 3755; x_wconf 75' lang='grc' dir='ltr'><strong><em>κοινὰ</em></strong></span> <span class='ocrx_word' id='word_1_142' title='bbox 1125 3711 1254 3755; x_wconf 92' lang='lat' dir='ltr'><strong>non</strong></span> <span class='ocrx_word' id='word_1_143' title='bbox 1317 3689 1580 3756; x_wconf 84' lang='lat' dir='ltr'><strong>dicenda</strong></span> <span class='ocrx_word' id='word_1_144' title='bbox 1636 3696 1889 3756; x_wconf 85' lang='lat' dir='ltr'><strong>tantum</strong></span> <span class='ocrx_word' id='word_1_145' title='bbox 1952 3696 2131 3756; x_wconf 86' lang='lat' dir='ltr'><strong>ratus</strong></span> <span class='ocrx_word' id='word_1_146' title='bbox 2178 3690 2286 3756; x_wconf 85' lang='lat' dir='ltr'><strong>sed</strong></span> <span class='ocrx_word' id='word_1_147' title='bbox 2334 3696 2397 3756; x_wconf 85' lang='lat' dir='ltr'><strong>ot</strong></span> <span class='ocrx_word' id='word_1_148' title='bbox 2442 3690 2747 3757; x_wconf 78' lang='lat' dir='ltr'><strong>facienda.</strong></span> <span class='ocrx_word' id='word_1_149' title='bbox 2812 3689 3003 3759; x_wconf 82' lang='lat' dir='ltr'><strong>Gom-</strong></span> 
     </span>
     <span class='ocr_line' id='line_1_22' title="bbox 615 3795 3005 3885; baseline 0 -22"><span class='ocrx_word' id='word_1_150' title='bbox 615 3796 829 3885; x_wconf 87' lang='lat' dir='ltr'><strong>plures</strong></span> <span class='ocrx_word' id='word_1_151' title='bbox 889 3796 1362 3863; x_wconf 84' lang='lat' dir='ltr'><strong>emendationes</strong></span> <span class='ocrx_word' id='word_1_152' title='bbox 1417 3798 1641 3861; x_wconf 85' lang='lat' dir='ltr'><strong>statim</strong></span> <span class='ocrx_word' id='word_1_153' title='bbox 1687 3802 1835 3881; x_wconf 88' lang='lat' dir='ltr'><strong>post</strong></span> <span class='ocrx_word' id='word_1_154' title='bbox 1880 3795 2120 3862; x_wconf 88' lang='lat' dir='ltr'><strong>librum</strong></span> <span class='ocrx_word' id='word_1_155' title='bbox 2168 3796 2554 3885; x_wconf 79' lang='lat' dir='ltr'><strong>evulgatum</strong></span> <span class='ocrx_word' id='word_1_156' title='bbox 2602 3795 2827 3863; x_wconf 84' lang='lat' dir='ltr'><strong>attulit</strong></span> <span class='ocrx_word' id='word_1_157' title='bbox 2870 3797 3005 3863; x_wconf 83' lang='lat' dir='ltr'><strong>Wi-</strong></span> 
     </span>
     <span class='ocr_line' id='line_1_23' title="bbox 612 3901 3003 3990; baseline -0.001 -18"><span class='ocrx_word' id='word_1_158' title='bbox 612 3905 1041 3973; x_wconf 81' lang='lat' dir='ltr'><strong>lamowitzius</strong></span> <span class='ocrx_word' id='word_1_159' title='bbox 1073 3903 1139 3986; x_wconf 90' lang='lat'><strong>¹),</strong></span> <span class='ocrx_word' id='word_1_160' title='bbox 1179 3905 1489 3990; x_wconf 85' lang='lat' dir='ltr'><strong>proximis</strong></span> <span class='ocrx_word' id='word_1_161' title='bbox 1535 3903 1760 3969; x_wconf 86' lang='lat' dir='ltr'><strong>diebus</strong></span> <span class='ocrx_word' id='word_1_162' title='bbox 1805 3901 1932 3969; x_wconf 85' lang='lat' dir='ltr'><strong>alia</strong></span> <span class='ocrx_word' id='word_1_163' title='bbox 1978 3906 2254 3969; x_wconf 86' lang='lat' dir='ltr'><strong>correxit</strong></span> <span class='ocrx_word' id='word_1_164' title='bbox 2296 3903 2427 3970; x_wconf 90' lang='lat' dir='ltr'><strong>Leo</strong></span> <span class='ocrx_word' id='word_1_165' title='bbox 2454 3904 2527 3985; x_wconf 84' lang='lat'><strong>²),</strong></span> <span class='ocrx_word' id='word_1_166' title='bbox 2577 3925 2692 3970; x_wconf 82' lang='lat' dir='ltr'><strong>neo</strong></span> <span class='ocrx_word' id='word_1_167' title='bbox 2732 3904 3003 3971; x_wconf 86' lang='lat' dir='ltr'><strong>dubium</strong></span> 
     </span>
     <span class='ocr_line' id='line_1_24' title="bbox 614 4008 3005 4098; baseline 0.001 -22"><span class='ocrx_word' id='word_1_168' title='bbox 614 4014 770 4098; x_wconf 87' lang='lat' dir='ltr'><strong>quin</strong></span> <span class='ocrx_word' id='word_1_169' title='bbox 831 4010 954 4076; x_wconf 83' lang='lat' dir='ltr'><strong>alia</strong></span> <span class='ocrx_word' id='word_1_170' title='bbox 1012 4014 1082 4075; x_wconf 88' lang='lat' dir='ltr'><strong>in</strong></span> <span class='ocrx_word' id='word_1_171' title='bbox 1139 4014 1472 4097; x_wconf 76' lang='lat' dir='ltr'><strong>integrum</strong></span> <span class='ocrx_word' id='word_1_172' title='bbox 1537 4012 1905 4075; x_wconf 81' lang='lat' dir='ltr'><strong>restituturi</strong></span> <span class='ocrx_word' id='word_1_173' title='bbox 1950 4012 2082 4075; x_wconf 87' lang='lat' dir='ltr'><strong>sint</strong></span> <span class='ocrx_word' id='word_1_174' title='bbox 2126 4009 2262 4075; x_wconf 87' lang='lat' dir='ltr'><strong>alii.</strong></span> <span class='ocrx_word' id='word_1_175' title='bbox 2324 4008 2645 4096; x_wconf 82' lang='lat' dir='ltr'><strong>Equidem</strong></span> <span class='ocrx_word' id='word_1_176' title='bbox 2690 4032 2854 4096; x_wconf 87' lang='lat' dir='ltr'><strong>quae</strong></span> <span class='ocrx_word' id='word_1_177' title='bbox 2897 4010 3005 4078; x_wconf 82' lang='lat' dir='ltr'><strong>de·</strong></span> 
     </span>
     <span class='ocr_line' id='line_1_25' title="bbox 617 4115 3005 4204; baseline 0.001 -22"><span class='ocrx_word' id='word_1_178' title='bbox 617 4116 929 4204; x_wconf 88' lang='lat' dir='ltr'><strong>prehendi</strong></span> <span class='ocrx_word' id='word_1_179' title='bbox 991 4138 1194 4202; x_wconf 88' lang='lat' dir='ltr'><strong>neque</strong></span> <span class='ocrx_word' id='word_1_180' title='bbox 1257 4115 1469 4183; x_wconf 84' lang='lat' dir='ltr'><strong>multa</strong></span> <span class='ocrx_word' id='word_1_181' title='bbox 1529 4124 1684 4182; x_wconf 84' lang='lat' dir='ltr'><strong>sunt</strong></span> <span class='ocrx_word' id='word_1_182' title='bbox 1754 4138 1957 4202; x_wconf 87' lang='lat' dir='ltr'><strong>neque</strong></span> <span class='ocrx_word' id='word_1_183' title='bbox 2030 4119 2254 4203; x_wconf 79' lang='lat' dir='ltr'><strong>magni</strong></span> <span class='ocrx_word' id='word_1_184' title='bbox 2322 4119 2669 4195; x_wconf 78' lang='lat' dir='ltr'><strong>momenti,</strong></span> <span class='ocrx_word' id='word_1_185' title='bbox 2740 4118 3005 4185; x_wconf 77' lang='lat' dir='ltr'><strong>fortasse</strong></span> 
     </span>
    </p>
   </div>
   <div class='ocr_carea' id='block_1_7' title="bbox 617 4284 1006 4294">
    <p class='ocr_par' dir='ltr' id='par_1_7' title="bbox 617 4284 1006 4294">
     <span class='ocr_line' id='line_1_26' title="bbox 617 4284 1006 4294; baseline 0 791"><span class='ocrx_word' id='word_1_186' title='bbox 617 4284 1006 4294; x_wconf 95' lang='lat' dir='ltr'><strong> </strong></span> 
     </span>
    </p>
   </div>
   <div class='ocr_carea' id='block_1_8' title="bbox 681 4388 2514 4539">
    <p class='ocr_par' dir='ltr' id='par_1_8' title="bbox 681 4388 2514 4539">
     <span class='ocr_line' id='line_1_27' title="bbox 685 4388 2514 4455; baseline -0.001 -14"><span class='ocrx_word' id='word_1_187' title='bbox 685 4392 738 4455; x_wconf 86' lang='lat'><strong>1)</strong></span> <span class='ocrx_word' id='word_1_188' title='bbox 772 4389 1206 4454; x_wconf 76' lang='lat' dir='ltr'><strong>Sitzungsberiohte</strong></span> <span class='ocrx_word' id='word_1_189' title='bbox 1239 4391 1322 4439; x_wconf 86' lang='lat' dir='ltr'><strong>der</strong></span> <span class='ocrx_word' id='word_1_190' title='bbox 1359 4390 1467 4440; x_wconf 62' lang='lat' dir='ltr'><strong>klin.</strong></span> <span class='ocrx_word' id='word_1_191' title='bbox 1503 4406 1683 4454; x_wconf 72' lang='lat' dir='ltr'><strong>prensa.</strong></span> <span class='ocrx_word' id='word_1_192' title='bbox 1720 4390 1869 4439; x_wconf 75' lang='lat' dir='ltr'><strong>Akad.</strong></span> <span class='ocrx_word' id='word_1_193' title='bbox 1908 4389 1953 4438; x_wconf 84' lang='lat' dir='ltr'><strong>d.</strong></span> <span class='ocrx_word' id='word_1_194' title='bbox 1994 4388 2049 4435; x_wconf 89' lang='lat' dir='ltr'>W</span> <span class='ocrx_word' id='word_1_195' title='bbox 2073 4427 2087 4451; x_wconf 85' lang='lat'>‚</span> <span class='ocrx_word' id='word_1_196' title='bbox 2124 4390 2187 4437; x_wconf 91' lang='lat'><strong>10</strong></span> <span class='ocrx_word' id='word_1_197' title='bbox 2219 4388 2330 4439; x_wconf 81' lang='lat' dir='ltr'><strong>Jan.</strong></span> <span class='ocrx_word' id='word_1_198' title='bbox 2368 4388 2514 4443; x_wconf 75' lang='lat'>1⁹07.</span> 
     </span>
     <span class='ocr_line' id='line_1_28' title="bbox 681 4472 1344 4539; baseline -0.006 -14"><span class='ocrx_word' id='word_1_199' title='bbox 681 4476 736 4539; x_wconf 78' lang='lat'><strong>2)</strong></span> <span class='ocrx_word' id='word_1_200' title='bbox 773 4474 994 4533; x_wconf 71' lang='lat' dir='ltr'><strong>Hermen,</strong></span> <span class='ocrx_word' id='word_1_201' title='bbox 1027 4472 1164 4521; x_wconf 82' lang='lat' dir='ltr'><strong>Febr.</strong></span> <span class='ocrx_word' id='word_1_202' title='bbox 1200 4472 1344 4527; x_wconf 79' lang='lat'><strong>1907.</strong></span> 
     </span>
    </p>
   </div>
   <div class='ocr_carea' id='block_1_9' title="bbox 3244 1290 3246 1833">
    <p class='ocr_par' dir='ltr' id='par_1_9' title="bbox 3244 1290 3246 1833">
     <span class='ocr_line' id='line_1_29' title="bbox 3244 1290 3246 1833; baseline 0 0"><span class='ocrx_word' id='word_1_203' title='bbox 3244 1290 3246 1833; x_wconf 95' lang='lat' dir='ltr'><strong> </strong></span> 
     </span>
    </p>
   </div>
   <div class='ocr_carea' id='block_1_10' title="bbox 3244 2699 3246 3281">
    <p class='ocr_par' dir='ltr' id='par_1_10' title="bbox 3244 2699 3246 3281">
     <span class='ocr_line' id='line_1_30' title="bbox 3244 2699 3246 3281; baseline 0 0"><span class='ocrx_word' id='word_1_204' title='bbox 3244 2699 3246 3281; x_wconf 95' lang='lat' dir='ltr'><strong> </strong></span> 
     </span>
    </p>
   </div>
  </div>
 </body>
</html>
