3246 5085
1090 354 1177 403 ΒΕ
1219 354 1540 404 summme
1584 355 1906 404 numme.
2547 342 2680 409 361

284 518 371 583 41
417 517 687 585 Oeneus.
755 519 843 585 42
883 521 1267 586 Oenomaus.
1320 520 1405 586 43
1448 520 1749 608 Oedipus.
1801 521 1888 586 44
1929 521 2243 589 Peliades.
2302 523 2386 588 45
2428 525 2681 593 Peleus.

282 625 371 692 46
412 625 808 692 Palamedes.
859 624 943 693 47
983 625 1317 712 Polyidus,
1370 626 1455 692 48
1496 627 1910 693 Protesilaus.
1963 627 2048 693 49
2075 628 2342 696 Rhesus.
2392 630 2478 696 50
2501 631 2685 699 Sthe-

276 734 536 798 neboea.
588 732 670 797 51
714 731 1010 799 TroadeS.
1062 732 1149 798 52
1181 731 1521 820 Telephus.
1575 734 1660 798 53
1702 733 2087 822 Hypsipyle.
2140 735 2226 801 54
2271 737 2678 805 Phoenissae.

280 838 367 903 55
412 837 820 904 Philoctetes,
877 839 961 905 56
1003 839 1312 904 Phoenix.
1366 839 1450 906 57
1492 841 1846 906 Phaethon.
1898 840 1983 904 58
2009 841 2312 907 Phrixus,
2365 843 2451 909 59
2479 841 2682 933 Chry-

278 948 531 1032 sippus.

368 1053 669 1118 Proxime
731 1053 906 1118 hisce
964 1051 1273 1118 accedunt
1330 1075 1408 1118 ex
1458 1053 1918 1118 recentioribus
1964 1060 2216 1119 tantum
2269 1077 2465 1142 quam
2512 1077 2676 1142 quae

273 1157 655 1224 scholiastae
712 1161 1109 1244 tragicorum
1159 1160 1732 1245 Aristophanisque
1783 1159 2087 1244 praebent
2135 1164 2524 1228 testimoniis
2571 1186 2680 1229 no-

282 1265 385 1331 bis
434 1267 763 1352 cognitae:
884 1299 893 1309 ·

375 1370 462 1437 60
532 1371 761 1454 Alope,
824 1374 1009 1442 cuius
1070 1392 1302 1437 nomen
1362 1370 1541 1438 adest
1602 1374 1670 1436 in
1729 1392 2048 1437 marmore
2097 1371 2364 1438 Albano.
2426 1374 2678 1442 Laudat

278 1499 359 1543 ex
422 1499 495 1543 ea
555 1477 771 1543 fabula
832 1479 1272 1564 fragmentum
1337 1481 1588 1564 primus
1635 1480 2021 1544 Ammonius
2070 1479 2242 1563 quod
2287 1479 2474 1546 debet
2519 1480 2679 1569 Try-

277 1584 505 1670 phoni,
545 1590 930 1671 quapropter
966 1588 1107 1650 iure
1150 1590 1397 1650 statuas
1436 1591 1759 1670 receptam
1801 1605 1943 1650 eam
1977 1585 2176 1651 fuisse
2202 1585 2673 1654 Alexandrinis.

373 1689 452 1755 61
528 1691 883 1756 Plisthenes.
946 1689 1206 1756 Titulus
1268 1697 1445 1756 extat
1502 1694 1571 1755 in
1617 1690 1829 1777 lapide
1873 1691 2161 1771 Piraico,
2211 1729 2296 1741 —
2347 1691 2674 1759 Albanum

273 1817 558 1863 marmor
593 1797 872 1863 fractum
913 1797 1199 1863 desinere
1238 1800 1305 1863 in
1348 1801 1560 1883 priore
1599 1796 1900 1863 columna
1937 1799 2005 1862 in
2030 1797 2268 1863 litteris
2295 1799 2394 1886 Ep
2419 1800 2670 1886 (Epeo),

272 1907 343 1969 in
402 1902 601 1970 altera
662 1903 921 1970 desiisse
978 1902 1323 1990 lapicidam
1379 1907 1448 1969 in
1508 1907 1770 1969 nomine
1832 1902 2084 1970 Orestes
2132 1911 2358 1970 notum
2406 1914 2502 1972 est
2549 1928 2668 1986 —3

273 2019 560 2078 ceterum
622 2011 1005 2076 Eustathius
1058 2011 1139 2076 ad
1181 2011 1297 2076 Od.
1350 2008 1546 2077 1761.
1578 2009 1662 2076 69
1711 2009 1812 2074 ἐπὶ
1858 2011 1922 2077 δὲ
1971 2018 2130 2076 πᾶσι
2179 2011 2354 2089 λέγει
2403 2013 2430 2077 ὃ
2477 2013 2668 2087 αὐτὸς

272 2117 725 2197 γραμματικός
772 2117 1253 2202 (Aristophanes
1300 2117 1678 2203 Byzantius)
1726 2115 1830 2180 xx)
1882 2117 2136 2196 μόμφον
2187 2120 2333 2196 παρ’
2375 2119 2669 2202 Εὐριπίδη

272 2225 385 2299 τὴν
424 2224 669 2304 μέμψιν
710 2227 1030 2303 λεχθῆναι.
1081 2222 1178 2288 Ex
1220 2225 1522 2288 Atticista
1559 2245 1623 2309 p.
1657 2221 1806 2288 107.
1838 2221 1920 2287 19
1961 2224 2240 2304 (μόμφον
2280 2226 2387 2297 τὴν
2426 2225 2670 2304 μέμψιν

275 2329 608 2408 Εὐριπίδης
670 2330 1047 2409 Πλεισθένει)
1094 2331 1236 2395 iure
1282 2328 1489 2394 effecit
1531 2328 1865 2394 Nauckius
1915 2330 2409 2415 Aristophanem
2455 2352 2672 2417 gram·

275 2439 594 2502 maticum
640 2437 802 2501 hanc
848 2433 1133 2501 fabulam
1180 2439 1659 2501 memoravisse.

372 2544 456 2609 62
526 2539 879 2628 Melanippe
926 2545 1145 2609 vineta.
1196 2542 1266 2608 In
1307 2541 1632 2630 lapidibus
1669 2541 1925 2617 nullum
1969 2545 2329 2610 subsidium
2348 2567 2365 2626 ;
2409 2553 2672 2632 propter

271 2654 615 2717 marmoris
684 2652 919 2716 Piraici
987 2653 1161 2716 enim
1224 2649 1654 2715 conditionem
1715 2671 2074 2736 numquam
2141 2658 2356 2717 contra
2419 2651 2670 2718 fabulae

268 2760 671 2846 genuitatem
720 2764 1182 2844 argumentum
1229 2760 1364 2842 peti
1411 2762 1589 2842 potet
1638 2779 1714 2823 ex
1755 2779 1829 2823 eo
1870 2757 2039 2842 quod
2076 2757 2167 2823 ibi
2207 2758 2371 2823 desit
2411 2780 2666 2839 nomen,

272 2885 557 2929 marmor
630 2871 850 2929 autem
912 2862 1237 2929 Albanum
1300 2865 1710 2950 cognomines
1777 2861 2024 2928 fabulas
2097 2884 2454 2949 numquam
2516 2864 2666 2951 plus

272 2992 469 3057 quam
514 2971 714 3036 semel
767 2972 978 3036 habet.
1026 2969 1152 3035 Sed
1197 2971 1308 3034 vix
1358 2969 1650 3034 dubitare
1693 2972 1918 3055 possis,
1967 2972 2126 3055 quin
2177 2970 2450 3035 sufficiat
2488 2974 2665 3037 testi-

269 3078 566 3144 monium
630 3076 963 3141 Athenaei.
1029 3076 1167 3155 Qui·
1208 3096 1355 3141 cum
1404 3075 1550 3140 XII.
1580 3074 1712 3141 523
1762 3076 1982 3141 scribit
2029 3080 2104 3148 ὥς
2156 3076 2183 3140 ὁ
2232 3077 2346 3154 μὲν
2390 3077 2660 3154 Τίμαιός

266 3192 423 3264 Φησι
473 3183 577 3247 xxi
627 3182 953 3261 Εὐριπίδης
1003 3183 1062 3246 ἐν
1108 3182 1457 3258 Δεσμώτιδι
1502 3181 1533 3256 ἢ
1577 3182 1966 3263 Μελανίππῃ
2007 3182 2451 3270 (neglegenter
2491 3205 2664 3265 sane,

269 3292 327 3354 si
369 3286 630 3374 quidem
672 3288 827 3353 haec
873 3308 998 3353 non
1046 3286 1295 3353 librarii
1341 3287 1530 3374 culpa
1575 3293 1698 3369 est)
1747 3288 1928 3354 docet
1973 3291 2042 3352 ni
2090 3287 2278 3355 fallor
2324 3288 2662 3357 Timaeum

275 3395 439 3459 hanc
486 3392 770 3459 fabulam
818 3393 1061 3480 duplici
1112 3392 1306 3459 titulo
1354 3414 1764 3459 memorasse.

366 3498 453 3565 63
524 3500 745 3582 Epeus.
806 3499 1213 3585 Quamquam
1269 3500 1465 3563 huius
1524 3499 1778 3565 fabulae
1839 3521 2158 3586 nusquam
2206 3504 2333 3567 nisi
2377 3504 2445 3566 in
2491 3504 2667 3568 Mar-

272 3606 561 3672 moribus
608 3606 857 3672 Albano
907 3606 1281 3692 Piraicoque
1330 3604 1404 3670 fit
1448 3608 1731 3685 mentio,
1782 3612 1997 3671 tamen
2046 3610 2200 3673 reici
2250 3629 2327 3673 ex
2375 3609 2666 3695 catalogo

270 3715 381 3780 vix
431 3714 689 3798 poterit.
740 3712 910 3777 Nam
957 3714 1083 3776 nisi
1127 3714 1298 3777 inter
1341 3710 1686 3793 σῳζομένας
1738 3712 1968 3779 fuisset
2013 3720 2266 3799 recepta
2319 3735 2447 3779 non
2497 3720 2666 3780 esset

262 3824 334 3887 in
394 3819 707 3886 eiusmodi
768 3818 1084 3906 catalogo.
1154 3818 1455 3905 Spuriam
1525 3826 1744 3885 autem
1815 3823 1872 3885 si
1932 3840 2073 3885 eam
2139 3820 2402 3885 fortasse
2464 3820 2662 3887 fuisse

264 3927 629 4005 contendas,
676 3927 831 3991 haec
877 3927 1155 4010 suspicio
1203 3928 1327 3990 erit
1372 3946 1533 4011 quae
1575 3947 1778 4010 neque
1819 3930 2179 4012 oppugnari
2215 3929 2416 4012 possit
2455 3948 2659 4013 neque

268 4034 540 4121 probari.

358 4139 443 4205 64
514 4139 880 4204 Temenidae.
936 4138 1130 4204 Hunc
1191 4138 1463 4204 titulum
1525 4141 1694 4204 inter
1749 4139 1995 4224 priores
2042 4138 2282 4205 LVIIII
2329 4162 2456 4206 non
2504 4164 2660 4208 enu-

260 4248 539 4323 meravi,
594 4264 989 4331 quamquam
1037 4266 1114 4310 ex
1164 4244 1427 4311 scholiis
1474 4246 1553 4310 ad
1597 4246 1756 4310 Rau.
1812 4245 1986 4311 1338
2035 4253 2283 4313 constat
2331 4252 2658 4335 cognitam

256 4374 401 4419 eam
448 4352 644 4417 fuisse
694 4349 1035 4437 Apollonio
1089 4352 1529 4429 Aristarche0,
1582 4354 1884 4436 quoniam
1927 4351 2392 4420 dubitaverunt
2430 4355 2655 4435 multi,

257 4457 671 4539 Temenidae,
719 4456 1159 4526 Temenumve
1206 4478 1285 4523 an
1331 4460 1668 4544 utriusque
1714 4460 1992 4526 nominis
2043 4460 2328 4527 fabulam
2373 4463 2661 4547 scripsis-
