3246 5085
1292 355 1604 404 nonnus.
2511 341 2644 408 301

0 528 31 571 ³⁵
63 509 100 576 Ῑῖ·
364 524 449 588 A:
516 521 655 600 „Tu
703 526 766 587 te
810 523 855 586 i.
904 542 993 587 m.
1040 521 1153 587 f.”.
1215 521 1423 587 Locus
1470 526 1567 586 est
1609 523 1716 586 hic
1763 525 1839 587 ut
1885 541 1950 586 se
1997 522 2288 589 ostendat
2332 524 2639 591 Phormio

250 629 341 695 de
383 633 714 715 compacto
752 630 960 715 egisse
999 649 1149 693 cum
1191 629 1579 713 Antiphone.
1693 627 1773 693 B:
1816 627 2089 708 Quidam
2129 633 2218 695 sic
2255 631 2651 720 intellegunt

1 725 104 793 dte-⁷.-
252 743 385 814 „tu
446 741 509 800 te
569 734 655 800 id.
704 756 793 799 m.
845 733 958 813 f.”,
1022 740 1099 799 ut
1152 756 1343 800 senex
1404 737 1626 821 potius
1687 740 1870 800 exeat
1919 756 2110 820 quam
2161 739 2352 804 eiciat
2397 736 2642 819 filium3

246 841 599 908 artificiose
648 847 865 906 autem
914 839 1204 925 loquitur
1251 841 1594 918 Phormio,
1643 846 1718 905 ut
1764 840 2004 906 adimat
2045 845 2470 928 suspicionem
2513 847 2648 909 seni

247 949 691 1014 consensionis
751 954 817 1013 et
863 949 1337 1013 convenientiae
1384 948 1555 1012 inter
1598 950 1954 1032 parasitum
2003 954 2068 1012 et
2115 948 2344 1014 filium.
2499 949 2648 1016 Sen-

50 1134 59 1140 .
250 1057 467 1120 tentia
526 1055 869 1120 verborum
937 1052 1079 1132 „Tu
1141 1060 1205 1118 te
1264 1053 1435 1119 idem
1496 1051 1732 1119 melius
1780 1054 2045 1120 feceris’'
2094 1063 2312 1141 aperta
2358 1061 2454 1122 est
2501 1063 2565 1122 et
2612 1078 2650 1123 a

0 1165 78 1228 [εξ
252 1159 657 1226 Slomano
720 1162 811 1226 sic
873 1160 1157 1227 reddita:
1224 1162 1323 1238 „it
1386 1159 1601 1226 would
1661 1161 1738 1224 be
1801 1161 2008 1226 better
2068 1166 2134 1226 to
2196 1161 2276 1226 do
2323 1163 2431 1226 the
2477 1183 2652 1229 same

2 1273 81 1338 5312:
248 1267 420 1334 with
463 1265 797 1353 yourself'
847 1269 889 1332 i.
915 1287 968 1333 e.
1024 1272 1133 1345 „to
1182 1265 1362 1333 leave
1404 1267 1513 1332 the
1553 1267 1756 1332 house
1794 1266 2149 1353 yonrself'.
2200 1267 2280 1334 Et
2322 1271 2413 1334 sic
2452 1272 2648 1336 etiam

254 1372 690 1439 Dziatsz.
739 1371 845 1438 Illi
886 1372 1237 1459 „quidam”
1282 1374 1489 1459 igitur
1529 1377 1700 1437 recte
1739 1371 2201 1439 intellexerunt
2240 1395 2354 1439 nec
2377 1378 2652 1461 cogitari

252 1485 507 1566 potest,
545 1478 896 1567 ‚quomodo
967 1477 1343 1558 scholiasta,
1412 1480 1525 1564 qui
1589 1481 1698 1544 vix
1763 1477 1926 1543 alius
1987 1499 2120 1544 esse
2183 1486 2394 1565 potest
2453 1502 2649 1565 quam

258 1588 402 1672 ipse
462 1584 788 1663 Donatus,
848 1587 1211 1672 pervenerit
1256 1585 1336 1650 ad
1382 1583 1649 1651 alteram
1697 1587 2332 1670 interpretationum,
2380 1589 2505 1652 nisi
2553 1609 2653 1652 su-

262 1695 511 1759 mimus
570 1714 721 1759 eum
782 1691 1018 1779 legisse
1084 1691 1335 1770 „Tute
1389 1691 1563 1757 idem
1609 1713 1699 1757 m.
1750 1691 1838 1756 f.’'
1887 1691 2078 1777 idque
2127 1695 2218 1758 sic
2264 1692 2647 1778 explicasse:

260 1798 391 1865 Fac
444 1798 618 1864 idem
682 1799 847 1884 quod
905 1798 1124 1864 dixisti
1184 1800 1253 1878 (i.
1280 1818 1335 1863 e.
1400 1798 1667 1883 prohibe
1713 1796 1920 1862 filium
1970 1819 2118 1862 cum
2166 1821 2363 1865 uxore
2410 1799 2648 1881 domo),

262 1905 432 1970 nihil
498 1904 731 1971 melius
800 1904 1002 1970 facere
1070 1907 1330 1991 poteris.
1393 1902 1595 1970 Tunc
1633 1900 1876 1969 lemma
1937 1903 2170 1970 Donati
2229 1905 2356 1971 fuit
2402 1905 2652 1988 Tute,

263 2034 391 2078 non
456 2011 569 2077 Tu
630 2021 745 2090 te,
811 2016 875 2077 et
936 2009 1133 2075 simul
1197 2009 1554 2075 declaratur
1615 2030 1729 2074 cur
1789 2008 2132 2075 insolenter
2191 2009 2432 2078 lemma
2478 2034 2652 2098 repe-

264 2125 463 2198 tatur,
527 2139 755 2204 nempe
818 2117 986 2204 quod
1034 2116 1191 2182 dicit
1236 2119 1355 2182 sic
1402 2115 1936 2202 intelligunt
1981 2116 2049 2181 id
2096 2123 2341 2203 spectat·
2385 2117 2652 2185 alteram

263 2223 604 2291 lectionem
628 2273 643 2301 ,
708 2245 869 2309 quae
932 2225 1269 2302 subicitur,
1332 2228 1421 2288 tu
1482 2229 1596 2302 te,
1637 2223 1794 2289 haec
1839 2225 2046 2310 igitur
2091 2221 2280 2290 lectio
2329 2226 2647 2291 obiectum

267 2338 366 2398 est
421 2332 603 2399 verbi
660 2329 1086 2416 intellegunt,
1155 2351 1278 2396 non
1333 2350 1602 2414 sequens
1658 2331 1973 2395 sentent-ia
2029 2335 2146 2408 „ut
2201 2331 2436 2397 senex'’
2501 2339 2650 2398 cett.

268 2437 375 2503 Sic
438 2437 676 2503 Donati
738 2435 1078 2523 explicatio
1123 2458 1249 2503 non
1297 2437 1558 2523 quidem
1606 2436 1893 2516 defendi,
1942 2437 2052 2503 sed
2098 2443 2312 2504 tamen
2363 2444 2653 2506 excusari

268 2544 739 2630 quodammodo
786 2548 1041 2632 poterit.
1146 2606 1173 2625 ,

362 2650 575 2717 Schol.
615 2651 691 2730 A,
736 2650 903 2737 quod
943 2652 1331 2717 contrarium
1371 2651 1551 2717 docet
1590 2655 1783 2737 atque
1823 2652 2147 2731 Donatus,
2192 2675 2419 2739 nempe
2457 2654 2654 2741 Phor·

268 2760 551 2825 mionem
600 2780 721 2823 non
770 2756 970 2823 celare
1017 2757 1125 2823 sed
1172 2756 1498 2823 ostendere
1544 2760 2022 2823 consensionem
2068 2780 2215 2823 cum
2265 2761 2651 2847 Antiphone,

267 2868 493 2951 utique
538 2863 788 2930 Editori
835 2863 1303 2951 adsignandum
1354 2870 1469 2929 est.
1524 2864 2012 2931 Wessnerus
2076 2887 2225 2931 cum
2278 2865 2652 2932 Teubero

268 2977 510 3036 temere
571 2972 845 3036 correxit
908 2966 1175 3056 „<non>
1244 2970 1319 3035 de
1380 2975 1710 3055 compacto
1775 2992 1827 3035 e.
1877 2992 1930 3036 c.
1982 2970 2141 3050 A.”;
2223 2978 2366 3037 tum
2431 2978 2650 3037 autem

265 3074 582 3144 scholium
646 3078 1031 3163 conspiraret
1092 3098 1243 3141 cum
1306 3076 1545 3142 Donati
1604 3079 2130 3162 interpretatione
2191 3084 2256 3143 et
2301 3079 2653 3164 pertineret

266 3182 349 3249 ad
409 3181 869 3269 parallelorum
929 3184 1206 3269 speciem
1254 3181 1765 3269 Interpolatoris,
1815 3184 1926 3249 ubi
1973 3182 2193 3250 eadem
2245 3182 2390 3249 aliis
2435 3187 2650 3251 verbis

266 3292 525 3377 repetit.

360 3394 632 3481 Reliqua
668 3395 909 3461 scholia
945 3396 1361 3475 brevissima,
1406 3395 1485 3462 ad
1524 3418 1620 3462 vs.
1667 3394 1776 3474 81,
1820 3394 1928 3480 82,
1971 3395 2079 3476 86,
2123 3396 2232 3477 88,
2269 3397 2377 3476 90,
2407 3396 2514 3476 92,
2543 3397 2651 3478 93,

269 3504 486 3568 omnia
544 3502 857 3589 leguntur
914 3504 983 3567 in
1042 3504 1121 3581 A,
1185 3506 1311 3568 nisi
1372 3501 1540 3588 quod
1604 3502 1682 3568 ad
1745 3523 1842 3569 vs.
1892 3502 1978 3569 93
2027 3502 2082 3567 Β
2126 3510 2306 3570 notat
2354 3504 2652 3584 ἔλλειψιν.

266 3607 445 3674 Haec
493 3611 710 3674 omnia
754 3610 1035 3695 genuina
1080 3615 1233 3674 sunt
1278 3615 1528 3694 praeter
1574 3607 1698 3673 86:
1766 3609 1983 3690 „Quae
2029 3615 2209 3675 tuam
2257 3616 2652 3677 senectutem

270 3714 587 3781 oblectet''
637 3737 791 3780 non
840 3723 905 3781 te
951 3715 1089 3781 sed
1136 3721 1318 3780 tuam
1365 3720 1783 3781 senectutem.
1899 3716 2116 3781 Huius
2155 3723 2482 3783 auctorem
2521 3720 2653 3781 iam

268 3824 607 3900 novimus,
672 3821 838 3887 redit
899 3821 979 3889 ad
1041 3822 1239 3887 Andr.
1292 3820 1345 3885 V
1391 3822 1453 3887 3.
1486 3821 1567 3887 15
1592 3821 1688 3904 (3)
1753 3821 1896 3888 Non
1961 3824 2150 3902 „me”
2215 3822 2327 3889 sed
2395 3843 2650 3901 „meam

270 3928 735 4008 senectutem”,
784 3927 955 4014 quod
1003 3926 1147 4013 plus
1194 3933 1291 3993 est
1336 3934 1400 3993 et
1447 3928 1916 4007 miserabilius,
1963 3928 2140 3995 dicit.

359 4146 723 4230 Antequam
770 4164 847 4209 ex
894 4142 1012 4209 hac
1060 4142 1449 4209 scholiorum
1486 4144 1848 4210 recensione
1887 4142 1966 4207 ad
2003 4142 2462 4210 Phormionem
2509 4142 2572 4210 II
2613 4144 2654 4211 3

268 4251 641 4319 concludam
706 4251 783 4316 de
845 4251 1119 4315 duorum
1186 4250 1488 4315 ordinum
1535 4251 1591 4313 A
1637 4255 1703 4315 et
1747 4248 1801 4313 B
1846 4255 2076 4315 natura
2122 4257 2313 4335 atque
2363 4252 2652 4337 origine,

268 4361 449 4444 prius
516 4357 1038 4443 interpolationes
1109 4378 1438 4443 exsequar,
1510 4376 1672 4441 quae
1740 4359 1810 4421 in
1873 4357 2335 4423 rarescentibus
2396 4356 2654 4424 scholiis

265 4467 687 4531 inveniuntur
731 4463 809 4529 ad
856 4464 1145 4529 eiusdem
1192 4462 1447 4529 fabulae
1494 4483 1753 4529 scaenas
1800 4462 1864 4528 ΙΙ
1908 4462 2099 4528 4—V
2147 4462 2210 4529 9.
