<?xml version="1.0" encoding="UTF-8"?>
<!DOCTYPE html PUBLIC "-//W3C//DTD XHTML 1.0 Transitional//EN"
    "http://www.w3.org/TR/xhtml1/DTD/xhtml1-transitional.dtd">
<html xmlns="http://www.w3.org/1999/xhtml" xml:lang="en" lang="en">
 <head>
  <title>
</title>
<meta http-equiv="Content-Type" content="text/html;charset=utf-8" />
  <meta name='ocr-system' content='tesseract 3.04.00' />
  <meta name='ocr-capabilities' content='ocr_page ocr_carea ocr_par ocr_line ocrx_word'/>
</head>
<body>
  <div class='ocr_page' id='page_1' title='image "./mnemosynevolume03verdgoog_0201.png"; bbox 0 0 3246 5085; ppageno 0'>
   <div class='ocr_carea' id='block_1_1' title="bbox 1297 337 2652 405">
    <p class='ocr_par' dir='ltr' id='par_1_1' title="bbox 1297 337 2652 405">
     <span class='ocr_line' id='line_1_1' title="bbox 1297 337 2652 405; baseline -0.001 -1"><span class='ocrx_word' id='word_1_1' title='bbox 1297 355 1608 405; x_wconf 68' lang='grc'>0011111118.</span> <span class='ocrx_word' id='word_1_2' title='bbox 2523 337 2652 403; x_wconf 83' lang='grc'><strong>193</strong></span> 
     </span>
    </p>
   </div>
   <div class='ocr_carea' id='block_1_2' title="bbox 261 519 2687 4626">
    <p class='ocr_par' dir='ltr' id='par_1_2' title="bbox 261 519 2659 1016">
     <span class='ocr_line' id='line_1_2' title="bbox 353 519 2653 604; baseline -0.001 -17"><span class='ocrx_word' id='word_1_3' title='bbox 353 523 452 604; x_wconf 95' lang='grc'><strong>(1)</strong></span> <span class='ocrx_word' id='word_1_4' title='bbox 513 521 678 603; x_wconf 82' lang='lat' dir='ltr'><strong>Quia</strong></span> <span class='ocrx_word' id='word_1_5' title='bbox 735 527 800 588; x_wconf 87' lang='lat' dir='ltr'><strong>et</strong></span> <span class='ocrx_word' id='word_1_6' title='bbox 866 528 1058 600; x_wconf 86' lang='lat' dir='ltr'><strong>„ante</strong></span> <span class='ocrx_word' id='word_1_7' title='bbox 1117 521 1404 588; x_wconf 84' lang='lat' dir='ltr'><strong>ostium&#39;’</strong></span> <span class='ocrx_word' id='word_1_8' title='bbox 1467 525 1533 586; x_wconf 84' lang='lat' dir='ltr'><strong>et</strong></span> <span class='ocrx_word' id='word_1_9' title='bbox 1597 522 1898 598; x_wconf 78' lang='lat' dir='ltr'><strong>„tristem</strong></span> <span class='ocrx_word' id='word_1_10' title='bbox 1960 519 2217 598; x_wconf 82' lang='lat' dir='ltr'><strong>video”,</strong></span> <span class='ocrx_word' id='word_1_11' title='bbox 2287 519 2508 598; x_wconf 84' lang='lat' dir='ltr'><strong>„salva</strong></span> <span class='ocrx_word' id='word_1_12' title='bbox 2551 541 2653 586; x_wconf 88' lang='lat' dir='ltr'><strong>res</strong></span> 
     </span>
     <span class='ocr_line' id='line_1_3' title="bbox 266 625 2653 715; baseline -0.001 -21"><span class='ocrx_word' id='word_1_13' title='bbox 266 629 456 696; x_wconf 69' lang='lat' dir='ltr'><strong>est”.=</strong></span> <span class='ocrx_word' id='word_1_14' title='bbox 478 629 613 696; x_wconf 86' lang='lat' dir='ltr'><strong>Nec</strong></span> <span class='ocrx_word' id='word_1_15' title='bbox 661 629 784 694; x_wconf 86' lang='lat' dir='ltr'><strong>hoc</strong></span> <span class='ocrx_word' id='word_1_16' title='bbox 830 627 1002 696; x_wconf 83' lang='lat' dir='ltr'><strong>valet</strong></span> <span class='ocrx_word' id='word_1_17' title='bbox 1046 627 1126 694; x_wconf 86' lang='lat' dir='ltr'><strong>ad</strong></span> <span class='ocrx_word' id='word_1_18' title='bbox 1171 626 1524 706; x_wconf 75' lang='lat' dir='ltr'><strong>laetitiam,</strong></span> <span class='ocrx_word' id='word_1_19' title='bbox 1571 625 1743 715; x_wconf 89' lang='lat' dir='ltr'><strong>quod</strong></span> <span class='ocrx_word' id='word_1_20' title='bbox 1788 626 2106 692; x_wconf 76' lang='lat' dir='ltr'>Parmeno</span> <span class='ocrx_word' id='word_1_21' title='bbox 2150 631 2283 704; x_wconf 88' lang='lat' dir='ltr'><strong>est,</strong></span> <span class='ocrx_word' id='word_1_22' title='bbox 2330 625 2443 692; x_wconf 86' lang='lat' dir='ltr'><strong>sed</strong></span> <span class='ocrx_word' id='word_1_23' title='bbox 2485 626 2653 711; x_wconf 91' lang='lat' dir='ltr'><strong>quod</strong></span> 
     </span>
     <span class='ocr_line' id='line_1_4' title="bbox 261 731 2659 821; baseline -0.002 -20"><span class='ocrx_word' id='word_1_24' title='bbox 261 736 487 803; x_wconf 85' lang='lat' dir='ltr'><strong>rivalis</strong></span> <span class='ocrx_word' id='word_1_25' title='bbox 523 757 772 802; x_wconf 78' lang='lat' dir='ltr'><strong>servus.</strong></span> <span class='ocrx_word' id='word_1_26' title='bbox 871 734 980 800; x_wconf 81' lang='lat' dir='ltr'><strong>Sic</strong></span> <span class='ocrx_word' id='word_1_27' title='bbox 1018 733 1117 800; x_wconf 92' lang='lat' dir='ltr'><strong>IP</strong></span> <span class='ocrx_word' id='word_1_28' title='bbox 1156 737 1452 821; x_wconf 86' lang='lat' dir='ltr'><strong>specioso.</strong></span> <span class='ocrx_word' id='word_1_29' title='bbox 1470 735 1795 811; x_wconf 88' lang='lat' dir='ltr'><strong>acumine,</strong></span> <span class='ocrx_word' id='word_1_30' title='bbox 1835 754 1985 799; x_wconf 87' lang='lat' dir='ltr'><strong>nam</strong></span> <span class='ocrx_word' id='word_1_31' title='bbox 2010 753 2137 800; x_wconf 88' lang='lat' dir='ltr'><strong>una</strong></span> <span class='ocrx_word' id='word_1_32' title='bbox 2160 731 2444 799; x_wconf 88' lang='lat' dir='ltr'><strong>laetitiae</strong></span> <span class='ocrx_word' id='word_1_33' title='bbox 2467 753 2659 798; x_wconf 86' lang='lat' dir='ltr'><strong>causa</strong></span> 
     </span>
     <span class='ocr_line' id='line_1_5' title="bbox 263 839 2657 925; baseline -0.002 -16"><span class='ocrx_word' id='word_1_34' title='bbox 263 842 630 920; x_wconf 79' lang='lat' dir='ltr'><strong>Gnathoni,</strong></span> <span class='ocrx_word' id='word_1_35' title='bbox 678 863 830 908; x_wconf 89' lang='lat' dir='ltr'><strong>cum</strong></span> <span class='ocrx_word' id='word_1_36' title='bbox 877 841 1036 908; x_wconf 88' lang='lat' dir='ltr'><strong>dicit</strong></span> <span class='ocrx_word' id='word_1_37' title='bbox 1083 840 1304 920; x_wconf 85' lang='lat' dir='ltr'><strong>„salva</strong></span> <span class='ocrx_word' id='word_1_38' title='bbox 1347 861 1446 908; x_wconf 89' lang='lat' dir='ltr'><strong>res</strong></span> <span class='ocrx_word' id='word_1_39' title='bbox 1494 839 1656 920; x_wconf 89' lang='lat' dir='ltr'><strong>est’&#39;,</strong></span> <span class='ocrx_word' id='word_1_40' title='bbox 1706 842 1861 906; x_wconf 85' lang='lat' dir='ltr'><strong>haec</strong></span> <span class='ocrx_word' id='word_1_41' title='bbox 1906 845 2039 918; x_wconf 88' lang='lat' dir='ltr'><strong>est,</strong></span> <span class='ocrx_word' id='word_1_42' title='bbox 2088 839 2259 925; x_wconf 89' lang='lat' dir='ltr'><strong>quod</strong></span> <span class='ocrx_word' id='word_1_43' title='bbox 2306 842 2657 905; x_wconf 89' lang='lat' dir='ltr'><strong>tristem</strong></span> 
     </span>
     <span class='ocr_line' id='line_1_6' title="bbox 265 945 2566 1016; baseline -0.001 0"><span class='ocrx_word' id='word_1_44' title='bbox 265 949 462 1016; x_wconf 89' lang='lat' dir='ltr'><strong>illum</strong></span> <span class='ocrx_word' id='word_1_45' title='bbox 505 956 712 1016; x_wconf 84' lang='lat' dir='ltr'><strong>astare</strong></span> <span class='ocrx_word' id='word_1_46' title='bbox 759 948 959 1016; x_wconf 79' lang='lat' dir='ltr'><strong>videt.</strong></span> <span class='ocrx_word' id='word_1_47' title='bbox 2397 945 2464 1013; x_wconf 81' lang='lat' dir='ltr'><strong>S.</strong></span> <span class='ocrx_word' id='word_1_48' title='bbox 2512 969 2566 1013; x_wconf 88' lang='lat' dir='ltr'><strong>c.</strong></span> 
     </span>
    </p>

    <p class='ocr_par' dir='ltr' id='par_1_3' title="bbox 270 1052 2662 1247">
     <span class='ocr_line' id='line_1_7' title="bbox 358 1052 2662 1138; baseline -0.001 -18"><span class='ocrx_word' id='word_1_49' title='bbox 358 1055 525 1121; x_wconf 89' lang='lat' dir='ltr'><strong>Ibid.</strong></span> <span class='ocrx_word' id='word_1_50' title='bbox 565 1055 654 1120; x_wconf 89' lang='lat'><strong>40</strong></span> <span class='ocrx_word' id='word_1_51' title='bbox 698 1054 992 1120; x_wconf 88' lang='lat' dir='ltr'><strong>Plurima</strong></span> <span class='ocrx_word' id='word_1_52' title='bbox 1030 1052 1236 1120; x_wconf 85' lang='lat' dir='ltr'><strong>salute</strong></span> <span class='ocrx_word' id='word_1_53' title='bbox 1274 1055 1743 1120; x_wconf 74' lang='lat' dir='ltr'><strong>Parmenonem</strong></span> <span class='ocrx_word' id='word_1_54' title='bbox 1782 1073 2117 1118; x_wconf 89' lang='lat' dir='ltr'><strong>summum</strong></span> <span class='ocrx_word' id='word_1_55' title='bbox 2148 1073 2343 1119; x_wconf 89' lang='lat' dir='ltr'><strong>suum</strong></span> <span class='ocrx_word' id='word_1_56' title='bbox 2366 1055 2662 1138; x_wconf 88' lang='lat' dir='ltr'><strong>impertit</strong></span> 
     </span>
     <span class='ocr_line' id='line_1_8' title="bbox 270 1157 1543 1247; baseline -0.003 -19"><span class='ocrx_word' id='word_1_57' title='bbox 270 1160 549 1228; x_wconf 82' lang='lat' dir='ltr'><strong>Gnatho.</strong></span> <span class='ocrx_word' id='word_1_58' title='bbox 599 1161 768 1242; x_wconf 85' lang='lat' dir='ltr'><strong>Quid</strong></span> <span class='ocrx_word' id='word_1_59' title='bbox 813 1157 1075 1247; x_wconf 80' lang='lat' dir='ltr'><strong>agitur?</strong></span> <span class='ocrx_word' id='word_1_60' title='bbox 1121 1159 1251 1226; x_wconf 90' lang='lat' dir='ltr'><strong>Pa.</strong></span> <span class='ocrx_word' id='word_1_61' title='bbox 1301 1159 1543 1226; x_wconf 82' lang='lat' dir='ltr'><strong>Statur.</strong></span> 
     </span>
    </p>

    <p class='ocr_par' dir='ltr' id='par_1_4' title="bbox 263 1264 2687 2208">
     <span class='ocr_line' id='line_1_9' title="bbox 359 1264 2664 1352; baseline -0.002 -18"><span class='ocrx_word' id='word_1_62' title='bbox 359 1267 456 1350; x_wconf 82' lang='grc'><strong>(2)</strong></span> <span class='ocrx_word' id='word_1_63' title='bbox 523 1267 696 1334; x_wconf 89' lang='lat' dir='ltr'><strong>Haec</strong></span> <span class='ocrx_word' id='word_1_64' title='bbox 758 1273 893 1333; x_wconf 86' lang='lat' dir='ltr'><strong>tota</strong></span> <span class='ocrx_word' id='word_1_65' title='bbox 943 1265 1182 1332; x_wconf 88' lang='lat' dir='ltr'><strong>locutio</strong></span> <span class='ocrx_word' id='word_1_66' title='bbox 1232 1267 1606 1351; x_wconf 78' lang='lat' dir='ltr'><strong>parasiticae</strong></span> <span class='ocrx_word' id='word_1_67' title='bbox 1654 1264 2012 1352; x_wconf 81' lang='lat' dir='ltr'><strong>elegantiae</strong></span> <span class='ocrx_word' id='word_1_68' title='bbox 2060 1272 2124 1330; x_wconf 89' lang='lat' dir='ltr'><strong>et</strong></span> <span class='ocrx_word' id='word_1_69' title='bbox 2171 1265 2371 1331; x_wconf 88' lang='lat' dir='ltr'><strong>simul</strong></span> <span class='ocrx_word' id='word_1_70' title='bbox 2416 1268 2664 1331; x_wconf 87' lang='lat' dir='ltr'><strong>ironiae</strong></span> 
     </span>
     <span class='ocr_line' id='line_1_10' title="bbox 265 1371 2662 1461; baseline -0.002 -21"><span class='ocrx_word' id='word_1_71' title='bbox 265 1374 458 1461; x_wconf 90' lang='lat' dir='ltr'><strong>plena</strong></span> <span class='ocrx_word' id='word_1_72' title='bbox 503 1379 632 1452; x_wconf 89' lang='lat' dir='ltr'><strong>est,</strong></span> <span class='ocrx_word' id='word_1_73' title='bbox 680 1393 829 1438; x_wconf 88' lang='lat' dir='ltr'><strong>nam</strong></span> <span class='ocrx_word' id='word_1_74' title='bbox 870 1379 936 1440; x_wconf 89' lang='lat' dir='ltr'><strong>et</strong></span> <span class='ocrx_word' id='word_1_75' title='bbox 974 1371 1326 1458; x_wconf 86' lang='lat' dir='ltr'><strong>plurimam</strong></span> <span class='ocrx_word' id='word_1_76' title='bbox 1364 1372 1522 1437; x_wconf 90' lang='lat' dir='ltr'><strong>dicit</strong></span> <span class='ocrx_word' id='word_1_77' title='bbox 1562 1375 1620 1436; x_wconf 93' lang='lat' dir='ltr'><strong>ei</strong></span> <span class='ocrx_word' id='word_1_78' title='bbox 1661 1371 1973 1451; x_wconf 84' lang='lat' dir='ltr'><strong>salutem,</strong></span> <span class='ocrx_word' id='word_1_79' title='bbox 2013 1393 2205 1457; x_wconf 92' lang='lat' dir='ltr'><strong>quem</strong></span> <span class='ocrx_word' id='word_1_80' title='bbox 2244 1392 2322 1438; x_wconf 92' lang='lat' dir='ltr'><strong>ne</strong></span> <span class='ocrx_word' id='word_1_81' title='bbox 2357 1375 2662 1458; x_wconf 85' lang='lat' dir='ltr'><strong>exiguam</strong></span> 
     </span>
     <span class='ocr_line' id='line_1_11' title="bbox 265 1478 2661 1567; baseline -0.002 -21"><span class='ocrx_word' id='word_1_82' title='bbox 265 1481 532 1567; x_wconf 90' lang='lat' dir='ltr'><strong>quidem</strong></span> <span class='ocrx_word' id='word_1_83' title='bbox 596 1479 757 1546; x_wconf 79' lang='lat' dir='ltr'><strong>velit</strong></span> <span class='ocrx_word' id='word_1_84' title='bbox 815 1481 1172 1559; x_wconf 85' lang='lat' dir='ltr'><strong>continere,</strong></span> <span class='ocrx_word' id='word_1_85' title='bbox 1240 1485 1399 1555; x_wconf 87' lang='lat' dir='ltr'><strong>(et)</strong></span> <span class='ocrx_word' id='word_1_86' title='bbox 1467 1479 1888 1556; x_wconf 87' lang='lat' dir='ltr'><strong>„summum”</strong></span> <span class='ocrx_word' id='word_1_87' title='bbox 1940 1478 2101 1543; x_wconf 83' lang='lat' dir='ltr'><strong>dicit.</strong></span> <span class='ocrx_word' id='word_1_88' title='bbox 2147 1500 2336 1556; x_wconf 91' lang='lat' dir='ltr'><strong>eum,</strong></span> <span class='ocrx_word' id='word_1_89' title='bbox 2366 1481 2499 1564; x_wconf 84' lang='lat' dir='ltr'><strong>-qui</strong></span> <span class='ocrx_word' id='word_1_90' title='bbox 2544 1498 2661 1543; x_wconf 88' lang='lat' dir='ltr'><strong>nec</strong></span> 
     </span>
     <span class='ocr_line' id='line_1_12' title="bbox 263 1582 2663 1671; baseline -0.001 -18"><span class='ocrx_word' id='word_1_91' title='bbox 263 1588 432 1653; x_wconf 88' lang='lat' dir='ltr'><strong>levis</strong></span> <span class='ocrx_word' id='word_1_92' title='bbox 478 1590 725 1652; x_wconf 88' lang='lat' dir='ltr'><strong>amicus</strong></span> <span class='ocrx_word' id='word_1_93' title='bbox 771 1587 858 1651; x_wconf 91' lang='lat' dir='ltr'><strong>sit</strong></span> <span class='ocrx_word' id='word_1_94' title='bbox 903 1586 1060 1664; x_wconf 91' lang='lat' dir='ltr'><strong>sibi,</strong></span> <span class='ocrx_word' id='word_1_95' title='bbox 1110 1591 1176 1651; x_wconf 88' lang='lat' dir='ltr'><strong>et</strong></span> <span class='ocrx_word' id='word_1_96' title='bbox 1223 1584 1731 1662; x_wconf 85' lang='lat' dir='ltr'><strong>„Parmenonem</strong></span> <span class='ocrx_word' id='word_1_97' title='bbox 1774 1582 2098 1662; x_wconf 83' lang='lat' dir='ltr'><strong>Gnatho’&#39;,</strong></span> <span class='ocrx_word' id='word_1_98' title='bbox 2148 1607 2272 1650; x_wconf 93' lang='lat' dir='ltr'><strong>non</strong></span> <span class='ocrx_word' id='word_1_99' title='bbox 2324 1592 2429 1664; x_wconf 88' lang='lat' dir='ltr'><strong>„te</strong></span> <span class='ocrx_word' id='word_1_100' title='bbox 2475 1583 2663 1671; x_wconf 87' lang='lat' dir='ltr'><strong>ego’&#39;.</strong></span> 
     </span>
     <span class='ocr_line' id='line_1_13' title="bbox 263 1687 2687 1775; baseline -0.002 -16"><span class='ocrx_word' id='word_1_101' title='bbox 263 1695 372 1759; x_wconf 85' lang='lat' dir='ltr'><strong>Sic</strong></span> <span class='ocrx_word' id='word_1_102' title='bbox 438 1693 599 1758; x_wconf 90' lang='lat' dir='ltr'><strong>Don.</strong></span> <span class='ocrx_word' id='word_1_103' title='bbox 805 1691 906 1756; x_wconf 95' lang='lat' dir='ltr'><strong>IP</strong></span> <span class='ocrx_word' id='word_1_104' title='bbox 968 1691 1240 1756; x_wconf 89' lang='lat' dir='ltr'><strong>Addidit</strong></span> <span class='ocrx_word' id='word_1_105' title='bbox 1299 1689 1677 1756; x_wconf 89' lang='lat' dir='ltr'><strong>flosculum:</strong></span> <span class='ocrx_word' id='word_1_106' title='bbox 1740 1687 1837 1770; x_wconf 88' lang='lat'><strong>(3)</strong></span> <span class='ocrx_word' id='word_1_107' title='bbox 1883 1690 2092 1771; x_wconf 82' lang='lat' dir='ltr'><strong>Quam</strong></span> <span class='ocrx_word' id='word_1_108' title='bbox 2141 1697 2445 1770; x_wconf 83' lang='lat' dir='ltr'><strong>venuste,</strong></span> <span class='ocrx_word' id='word_1_109' title='bbox 2495 1688 2687 1775; x_wconf 88' lang='lat' dir='ltr'><strong>quod.</strong></span> 
     </span>
     <span class='ocr_line' id='line_1_14' title="bbox 264 1793 2665 1866; baseline -0.002 -1"><span class='ocrx_word' id='word_1_110' title='bbox 264 1821 605 1866; x_wconf 91' lang='lat' dir='ltr'><strong>summum</strong></span> <span class='ocrx_word' id='word_1_111' title='bbox 652 1801 936 1864; x_wconf 87' lang='lat' dir='ltr'><strong>amicum</strong></span> <span class='ocrx_word' id='word_1_112' title='bbox 985 1819 1110 1863; x_wconf 93' lang='lat' dir='ltr'><strong>non</strong></span> <span class='ocrx_word' id='word_1_113' title='bbox 1157 1794 1466 1862; x_wconf 79' lang='lat' dir='ltr'><strong>resalutat</strong></span> <span class='ocrx_word' id='word_1_114' title='bbox 1513 1793 1861 1861; x_wconf 72' lang='lat' dir='ltr'><strong>Parmeno!</strong></span> <span class='ocrx_word' id='word_1_115' title='bbox 2047 1795 2224 1862; x_wconf 87' lang='lat' dir='ltr'><strong>Idem</strong></span> <span class='ocrx_word' id='word_1_116' title='bbox 2274 1795 2508 1862; x_wconf 87' lang='lat' dir='ltr'><strong>Donati</strong></span> <span class='ocrx_word' id='word_1_117' title='bbox 2557 1796 2665 1861; x_wconf 88' lang='lat' dir='ltr'><strong>ad-</strong></span> 
     </span>
     <span class='ocr_line' id='line_1_15' title="bbox 265 1902 2667 1984; baseline -0.002 -12"><span class='ocrx_word' id='word_1_118' title='bbox 265 1903 783 1972; x_wconf 83' lang='lat' dir='ltr'><strong>notatiunculae:</strong></span> <span class='ocrx_word' id='word_1_119' title='bbox 832 1905 929 1984; x_wconf 88' lang='lat'><strong>(6)</strong></span> <span class='ocrx_word' id='word_1_120' title='bbox 968 1903 1195 1969; x_wconf 84' lang='lat' dir='ltr'><strong>Facete</strong></span> <span class='ocrx_word' id='word_1_121' title='bbox 1241 1902 1532 1978; x_wconf 81' lang='lat' dir='ltr'><strong>„statur”</strong></span> <span class='ocrx_word' id='word_1_122' title='bbox 1578 1941 1665 1951; x_wconf 96' lang='lat'>—</span> <span class='ocrx_word' id='word_1_123' title='bbox 1705 1903 2073 1969; x_wconf 84' lang='lat' dir='ltr'><strong>subiunxit:</strong></span> <span class='ocrx_word' id='word_1_124' title='bbox 2123 1924 2273 1968; x_wconf 89' lang='lat' dir='ltr'><strong>nam</strong></span> <span class='ocrx_word' id='word_1_125' title='bbox 2320 1909 2524 1981; x_wconf 89' lang='lat' dir='ltr'><strong>stat,</strong></span> <span class='ocrx_word' id='word_1_126' title='bbox 2561 1905 2667 1968; x_wconf 90' lang='lat' dir='ltr'><strong>cui</strong></span> 
     </span>
     <span class='ocr_line' id='line_1_16' title="bbox 267 2009 2667 2106; baseline -0.003 -28"><span class='ocrx_word' id='word_1_127' title='bbox 267 2012 528 2106; x_wconf 80' lang='lat' dir='ltr'><strong>ingredi</strong></span> <span class='ocrx_word' id='word_1_128' title='bbox 587 2032 713 2076; x_wconf 93' lang='lat' dir='ltr'><strong>non</strong></span> <span class='ocrx_word' id='word_1_129' title='bbox 769 2009 942 2076; x_wconf 90' lang='lat' dir='ltr'><strong>licet.</strong></span> <span class='ocrx_word' id='word_1_130' title='bbox 1007 2009 1080 2074; x_wconf 92' lang='lat' dir='ltr'><strong>In</strong></span> <span class='ocrx_word' id='word_1_131' title='bbox 1127 2031 1252 2095; x_wconf 90' lang='lat' dir='ltr'><strong>qno</strong></span> <span class='ocrx_word' id='word_1_132' title='bbox 1299 2009 1506 2074; x_wconf 91' lang='lat' dir='ltr'><strong>denuo</strong></span> <span class='ocrx_word' id='word_1_133' title='bbox 1554 2012 1830 2086; x_wconf 84' lang='lat' dir='ltr'><strong>erravit,</strong></span> <span class='ocrx_word' id='word_1_134' title='bbox 1878 2011 2118 2074; x_wconf 84' lang='lat' dir='ltr'><strong>etenim</strong></span> <span class='ocrx_word' id='word_1_135' title='bbox 2168 2009 2482 2074; x_wconf 89' lang='lat' dir='ltr'><strong>Parmeno</strong></span> <span class='ocrx_word' id='word_1_136' title='bbox 2528 2011 2667 2095; x_wconf 91' lang='lat' dir='ltr'><strong>ipse</strong></span> 
     </span>
     <span class='ocr_line' id='line_1_17' title="bbox 271 2115 2235 2208; baseline -0.002 -24"><span class='ocrx_word' id='word_1_137' title='bbox 271 2119 560 2208; x_wconf 87' lang='lat' dir='ltr'><strong>profiteri</strong></span> <span class='ocrx_word' id='word_1_138' title='bbox 605 2120 710 2183; x_wconf 90' lang='lat' dir='ltr'><strong>hic</strong></span> <span class='ocrx_word' id='word_1_139' title='bbox 756 2121 1016 2204; x_wconf 90' lang='lat' dir='ltr'><strong>nequit,</strong></span> <span class='ocrx_word' id='word_1_140' title='bbox 1064 2117 1330 2182; x_wconf 90' lang='lat' dir='ltr'><strong>domum</strong></span> <span class='ocrx_word' id='word_1_141' title='bbox 1377 2115 1629 2202; x_wconf 82' lang='lat' dir='ltr'><strong>ingredi</strong></span> <span class='ocrx_word' id='word_1_142' title='bbox 1676 2117 1800 2180; x_wconf 89' lang='lat' dir='ltr'><strong>sibi</strong></span> <span class='ocrx_word' id='word_1_143' title='bbox 1854 2138 1979 2181; x_wconf 91' lang='lat' dir='ltr'><strong>non</strong></span> <span class='ocrx_word' id='word_1_144' title='bbox 2026 2115 2235 2181; x_wconf 87' lang='lat' dir='ltr'><strong>licere.</strong></span> 
     </span>
    </p>

    <p class='ocr_par' dir='ltr' id='par_1_5' title="bbox 2008 2207 2679 2308">
     <span class='ocr_line' id='line_1_18' title="bbox 2008 2207 2679 2308; baseline 0.001 -21"><span class='ocrx_word' id='word_1_145' title='bbox 2008 2222 2074 2287; x_wconf 82' lang='lat' dir='ltr'><strong>S.</strong></span> <span class='ocrx_word' id='word_1_146' title='bbox 2122 2231 2473 2308; x_wconf 89' lang='lat' dir='ltr'><strong>utrumque</strong></span> <span class='ocrx_word' id='word_1_147' title='bbox 2519 2243 2574 2288; x_wconf 88' lang='lat' dir='ltr'><strong>c.</strong></span> <span class='ocrx_word' id='word_1_148' title='bbox 2674 2207 2679 2212; x_wconf 37' lang='lat'>⁸</span> 
     </span>
    </p>

    <p class='ocr_par' dir='ltr' id='par_1_6' title="bbox 266 2328 2673 2841">
     <span class='ocr_line' id='line_1_19' title="bbox 364 2328 2669 2415; baseline -0.001 -18"><span class='ocrx_word' id='word_1_149' title='bbox 364 2332 527 2398; x_wconf 91' lang='lat' dir='ltr'><strong>Ibid.</strong></span> <span class='ocrx_word' id='word_1_150' title='bbox 577 2329 664 2397; x_wconf 86' lang='lat'><strong>43</strong></span> <span class='ocrx_word' id='word_1_151' title='bbox 735 2331 833 2411; x_wconf 87' lang='lat'><strong>(3)</strong></span> <span class='ocrx_word' id='word_1_152' title='bbox 902 2331 1076 2409; x_wconf 89' lang='lat' dir='ltr'><strong>„Uro</strong></span> <span class='ocrx_word' id='word_1_153' title='bbox 1131 2331 1498 2396; x_wconf 90' lang='lat' dir='ltr'><strong>hominem’&#39;</strong></span> <span class='ocrx_word' id='word_1_154' title='bbox 1567 2331 1690 2395; x_wconf 91' lang='lat' dir='ltr'><strong>sibi</strong></span> <span class='ocrx_word' id='word_1_155' title='bbox 1737 2331 1855 2395; x_wconf 91' lang='lat' dir='ltr'><strong>hoc</strong></span> <span class='ocrx_word' id='word_1_156' title='bbox 1901 2335 2091 2415; x_wconf 85' lang='lat' dir='ltr'><strong>gestu</strong></span> <span class='ocrx_word' id='word_1_157' title='bbox 2140 2336 2205 2394; x_wconf 92' lang='lat' dir='ltr'><strong>et</strong></span> <span class='ocrx_word' id='word_1_158' title='bbox 2253 2328 2441 2394; x_wconf 86' lang='lat' dir='ltr'><strong>vultu</strong></span> <span class='ocrx_word' id='word_1_159' title='bbox 2490 2350 2669 2414; x_wconf 90' lang='lat' dir='ltr'><strong>para-</strong></span> 
     </span>
     <span class='ocr_line' id='line_1_20' title="bbox 269 2435 2667 2522; baseline -0 -19"><span class='ocrx_word' id='word_1_160' title='bbox 269 2441 460 2520; x_wconf 79' lang='lat' dir='ltr'><strong>sitico</strong></span> <span class='ocrx_word' id='word_1_161' title='bbox 524 2437 702 2504; x_wconf 90' lang='lat' dir='ltr'><strong>dicit.</strong></span> <span class='ocrx_word' id='word_1_162' title='bbox 771 2475 855 2487; x_wconf 89' lang='lat'><strong>—-</strong></span> <span class='ocrx_word' id='word_1_163' title='bbox 920 2437 1017 2518; x_wconf 90' lang='lat'><strong>(4)</strong></span> <span class='ocrx_word' id='word_1_164' title='bbox 1081 2444 1146 2502; x_wconf 91' lang='lat' dir='ltr'><strong>et</strong></span> <span class='ocrx_word' id='word_1_165' title='bbox 1197 2435 1396 2514; x_wconf 89' lang='lat' dir='ltr'><strong>„uro”</strong></span> <span class='ocrx_word' id='word_1_166' title='bbox 1445 2459 1559 2521; x_wconf 89' lang='lat' dir='ltr'><strong>pro</strong></span> <span class='ocrx_word' id='word_1_167' title='bbox 1608 2457 1683 2501; x_wconf 86' lang='lat' dir='ltr'><strong>eo</strong></span> <span class='ocrx_word' id='word_1_168' title='bbox 1732 2435 1898 2520; x_wconf 91' lang='lat' dir='ltr'><strong>quod</strong></span> <span class='ocrx_word' id='word_1_169' title='bbox 1948 2443 2045 2500; x_wconf 88' lang='lat' dir='ltr'><strong>est</strong></span> <span class='ocrx_word' id='word_1_170' title='bbox 2093 2435 2303 2502; x_wconf 89' lang='lat' dir='ltr'><strong>dolere</strong></span> <span class='ocrx_word' id='word_1_171' title='bbox 2350 2457 2531 2522; x_wconf 83' lang='lat' dir='ltr'><strong>cog-0,</strong></span> <span class='ocrx_word' id='word_1_172' title='bbox 2581 2474 2667 2484; x_wconf 93' lang='lat'>—</span> 
     </span>
     <span class='ocr_line' id='line_1_21' title="bbox 269 2541 2673 2627; baseline -0.001 -16"><span class='ocrx_word' id='word_1_173' title='bbox 269 2545 371 2627; x_wconf 89' lang='lat'><strong>(5)</strong></span> <span class='ocrx_word' id='word_1_174' title='bbox 435 2546 568 2623; x_wconf 82' lang='lat' dir='ltr'><strong>„Ut</strong></span> <span class='ocrx_word' id='word_1_175' title='bbox 629 2544 828 2611; x_wconf 87' lang='lat' dir='ltr'><strong>falsus</strong></span> <span class='ocrx_word' id='word_1_176' title='bbox 892 2546 1092 2610; x_wconf 84' lang='lat' dir='ltr'><strong>animi</strong></span> <span class='ocrx_word' id='word_1_177' title='bbox 1155 2544 1292 2608; x_wconf 88' lang='lat' dir='ltr'><strong>est&#39;’</strong></span> <span class='ocrx_word' id='word_1_178' title='bbox 1357 2541 1660 2608; x_wconf 89' lang='lat' dir='ltr'><strong>similiter</strong></span> <span class='ocrx_word' id='word_1_179' title='bbox 1716 2549 1793 2613; x_wconf 77' lang='lat' dir='ltr'><strong>et,</strong></span> <span class='ocrx_word' id='word_1_180' title='bbox 1830 2544 2141 2609; x_wconf 86' lang='lat' dir='ltr'><strong>Parmeno</strong></span> <span class='ocrx_word' id='word_1_181' title='bbox 2185 2564 2403 2609; x_wconf 88' lang='lat' dir='ltr'><strong>secum</strong></span> <span class='ocrx_word' id='word_1_182' title='bbox 2450 2544 2673 2609; x_wconf 85' lang='lat' dir='ltr'><strong>servili</strong></span> 
     </span>
     <span class='ocr_line' id='line_1_22' title="bbox 266 2648 2669 2740; baseline -0.001 -23"><span class='ocrx_word' id='word_1_183' title='bbox 266 2659 486 2740; x_wconf 83' lang='lat' dir='ltr'><strong>gestu.</strong></span> <span class='ocrx_word' id='word_1_184' title='bbox 626 2650 863 2716; x_wconf 83' lang='lat' dir='ltr'><strong>Sabb.</strong></span> <span class='ocrx_word' id='word_1_185' title='bbox 907 2656 1124 2716; x_wconf 89' lang='lat' dir='ltr'><strong>monet</strong></span> <span class='ocrx_word' id='word_1_186' title='bbox 1162 2651 1257 2729; x_wconf 86' lang='lat'><strong>(4)</strong></span> <span class='ocrx_word' id='word_1_187' title='bbox 1296 2648 1758 2733; x_wconf 87' lang='lat' dir='ltr'><strong>interpolatum</strong></span> <span class='ocrx_word' id='word_1_188' title='bbox 1798 2670 1931 2713; x_wconf 91' lang='lat' dir='ltr'><strong>esse</strong></span> <span class='ocrx_word' id='word_1_189' title='bbox 1968 2652 2138 2715; x_wconf 87' lang='lat' dir='ltr'><strong>inter</strong></span> <span class='ocrx_word' id='word_1_190' title='bbox 2160 2649 2403 2716; x_wconf 88' lang='lat' dir='ltr'><strong>scholia</strong></span> <span class='ocrx_word' id='word_1_191' title='bbox 2426 2650 2669 2715; x_wconf 80' lang='lat' dir='ltr'><strong>similia</strong></span> 
     </span>
     <span class='ocr_line' id='line_1_23' title="bbox 268 2754 2668 2841; baseline -0.001 -18"><span class='ocrx_word' id='word_1_192' title='bbox 268 2758 370 2839; x_wconf 80' lang='lat'><strong>(3)</strong></span> <span class='ocrx_word' id='word_1_193' title='bbox 435 2766 500 2823; x_wconf 90' lang='lat' dir='ltr'><strong>et</strong></span> <span class='ocrx_word' id='word_1_194' title='bbox 563 2757 680 2839; x_wconf 85' lang='lat'>(5).</span> <span class='ocrx_word' id='word_1_195' title='bbox 859 2754 958 2824; x_wconf 82' lang='lat' dir='ltr'><strong>cf.</strong></span> <span class='ocrx_word' id='word_1_196' title='bbox 1031 2755 1317 2821; x_wconf 89' lang='lat' dir='ltr'><strong>similem</strong></span> <span class='ocrx_word' id='word_1_197' title='bbox 1378 2755 1771 2821; x_wconf 83' lang='lat' dir='ltr'><strong>scholiorum</strong></span> <span class='ocrx_word' id='word_1_198' title='bbox 1831 2758 2217 2841; x_wconf 84' lang='lat' dir='ltr'><strong>positionem</strong></span> <span class='ocrx_word' id='word_1_199' title='bbox 2279 2756 2365 2821; x_wconf 82' lang='lat'><strong>29</strong></span> <span class='ocrx_word' id='word_1_200' title='bbox 2392 2756 2487 2837; x_wconf 88' lang='grc'><strong>(4)</strong></span> <span class='ocrx_word' id='word_1_201' title='bbox 2548 2756 2668 2837; x_wconf 83' lang='grc'>(5),</span> 
     </span>
    </p>

    <p class='ocr_par' dir='ltr' id='par_1_7' title="bbox 367 2968 2671 3057">
     <span class='ocr_line' id='line_1_24' title="bbox 367 2968 2671 3057; baseline -0.001 -21"><span class='ocrx_word' id='word_1_202' title='bbox 367 2970 532 3036; x_wconf 90' lang='lat' dir='ltr'><strong>Ibid.</strong></span> <span class='ocrx_word' id='word_1_203' title='bbox 568 2968 654 3035; x_wconf 88' lang='lat'><strong>46</strong></span> <span class='ocrx_word' id='word_1_204' title='bbox 701 2968 827 3035; x_wconf 81' lang='lat' dir='ltr'><strong>Sex</strong></span> <span class='ocrx_word' id='word_1_205' title='bbox 858 2990 981 3057; x_wconf 87' lang='lat' dir='ltr'><strong>ego</strong></span> <span class='ocrx_word' id='word_1_206' title='bbox 1007 2975 1191 3047; x_wconf 88' lang='lat' dir='ltr'><strong>totos,</strong></span> <span class='ocrx_word' id='word_1_207' title='bbox 1220 2969 1558 3046; x_wconf 87' lang='lat' dir='ltr'><strong>Parmeno,</strong></span> <span class='ocrx_word' id='word_1_208' title='bbox 1583 2970 1702 3034; x_wconf 90' lang='lat' dir='ltr'><strong>hos</strong></span> <span class='ocrx_word' id='word_1_209' title='bbox 1726 2973 1791 3033; x_wconf 88' lang='lat' dir='ltr'><strong>te</strong></span> <span class='ocrx_word' id='word_1_210' title='bbox 1815 2989 2065 3033; x_wconf 89' lang='lat' dir='ltr'><strong>menses</strong></span> <span class='ocrx_word' id='word_1_211' title='bbox 2089 2971 2384 3053; x_wconf 89' lang='lat' dir='ltr'><strong>quietum</strong></span> <span class='ocrx_word' id='word_1_212' title='bbox 2408 2968 2671 3034; x_wconf 87' lang='lat' dir='ltr'><strong>reddam</strong></span> 
     </span>
    </p>

    <p class='ocr_par' dir='ltr' id='par_1_8' title="bbox 276 3071 2671 3268">
     <span class='ocr_line' id='line_1_25' title="bbox 371 3071 2671 3162; baseline -0 -22"><span class='ocrx_word' id='word_1_213' title='bbox 371 3077 468 3162; x_wconf 90' lang='lat'><strong>(1)</strong></span> <span class='ocrx_word' id='word_1_214' title='bbox 517 3074 683 3156; x_wconf 82' lang='lat' dir='ltr'><strong>Quid</strong></span> <span class='ocrx_word' id='word_1_215' title='bbox 730 3082 896 3152; x_wconf 84' lang='lat' dir='ltr'><strong>est,</strong></span> <span class='ocrx_word' id='word_1_216' title='bbox 897 3076 1110 3151; x_wconf 85' lang='lat' dir='ltr'><strong>,’totos</strong></span> <span class='ocrx_word' id='word_1_217' title='bbox 1121 3071 1180 3141; x_wconf 75' lang='lat'><strong>³?</strong></span> <span class='ocrx_word' id='word_1_218' title='bbox 1227 3096 1306 3140; x_wconf 89' lang='lat' dir='ltr'><strong>an</strong></span> <span class='ocrx_word' id='word_1_219' title='bbox 1356 3074 1580 3140; x_wconf 90' lang='lat' dir='ltr'><strong>diebus</strong></span> <span class='ocrx_word' id='word_1_220' title='bbox 1628 3079 1694 3138; x_wconf 84' lang='lat' dir='ltr'><strong>et</strong></span> <span class='ocrx_word' id='word_1_221' title='bbox 1736 3075 2061 3152; x_wconf 88' lang='lat' dir='ltr'><strong>noctibus,</strong></span> <span class='ocrx_word' id='word_1_222' title='bbox 2101 3080 2327 3159; x_wconf 86' lang='lat' dir='ltr'><strong>utpote</strong></span> <span class='ocrx_word' id='word_1_223' title='bbox 2350 3077 2671 3140; x_wconf 80' lang='lat' dir='ltr'><strong>amatoris</strong></span> 
     </span>
     <span class='ocr_line' id='line_1_26' title="bbox 276 3177 1825 3268; baseline -0.004 -19"><span class='ocrx_word' id='word_1_224' title='bbox 276 3204 578 3259; x_wconf 85' lang='lat' dir='ltr'><strong>servum,</strong></span> <span class='ocrx_word' id='word_1_225' title='bbox 627 3202 700 3247; x_wconf 87' lang='lat' dir='ltr'><strong>ac</strong></span> <span class='ocrx_word' id='word_1_226' title='bbox 744 3202 859 3268; x_wconf 88' lang='lat' dir='ltr'><strong>per</strong></span> <span class='ocrx_word' id='word_1_227' title='bbox 904 3183 1022 3246; x_wconf 88' lang='lat' dir='ltr'><strong>hoc</strong></span> <span class='ocrx_word' id='word_1_228' title='bbox 1067 3184 1204 3246; x_wconf 89' lang='lat' dir='ltr'><strong>sine</strong></span> <span class='ocrx_word' id='word_1_229' title='bbox 1252 3180 1385 3245; x_wconf 89' lang='lat' dir='ltr'><strong>ulla</strong></span> <span class='ocrx_word' id='word_1_230' title='bbox 1429 3177 1825 3245; x_wconf 77' lang='lat' dir='ltr'><strong>cessatione?</strong></span> 
     </span>
    </p>

    <p class='ocr_par' dir='ltr' id='par_1_9' title="bbox 274 3286 2675 3782">
     <span class='ocr_line' id='line_1_27' title="bbox 377 3286 2673 3374; baseline -0.002 -19"><span class='ocrx_word' id='word_1_231' title='bbox 377 3288 858 3374; x_wconf 88' lang='lat' dir='ltr'><strong>Comparandus</strong></span> <span class='ocrx_word' id='word_1_232' title='bbox 905 3294 1004 3353; x_wconf 89' lang='lat' dir='ltr'><strong>est</strong></span> <span class='ocrx_word' id='word_1_233' title='bbox 1041 3287 1219 3353; x_wconf 90' lang='lat' dir='ltr'><strong>locus</strong></span> <span class='ocrx_word' id='word_1_234' title='bbox 1261 3287 1380 3352; x_wconf 84' lang='lat' dir='ltr'><strong>Ad.</strong></span> <span class='ocrx_word' id='word_1_235' title='bbox 1423 3286 1517 3353; x_wconf 89' lang='lat'><strong>111</strong></span> <span class='ocrx_word' id='word_1_236' title='bbox 1559 3286 1620 3351; x_wconf 89' lang='lat'><strong>3.</strong></span> <span class='ocrx_word' id='word_1_237' title='bbox 1650 3286 1735 3350; x_wconf 88' lang='lat'><strong>43</strong></span> <span class='ocrx_word' id='word_1_238' title='bbox 1780 3288 1954 3363; x_wconf 82' lang='lat' dir='ltr'><strong>„Aut</strong></span> <span class='ocrx_word' id='word_1_239' title='bbox 1994 3308 2117 3352; x_wconf 92' lang='lat' dir='ltr'><strong>non</strong></span> <span class='ocrx_word' id='word_1_240' title='bbox 2158 3308 2264 3352; x_wconf 85' lang='lat' dir='ltr'><strong>sex</strong></span> <span class='ocrx_word' id='word_1_241' title='bbox 2304 3290 2459 3353; x_wconf 80' lang='lat' dir='ltr'><strong>totis</strong></span> <span class='ocrx_word' id='word_1_242' title='bbox 2499 3308 2673 3353; x_wconf 89' lang='lat' dir='ltr'><strong>men·</strong></span> 
     </span>
     <span class='ocr_line' id='line_1_28' title="bbox 274 3390 2675 3481; baseline -0.001 -18"><span class='ocrx_word' id='word_1_243' title='bbox 274 3398 456 3463; x_wconf 89' lang='lat' dir='ltr'><strong>sibus</strong></span> <span class='ocrx_word' id='word_1_244' title='bbox 503 3397 683 3481; x_wconf 89' lang='lat' dir='ltr'><strong>prius</strong></span> <span class='ocrx_word' id='word_1_245' title='bbox 732 3394 1125 3471; x_wconf 86' lang='lat' dir='ltr'><strong>olfecissem,</strong></span> <span class='ocrx_word' id='word_1_246' title='bbox 1175 3415 1370 3480; x_wconf 89' lang='lat' dir='ltr'><strong>quam</strong></span> <span class='ocrx_word' id='word_1_247' title='bbox 1418 3392 1909 3479; x_wconf 89' lang='lat' dir='ltr'><strong>ille-quicquam</strong></span> <span class='ocrx_word' id='word_1_248' title='bbox 1952 3390 2329 3478; x_wconf 80' lang='lat' dir='ltr'><strong>coeperet?&#39;&#39;</strong></span> <span class='ocrx_word' id='word_1_249' title='bbox 2379 3393 2508 3459; x_wconf 91' lang='lat' dir='ltr'><strong>Ubi</strong></span> <span class='ocrx_word' id='word_1_250' title='bbox 2554 3393 2675 3461; x_wconf 87' lang='lat' dir='ltr'><strong>Do-.</strong></span> 
     </span>
     <span class='ocr_line' id='line_1_29' title="bbox 275 3500 2672 3599; baseline -0.001 -31"><span class='ocrx_word' id='word_1_251' title='bbox 275 3509 496 3599; x_wconf 80' lang='lat' dir='ltr'><strong>natus:</strong></span> <span class='ocrx_word' id='word_1_252' title='bbox 547 3501 646 3581; x_wconf 83' lang='lat'><strong>(2)</strong></span> <span class='ocrx_word' id='word_1_253' title='bbox 691 3500 834 3567; x_wconf 87' lang='lat' dir='ltr'><strong>Hoc</strong></span> <span class='ocrx_word' id='word_1_254' title='bbox 875 3510 970 3565; x_wconf 84' lang='lat' dir='ltr'><strong>est</strong></span> <span class='ocrx_word' id='word_1_255' title='bbox 1008 3503 1419 3587; x_wconf 85' lang='lat' dir='ltr'><strong>integris,</strong></span> <span class='ocrx_word' id='word_1_256' title='bbox 1463 3507 1537 3565; x_wconf 91' lang='lat' dir='ltr'><strong>ut</strong></span> <span class='ocrx_word' id='word_1_257' title='bbox 1575 3521 1656 3568; x_wconf 90' lang='lat' dir='ltr'><strong>ne</strong></span> <span class='ocrx_word' id='word_1_258' title='bbox 1698 3522 1899 3575; x_wconf 91' lang='lat' dir='ltr'><strong>unum</strong></span> <span class='ocrx_word' id='word_1_259' title='bbox 1943 3500 2201 3585; x_wconf 92' lang='lat' dir='ltr'><strong>quidem</strong></span> <span class='ocrx_word' id='word_1_260' title='bbox 2243 3500 2413 3565; x_wconf 90' lang='lat' dir='ltr'><strong>diem</strong></span> <span class='ocrx_word' id='word_1_261' title='bbox 2456 3502 2672 3565; x_wconf 90' lang='lat' dir='ltr'><strong>minus</strong></span> 
     </span>
     <span class='ocr_line' id='line_1_30' title="bbox 275 3606 2672 3692; baseline -0.002 -17"><span class='ocrx_word' id='word_1_262' title='bbox 275 3632 314 3675; x_wconf 89' lang='lat' dir='ltr'><strong>a</strong></span> <span class='ocrx_word' id='word_1_263' title='bbox 353 3632 466 3674; x_wconf 80' lang='lat' dir='ltr'><strong>sex</strong></span> <span class='ocrx_word' id='word_1_264' title='bbox 508 3608 834 3673; x_wconf 90' lang='lat' dir='ltr'><strong>mensibus</strong></span> <span class='ocrx_word' id='word_1_265' title='bbox 875 3610 1068 3685; x_wconf 91' lang='lat' dir='ltr'><strong>sciat,</strong></span> <span class='ocrx_word' id='word_1_266' title='bbox 1111 3606 1268 3691; x_wconf 90' lang='lat' dir='ltr'><strong>quid</strong></span> <span class='ocrx_word' id='word_1_267' title='bbox 1305 3615 1651 3692; x_wconf 88' lang='lat' dir='ltr'><strong>coepturus</strong></span> <span class='ocrx_word' id='word_1_268' title='bbox 1691 3608 1776 3671; x_wconf 90' lang='lat' dir='ltr'><strong>sit</strong></span> <span class='ocrx_word' id='word_1_269' title='bbox 1822 3606 2029 3672; x_wconf 88' lang='lat' dir='ltr'><strong>filius:</strong></span> <span class='ocrx_word' id='word_1_270' title='bbox 2080 3608 2274 3671; x_wconf 92' lang='lat' dir='ltr'><strong>nimis</strong></span> <span class='ocrx_word' id='word_1_271' title='bbox 2320 3608 2561 3671; x_wconf 89' lang='lat' dir='ltr'><strong>comica</strong></span> <span class='ocrx_word' id='word_1_272' title='bbox 2606 3611 2672 3670; x_wconf 86' lang='lat' dir='ltr'><strong>et</strong></span> 
     </span>
     <span class='ocr_line' id='line_1_31' title="bbox 275 3714 2587 3782; baseline -0.002 -2"><span class='ocrx_word' id='word_1_273' title='bbox 275 3714 542 3782; x_wconf 88' lang='lat' dir='ltr'><strong>moralis</strong></span> <span class='ocrx_word' id='word_1_274' title='bbox 587 3717 993 3780; x_wconf 82' lang='lat' dir='ltr'><strong>asseveratio.</strong></span> <span class='ocrx_word' id='word_1_275' title='bbox 2580 3722 2587 3725; x_wconf 85' lang='grc'><em>“</em></span> 
     </span>
    </p>

    <p class='ocr_par' dir='ltr' id='par_1_10' title="bbox 275 3818 2674 4222">
     <span class='ocr_line' id='line_1_32' title="bbox 370 3818 2671 3904; baseline -0 -19"><span class='ocrx_word' id='word_1_276' title='bbox 370 3822 532 3887; x_wconf 82' lang='lat' dir='ltr'><strong>Ecce</strong></span> <span class='ocrx_word' id='word_1_277' title='bbox 594 3820 860 3886; x_wconf 84' lang='lat' dir='ltr'><strong>Aeliana</strong></span> <span class='ocrx_word' id='word_1_278' title='bbox 907 3818 1140 3886; x_wconf 86' lang='lat' dir='ltr'><strong>scholii</strong></span> <span class='ocrx_word' id='word_1_279' title='bbox 1187 3820 1622 3886; x_wconf 84' lang='lat' dir='ltr'><strong>conscribendi</strong></span> <span class='ocrx_word' id='word_1_280' title='bbox 1668 3822 1869 3897; x_wconf 86' lang='lat' dir='ltr'><strong>rati0,</strong></span> <span class='ocrx_word' id='word_1_281' title='bbox 1916 3818 2177 3904; x_wconf 88' lang='lat' dir='ltr'><strong>elegans</strong></span> <span class='ocrx_word' id='word_1_282' title='bbox 2225 3826 2290 3883; x_wconf 90' lang='lat' dir='ltr'><strong>et</strong></span> <span class='ocrx_word' id='word_1_283' title='bbox 2336 3821 2671 3904; x_wconf 86' lang='lat' dir='ltr'><strong>perspicua</strong></span> 
     </span>
     <span class='ocr_line' id='line_1_33' title="bbox 275 3924 2673 4013; baseline -0.001 -21"><span class='ocrx_word' id='word_1_284' title='bbox 275 3930 503 4013; x_wconf 80' lang='lat' dir='ltr'><strong>reique</strong></span> <span class='ocrx_word' id='word_1_285' title='bbox 560 3929 872 4013; x_wconf 85' lang='lat' dir='ltr'><strong>apposita.</strong></span> <span class='ocrx_word' id='word_1_286' title='bbox 1011 3926 1312 3992; x_wconf 88' lang='lat' dir='ltr'><strong>Pallescit</strong></span> <span class='ocrx_word' id='word_1_287' title='bbox 1371 3930 1556 3991; x_wconf 85' lang='lat' dir='ltr'><strong>iuxta</strong></span> <span class='ocrx_word' id='word_1_288' title='bbox 1601 3946 1753 3991; x_wconf 90' lang='lat' dir='ltr'><strong>eum</strong></span> <span class='ocrx_word' id='word_1_289' title='bbox 1800 3928 2101 4012; x_wconf 81' lang='lat' dir='ltr'><strong>magistri</strong></span> <span class='ocrx_word' id='word_1_290' title='bbox 2146 3924 2339 4011; x_wconf 86' lang='lat' dir='ltr'><strong>longe</strong></span> <span class='ocrx_word' id='word_1_291' title='bbox 2385 3928 2673 4010; x_wconf 85' lang='lat' dir='ltr'><strong>quaesita</strong></span> 
     </span>
     <span class='ocr_line' id='line_1_34' title="bbox 279 4031 2674 4121; baseline -0.001 -22"><span class='ocrx_word' id='word_1_292' title='bbox 279 4036 596 4121; x_wconf 84' lang='lat' dir='ltr'><strong>sapientia</strong></span> <span class='ocrx_word' id='word_1_293' title='bbox 639 4034 720 4098; x_wconf 90' lang='lat' dir='ltr'><strong>ad</strong></span> <span class='ocrx_word' id='word_1_294' title='bbox 769 4038 1059 4099; x_wconf 85' lang='lat' dir='ltr'><strong>nostrum</strong></span> <span class='ocrx_word' id='word_1_295' title='bbox 1100 4032 1347 4112; x_wconf 89' lang='lat' dir='ltr'><strong>locum,</strong></span> <span class='ocrx_word' id='word_1_296' title='bbox 1389 4034 1572 4119; x_wconf 89' lang='lat' dir='ltr'><strong>quasi</strong></span> <span class='ocrx_word' id='word_1_297' title='bbox 1609 4031 1774 4097; x_wconf 91' lang='lat' dir='ltr'><strong>illud</strong></span> <span class='ocrx_word' id='word_1_298' title='bbox 1818 4031 2073 4110; x_wconf 89' lang='lat' dir='ltr'><strong>„totos”</strong></span> <span class='ocrx_word' id='word_1_299' title='bbox 2124 4034 2470 4117; x_wconf 90' lang='lat' dir='ltr'><strong>quicquam</strong></span> <span class='ocrx_word' id='word_1_300' title='bbox 2505 4050 2674 4097; x_wconf 83' lang='lat' dir='ltr'><strong>com—</strong></span> 
     </span>
     <span class='ocr_line' id='line_1_35' title="bbox 277 4126 2622 4222; baseline -0.001 -16"><span class='ocrx_word' id='word_1_301' title='bbox 277 4162 476 4206; x_wconf 91' lang='lat' dir='ltr'><strong>mune</strong></span> <span class='ocrx_word' id='word_1_302' title='bbox 522 4139 753 4204; x_wconf 88' lang='lat' dir='ltr'><strong>habeat</strong></span> <span class='ocrx_word' id='word_1_303' title='bbox 799 4160 952 4204; x_wconf 90' lang='lat' dir='ltr'><strong>cum</strong></span> <span class='ocrx_word' id='word_1_304' title='bbox 999 4139 1418 4205; x_wconf 89' lang='lat' dir='ltr'><strong>Parmenonis</strong></span> <span class='ocrx_word' id='word_1_305' title='bbox 1457 4126 1733 4204; x_wconf 83' lang='lat' dir='ltr'><strong>servitio</strong></span> <span class='ocrx_word' id='word_1_306' title='bbox 1754 4137 1924 4222; x_wconf 92' lang='lat' dir='ltr'><strong>apud</strong></span> <span class='ocrx_word' id='word_1_307' title='bbox 1962 4145 2339 4202; x_wconf 87' lang='lat' dir='ltr'><strong>amatorem.</strong></span> <span class='ocrx_word' id='word_1_308' title='bbox 2455 4136 2520 4201; x_wconf 79' lang='lat' dir='ltr'><strong>S.</strong></span> <span class='ocrx_word' id='word_1_309' title='bbox 2570 4160 2622 4203; x_wconf 87' lang='lat' dir='ltr'><strong>c.</strong></span> 
     </span>
    </p>

    <p class='ocr_par' dir='ltr' id='par_1_11' title="bbox 369 4242 2670 4329">
     <span class='ocr_line' id='line_1_36' title="bbox 369 4242 2670 4329; baseline -0.001 -18"><span class='ocrx_word' id='word_1_310' title='bbox 369 4246 532 4311; x_wconf 91' lang='lat' dir='ltr'><strong>Ibid.</strong></span> <span class='ocrx_word' id='word_1_311' title='bbox 585 4244 670 4310; x_wconf 89' lang='lat'><strong>54</strong></span> <span class='ocrx_word' id='word_1_312' title='bbox 718 4243 844 4325; x_wconf 83' lang='lat' dir='ltr'><strong>Qui</strong></span> <span class='ocrx_word' id='word_1_313' title='bbox 889 4244 1055 4309; x_wconf 89' lang='lat' dir='ltr'><strong>mihi</strong></span> <span class='ocrx_word' id='word_1_314' title='bbox 1103 4266 1272 4309; x_wconf 90' lang='lat' dir='ltr'><strong>nunc</strong></span> <span class='ocrx_word' id='word_1_315' title='bbox 1317 4266 1447 4309; x_wconf 91' lang='lat' dir='ltr'><strong>uno</strong></span> <span class='ocrx_word' id='word_1_316' title='bbox 1493 4242 1775 4329; x_wconf 87' lang='lat' dir='ltr'><strong>digitulo</strong></span> <span class='ocrx_word' id='word_1_317' title='bbox 1820 4244 1988 4309; x_wconf 87' lang='lat' dir='ltr'><strong>fores</strong></span> <span class='ocrx_word' id='word_1_318' title='bbox 2034 4246 2241 4329; x_wconf 88' lang='lat' dir='ltr'><strong>aperis</strong></span> <span class='ocrx_word' id='word_1_319' title='bbox 2288 4244 2670 4323; x_wconf 83' lang='lat' dir='ltr'><strong>fortunatus,</strong></span> 
     </span>
    </p>

    <p class='ocr_par' dir='ltr' id='par_1_12' title="bbox 708 4348 2559 4435">
     <span class='ocr_line' id='line_1_37' title="bbox 708 4348 2559 4435; baseline -0.001 -18"><span class='ocrx_word' id='word_1_320' title='bbox 708 4351 805 4417; x_wconf 91' lang='lat' dir='ltr'><strong>Ne</strong></span> <span class='ocrx_word' id='word_1_321' title='bbox 854 4359 926 4417; x_wconf 87' lang='lat' dir='ltr'><strong>tu</strong></span> <span class='ocrx_word' id='word_1_322' title='bbox 972 4354 1129 4417; x_wconf 88' lang='lat' dir='ltr'><strong>istas</strong></span> <span class='ocrx_word' id='word_1_323' title='bbox 1178 4352 1322 4417; x_wconf 84' lang='lat' dir='ltr'><strong>faxo</strong></span> <span class='ocrx_word' id='word_1_324' title='bbox 1371 4349 1650 4416; x_wconf 89' lang='lat' dir='ltr'><strong>calcibus</strong></span> <span class='ocrx_word' id='word_1_325' title='bbox 1699 4371 1885 4435; x_wconf 88' lang='lat' dir='ltr'><strong>saepe</strong></span> <span class='ocrx_word' id='word_1_326' title='bbox 1932 4348 2275 4415; x_wconf 90' lang='lat' dir='ltr'><strong>insultabis</strong></span> <span class='ocrx_word' id='word_1_327' title='bbox 2322 4351 2559 4415; x_wconf 85' lang='lat' dir='ltr'><strong>frustra</strong></span> 
     </span>
    </p>

    <p class='ocr_par' dir='ltr' id='par_1_13' title="bbox 371 4455 2669 4541">
     <span class='ocr_line' id='line_1_38' title="bbox 371 4455 2669 4541; baseline -0.001 -18"><span class='ocrx_word' id='word_1_328' title='bbox 371 4460 470 4541; x_wconf 85' lang='lat'><strong>(1)</strong></span> <span class='ocrx_word' id='word_1_329' title='bbox 531 4458 718 4525; x_wconf 89' lang='lat' dir='ltr'><strong>Nova</strong></span> <span class='ocrx_word' id='word_1_330' title='bbox 777 4456 1017 4523; x_wconf 87' lang='lat' dir='ltr'><strong>locutio</strong></span> <span class='ocrx_word' id='word_1_331' title='bbox 1082 4480 1179 4536; x_wconf 90' lang='lat' dir='ltr'><strong>„c.</strong></span> <span class='ocrx_word' id='word_1_332' title='bbox 1244 4461 1365 4523; x_wconf 91' lang='lat' dir='ltr'><strong>ins.</strong></span> <span class='ocrx_word' id='word_1_333' title='bbox 1423 4456 1512 4522; x_wconf 86' lang='lat' dir='ltr'><strong>f.”</strong></span> <span class='ocrx_word' id='word_1_334' title='bbox 1572 4455 1920 4522; x_wconf 82' lang='lat' dir='ltr'><strong>Sallustius</strong></span> <span class='ocrx_word' id='word_1_335' title='bbox 1978 4455 2265 4536; x_wconf 85' lang='lat' dir='ltr'><strong>„multos</strong></span> <span class='ocrx_word' id='word_1_336' title='bbox 2324 4464 2535 4523; x_wconf 85' lang='lat' dir='ltr'><strong>tamen</strong></span> <span class='ocrx_word' id='word_1_337' title='bbox 2592 4456 2669 4521; x_wconf 90' lang='lat' dir='ltr'><strong>ab</strong></span> 
     </span>
    </p>

    <p class='ocr_par' dir='ltr' id='par_1_14' title="bbox 2318 4577 2379 4626">
     <span class='ocr_line' id='line_1_39' title="bbox 2318 4577 2379 4626; baseline -0.033 0"><span class='ocrx_word' id='word_1_338' title='bbox 2318 4577 2379 4626; x_wconf 83' lang='lat'><strong>13</strong></span> 
     </span>
    </p>
   </div>
  </div>
 </body>
</html>
