3246 5085
636 319 774 389 350
1698 335 1950 388 umus.

627 505 841 588 yaleas
896 525 1011 591 pro
1069 503 1268 585 palea.
1336 502 1435 570 Ad
1498 503 1834 570 tutandam
1895 503 2168 570 Mulleri
2220 505 2806 590 interpretationem
2853 501 3060 570 nihil

636 615 861 698 utique
907 609 1078 676 valet
1122 609 1397 697 Vergilii
1443 609 1617 676 locus
1639 660 1655 689 ,
1705 632 1895 697 quem
1945 608 2292 698 Valmaggi
2339 611 2564 677 attulit
2595 610 2662 692 ¹),
2719 613 2832 677 ubi
2883 611 3064 697 plu-

636 721 810 783 rium
858 717 1150 783 militum
1190 714 1408 803 plures
1447 716 1671 802 galeae
1711 722 2150 783 memorantur
2176 715 2250 796 ²).
2296 717 2521 802 Itaque
2562 718 2754 783 verba
2789 717 3066 783 tradita

637 823 802 889 mibi
859 826 1112 910 integra
1172 845 1296 888 non
1344 823 1666 889 videntur.
1715 823 1962 890 Rursus
2007 845 2046 888 a
2092 829 2306 889 tenore
2353 829 2782 909 contextuque
2829 825 3065 889 huius

634 929 764 996 loci
830 930 995 995 nihil
1062 932 1279 996 abesse
1344 930 1623 1008 videtur,
1697 936 1773 995 ut
1834 951 2028 1015 quem
2091 930 2402 996 excidisse
2461 953 2720 996 versum
2783 929 3066 996 Vahlen

635 1038 997 1122 suspicatus
1042 1043 1175 1114 est,
1225 1038 1293 1100 in
1342 1057 1415 1101 eo
1463 1036 1617 1122 quid
1669 1036 1899 1114 fuerit,
1941 1057 2019 1102 nc
2067 1035 2431 1102 coniciendo
2471 1037 2732 1123 quidem
2772 1039 3056 1122 assequi

634 1145 893 1228 possim.
958 1141 1189 1207 'Pribus
1249 1145 1586 1208 commatis
1647 1143 2048 1208 brevissimis
2109 1142 2374 1228 depingi
2421 1142 2701 1223 videtur,
2751 1146 2898 1228 quis
2951 1145 3062 1207 sit

636 1248 891 1314 effectus
932 1247 1245 1314 telorum:
1298 1248 1332 1313 1
1377 1249 1709 1336 configunt
1750 1270 2075 1335 parmam,
2126 1248 2166 1314 2
2210 1253 2407 1314 tinnit
2441 1249 2782 1315 hastilibus
2806 1250 3056 1327 umbe,

637 1355 677 1420 3
739 1363 951 1421 aerato
1012 1359 1228 1421 sonitu
1287 1355 1531 1442 galeae.
1598 1355 1847 1420 Ultima
1894 1356 2092 1422 verba
2138 1362 2214 1421 ut
2259 1355 2550 1442 intelligi
2596 1359 2876 1443 possint,
2933 1356 3055 1420 bis

634 1461 919 1528 addenda
964 1463 1222 1528 videtur
1265 1461 1483 1528 littera
1527 1482 1593 1527 ετ
1645 1471 1879 1527 aeratos
1921 1465 2154 1528 sonitus
2183 1464 2398 1545 qaZeae
2436 1465 2574 1529 sive
2613 1471 2856 1528 aeratus
2893 1487 2947 1529 ε.
2971 1487 3052 1545 y.

634 1575 699 1635 et
759 1576 975 1634 mente
1033 1569 1461 1656 supplendum
1524 1571 1796 1636 verbum
1863 1578 1968 1636 est.
2034 1569 2320 1636 Ennium
2383 1573 2558 1635 enim
2619 1571 2826 1636 adhuc
2871 1592 3050 1635 casu

632 1678 1033 1742 nominativo
1078 1683 1313 1741 aeratos
1358 1679 1718 1762 scripsisse,
1769 1698 1964 1762 paene
2012 1684 2262 1742 certum
2301 1683 2419 1743 est.
2469 1677 2649 1757 Quod
2687 1680 2744 1742 si
2779 1680 3046 1743 vitium

633 1783 1089 1867 posterioribus
1134 1784 1534 1868 temporibus
1582 1788 1834 1861 ortum,
1887 1805 2137 1850 necesse
2175 1791 2312 1849 erat
2347 1790 2558 1848 aerata
2595 1786 3050 1870 corrigeretur

633 1890 703 1952 in
750 1895 975 1952 aerata

725 1998 987 2080 Aer-atus
1044 1995 1276 2060 sonitus
1337 1996 1636 2062 similiter
1698 1996 1944 2062 dictum
2007 2002 2105 2063 est
2165 2001 2356 2082 atque
2402 1998 2654 2082 ferreus
2715 1996 2898 2061 imber
2925 2057 2934 2062 .
2957 2000 3036 2063 in

634 2123 732 2168 vs.
783 2102 937 2168 284.

726 2281 833 2350 Vs.
886 2283 1016 2351 419

996 2391 1323 2456 Matronae
1366 2414 1585 2457 moeros
1631 2392 1922 2475 complent
1956 2401 2220 2477 spectare
2242 2395 2551 2479 faventes.

724 2495 799 2563 In
859 2503 1035 2564 strue
1099 2497 1489 2565 scholiorum
1551 2498 1631 2565 ad
1694 2499 2058 2587 Vergilium
2119 2499 2328 2566 Servii
2375 2521 2536 2587 quae
2581 2501 2874 2567 feruntur
2923 2502 3034 2568 bis

632 2605 739 2670 hic
784 2626 1027 2670 versus·
1063 2608 1301 2670 citatur
1347 2643 1430 2655 —
1480 2609 1549 2670 in
1598 2606 1736 2671 cod.
1787 2606 2230 2673 Lemovicensi
2277 2607 2356 2673 ad
2404 2606 2639 2695 Georg.
2691 2609 2740 2687 I,
2793 2608 2899 2687 18,
2953 2613 3032 2673 in

633 2708 937 2777 Vaticano
984 2712 1061 2777 ad
1102 2711 1209 2791 IV,
1249 2712 1382 2777 230
1423 2719 1684 2799 propter
1719 2712 2113 2799 singularem
2154 2717 2294 2779 vim
2334 2716 2512 2780 verbi
2538 2717 2809 2800 favendi
2847 2717 3032 2801 quod

630 2817 737 2883 hic
783 2819 954 2884 idem
1003 2820 1134 2885 fere
1180 2818 1394 2885 valere
1436 2828 1629 2905 atque
1668 2821 1821 2883 velle
1859 2821 2268 2887 contendunt.
2319 2821 2444 2887 Sed
2483 2822 2636 2888 fides
2675 2826 2814 2888 eius
2851 2824 3036 2909 quod

630 2925 888 3004 dicunt,
938 2948 1065 2991 non
1112 2934 1409 3013 augetur,
1460 2926 1631 3013 quod
1677 2926 1847 3013 apud
1895 2926 2258 3014 Vergilium
2305 2926 2570 3016 (Georg.
2620 2930 2670 3009 I,
2726 2929 2836 3011 11)

995 3034 1135 3096 Pan
1156 3084 1171 3111 ‚
1222 3033 1414 3097 ovium
1459 3041 1670 3113 custos,
1719 3040 1824 3097 tua
1867 3034 1924 3097 ei
1971 3035 2083 3097 tibi
2131 3036 2424 3100 Maenala
2470 3058 2681 3116 curae,

996 3139 1199 3217 Adsis,
1249 3162 1281 3203 ο
1332 3140 1599 3221 Teyeaee,
1635 3141 1869 3224 favens

629 3248 899 3312 verbum
932 3247 1158 3331 favere
1201 3246 1375 3311 idem
1423 3247 1782 3334 significare
1829 3247 2208 3313 scholiastae
2249 3248 2690 3316 Lemovicensi
2735 3251 3027 3318 videtur.

630 3352 769 3433 Qua
837 3356 904 3417 in
962 3374 1029 3417 re
1093 3374 1288 3439 quam
1351 3356 1693 3441 insigniter
1753 3361 1953 3433 erret,
2018 3354 2440 3422 demonstrari
2501 3378 2626 3422 non
2689 3364 2785 3422 est
2832 3379 3024 3442 opus.

628 3458 783 3525 Inde
827 3461 894 3524 in
942 3458 1410 3526 dubitationem
1459 3464 1675 3526 venire
1723 3483 2095 3547 possumus,
2161 3484 2320 3526 num
2368 3468 2613 3528 veteres
2658 3462 3026 3531 lexicorum

626 3569 997 3652 scriptores,
1047 3586 1323 3650 quorum
1372 3588 1450 3631 ex
1496 3566 1677 3632 libris
1727 3567 2100 3633 scholiastae
2139 3570 2524 3646 hauserunt,
2567 3570 2786 3635 eodem
2829 3578 3022 3657 pacto

627 3673 977 3737 erraverint
1034 3674 1101 3736 in
1159 3671 1298 3737 loco
1359 3671 1650 3739 Enniano
1673 3721 1688 3749 ‚
1753 3696 1899 3739 cum
1960 3677 2337 3759 praesertim
2384 3675 2534 3740 huic
2581 3674 2722 3741 loco
2771 3680 3024 3762 optime

628 3768 965 3846 conveniat
1018 3781 1119 3845 vis
1175 3779 1491 3859 studendi,
1555 3800 1718 3865 quae
1779 3785 1856 3845 ut
1915 3780 2068 3846 alibi
2127 3783 2223 3847 ita
2280 3782 2422 3847 Liv.
2488 3781 2519 3846 1
2580 3780 2688 3860 25,
2718 3785 2757 3848 9
2813 3791 2911 3849 est
2939 3781 3020 3865 3).

698 3984 750 4049 1)
785 3987 904 4035 Aen.
938 3982 1009 4033 IX
1044 3984 1141 4033 666
1160 4000 1229 4048 sq.
1265 3983 1514 4035 Sternitur
1547 3998 1681 4032 omne
1711 3983 1860 4032 solum
1895 3982 2020 4040 telis,
2059 3986 2160 4031 tum
2195 3989 2335 4032 scuta
2371 4000 2598 4049 cavaeque

1258 4068 1382 4116 daut
1414 4066 1623 4116 sonitum
1647 4065 1798 4131 flictu
1825 4066 2006 4129 galeae,
2031 4081 2197 4129 mna
2229 4082 2394 4130 aspera
2425 4068 2596 4131 sumit.

696 4150 751 4215 2)
803 4148 911 4199 Alia
954 4153 1026 4199 eet
1070 4149 1195 4199 ratio
1242 4150 1451 4199 locorum
1500 4148 1657 4214 qualis
1691 4152 1762 4197 est
1799 4148 1892 4197 Ov.
1927 4149 2048 4198 Met.
2084 4148 2188 4209 XV,
2223 4149 2347 4200 806:
2391 4152 2458 4200 Et
2503 4150 2779 4201 Diomedeos
2825 4153 3020 4203 Aeneas

612 4232 823 4295 sufferat
868 4246 1010 4289 emes,
1058 4231 1134 4281 ubi
1181 4247 1314 4281 enses
1350 4231 1596 4281 Diomedei
1627 4229 1831 4295 exempli
1867 4229 2025 4293 gratia
2059 4242 2387 4281 memorantur
2421 4236 2470 4281 et
2505 4232 2836 4296 significantur
2871 4250 3014 4285 enses

623 4316 674 4361 et
710 4312 954 4361 Diomedis
987 4316 1035 4361 et
1068 4314 1305 4363 sociorum
1340 4314 1458 4363 eius.

692 4396 748 4458 8)
790 4394 903 4444 Tum
936 4396 1136 4445 clamore
1166 4396 1324 4461 qualis
1356 4412 1453 4447 esse
1484 4412 1543 4445 ea·
1575 4397 1817 4460 insperato
1837 4394 2116 4461 faventium
2147 4398 2282 4458 solet,
2315 4396 2518 4447 Romani
2551 4397 2788 4449 adiuvant
2815 4401 3019 4455 militen

622 4494 757 4531 m
767 4498 785 4537 ,·
818 4482 867 4528 et
899 4478 985 4527 ille
1016 4478 1218 4543 desunqi
1246 4478 1426 4543 proelio
1447 4478 1692 4545 festinat.
