3246 5085
1291 334 1667 381 muudum.
2572 315 2657 380 59

403 498 476 567 G.
525 499 633 564 21.
665 499 768 566 12.
817 507 874 562 et
920 499 1178 582 despicis
1221 500 1412 564 Isidis
1458 501 1541 563 ad
1580 500 1977 576 birunda'mm,
2026 499 2285 576 sismm,
2334 505 2391 562 et
2427 500 2673 581 adspar-

284 606 376 669 sis
421 605 687 670 membris
729 606 968 669 &umnam
1015 606 1106 668 tm·
1149 604 1462 687 Serapidis
1504 605 1631 669 sive
1682 604 1876 668 Osiris
1921 605 2229 669 tumulum.

378 711 552 776 Haec
593 710 814 788 verba,
858 730 1016 795 quae
1059 709 1375 776 Baehrens
1411 730 1490 775 ex
1526 709 1654 776 alio
1697 709 1977 795 quodam
2016 713 2319 795 scriptore
2359 730 2396 774 a
2432 708 2665 775 lectore

285 813 653 882 Christiano
712 818 782 879 in
830 817 1124 901 margine
1171 814 1484 900 adscripta
1527 817 1831 902 putabat,
1884 816 2130 902 Boenig
2174 819 2239 880 in
2286 815 2411 880 fine
2456 812 2527 880 G.
2575 815 2658 880 21

283 929 619 1006 tamquam
683 942 760 986 ex
823 920 950 986 alio
995 920 1134 986 loco
1181 921 1308 985 huc
1349 923 1604 986 invecta
1650 923 1899 986 uncinis
1942 920 2238 996 inclusit,
2286 927 2349 984 et
2396 940 2543 984 sane
2590 918 2667 984 de

279 1026 422 1092 loco
485 1029 597 1112 qui
654 1028 737 1090 iis
796 1024 1243 1090 attribuendus
1302 1027 1420 1102 sit,
1485 1025 1686 1112 longa
1746 1026 1875 1091 fuit
1924 1032 2115 1110 atque
2163 1027 2530 1090 etiamnunc
2574 1031 2673 1090 est

279 1135 453 1196 inter
515 1132 789 1197 editores
849 1134 1297 1197 controversia.
1362 1130 1661 1216 Plerique
1730 1130 2115 1197 Vahlenium
2163 1133 2366 1196 secuti
2410 1151 2485 1194 ea
2528 1134 2676 1214 post

280 1237 480 1303 verba
540 1259 714 1300 sacra
776 1238 1046 1300 Romamn
1107 1244 1248 1300 eunt
1265 1283 1282 1313 ,
1346 1257 1505 1321 quae
1568 1235 1638 1302 G.
1708 1237 1815 1302 22.
1844 1237 1884 1300 2
1942 1236 2270 1322 leguntur,
2342 1233 2675 1300 inserenda

283 1348 554 1427 putant,
626 1343 744 1407 hac
811 1363 963 1408 vero
1030 1341 1216 1406 illata
1283 1345 1647 1407 mutatione
1716 1350 1792 1407 ut
1860 1363 1975 1427 pro
2044 1341 2299 1422 despicis
2360 1342 2674 1405 scribatur

283 1448 556 1530 desipias
602 1453 668 1512 et
714 1449 798 1510 ad
839 1447 1089 1529 spartis.
1154 1446 1445 1513 Svoboda
1489 1447 1566 1512 de
1609 1446 1749 1512 loco
1801 1447 2062 1532 quidem
2110 1446 2431 1530 plerisque
2472 1465 2679 1509 assen-

284 1554 450 1615 titur
515 1551 628 1616 sed
694 1550 892 1637 legit:
966 1553 1133 1616 velut
1191 1559 1250 1615 et
1309 1559 1376 1614 tu
1438 1552 1693 1634 dispicis
1754 1559 1819 1617 et
1882 1552 2074 1617 verba
2136 1549 2365 1632 sparsis
2409 1549 2677 1613 membris

289 1655 478 1722 delet.
544 1656 726 1721 Unus
786 1657 860 1722 E.
923 1657 1132 1721 Rehm
1183 1656 1404 1721 locum
1449 1656 1650 1722 alium
1698 1657 1910 1723 verbis
1958 1658 2347 1742 assignavit,
2396 1676 2479 1720 sc.
2529 1662 2673 1740 post

284 1763 481 1827 verba
538 1762 676 1844 ipsa
731 1762 1013 1846 mysteria
1073 1765 1140 1825 in
1204 1759 1274 1828 O.
1325 1761 1411 1826 22
1466 1764 1656 1828 initio
1709 1782 1869 1846 quae
1914 1768 2099 1838 sunt,
2150 1775 2340 1846 atque
2388 1781 2425 1824 a
2473 1760 2667 1825 verbo

287 1867 594 1932 midam
662 1867 1006 1953 pendentia
1073 1886 1149 1931 ea
1214 1866 1368 1932 facit
1434 1865 1641 1932 deleto
1713 1866 2020 1933 vocabulo
2076 1865 2189 1931 tui.
2252 1864 2386 1930 Alii
2434 1865 2669 1930 codicis

287 1974 674 2058 scripturam
714 1979 772 2036 et
808 1971 1072 2054 despicis
1107 1971 1444 2037 emendare
1481 1971 1906 2037 studuerunt:
1946 1971 2218 2036 Bursian
2256 1977 2313 2034 et
2335 1969 2563 2052 respice
2584 2005 2669 2018 -

287 2076 456 2142 Ellis
502 2083 560 2142 et
603 2078 827 2160 respice
869 2077 976 2141 sis.

387 2181 459 2248 Si
518 2181 673 2267 quid
733 2182 897 2246 mihi
958 2203 1206 2268 quoque
1261 2185 1328 2246 in
1391 2203 1458 2246 re
1503 2203 1701 2266 paene
1750 2181 2079 2266 desperata
2123 2187 2439 2265 temptare
2484 2180 2671 2257 licet,

291 2291 580 2373 primum
623 2286 924 2352 traditam
962 2287 1302 2353 lectionem
1340 2290 1414 2351 de
1449 2288 1635 2369 spicis
1673 2289 1789 2368 (sic
1827 2289 2000 2351 enim
2031 2286 2434 2351 scribendum
2460 2285 2673 2366 credo)

291 2395 516 2478 utique
580 2391 881 2457 tuendam
943 2413 1078 2457 esse
1139 2394 1428 2470 arbitror,
1493 2394 1595 2458 his
1642 2391 2024 2457 Tertulliani
2069 2391 2224 2456 locis
2272 2396 2523 2456 motus:
2574 2391 2670 2456 De

291 2495 542 2565 Corona
588 2495 627 2564 ’7
692 2500 944 2583 „prima
1004 2496 1122 2562 Isis
1176 2503 1455 2583 repertas
1515 2500 1722 2583 spicas
1783 2499 1989 2583 capite
2050 2496 2483 2575 circumtulit,
2531 2517 2669 2562 rem

290 2606 500 2690 magis
555 2603 837 2670 ventris''
886 2610 950 2668 et
979 2604 1095 2669 «Αᾱ
1141 2604 1289 2669 Nat.
1339 2603 1380 2668 8
1431 2626 1696 2681 „curam
1743 2604 2007 2691 frugum
2058 2625 2247 2689 super
2293 2610 2485 2689 caput
2530 2606 2667 2668 eius

291 2710 490 2775 fuisse
508 2757 527 2787 ,
573 2712 730 2794 ipsis
777 2711 998 2794 spicis,
1048 2710 1282 2793 quibus
1327 2731 1440 2794 per
1484 2712 1805 2776 ambitum
1849 2714 2128 2786 notatur,
2176 2708 2509 2793 apparet‚”
2552 2729 2667 2773 nec

291 2835 416 2879 non
497 2814 614 2880 ΟΥ.
679 2814 840 2879 Met.
904 2813 1021 2879 IX.
1071 2813 1202 2879 689
1277 2817 1567 2892 „inerant
1630 2814 1881 2880 lunaria
1942 2816 2139 2879 fronti
2200 2812 2451 2880 Cornua
2514 2834 2665 2878 cum

295 2921 488 3005 spicis
549 2919 754 2984 nitido
813 2918 1196 2985 flaventibus
1239 2940 1392 2985 auro
1436 2924 1501 2984 et
1547 2919 1764 3005 regale
1811 2919 2065 2984 decus.’'
2116 2917 2359 2983 Deinde
2406 2917 2481 2984 de
2526 2917 2667 2983 loco

294 3045 546 3110 quoque
608 3023 795 3090 aliter
853 3024 1019 3089 mihi
1081 3024 1355 3090 videtur.
1412 3024 1619 3090 Locus
1670 3045 1862 3110 quem
1907 3022 2152 3089 Vahlen
2201 3026 2519 3108 ceterique
2567 3046 2674 3090 vo·

289 3128 586 3207 luerunt,
651 3130 866 3196 verbis
927 3129 1299 3195 errabundis
1344 3128 1780 3195 alienissimus
1826 3131 1983 3206 erit,
2032 3130 2160 3193 nisi
2206 3130 2670 3206 coniecturam,

295 3255 456 3321 quae
503 3236 666 3299 mihi
705 3233 965 3319 quidem
1008 3236 1278 3299 minime
1317 3233 1665 3320 probabilis
1704 3235 1981 3311 videtur,
2017 3232 2214 3299 simul
2251 3232 2674 3298 introduxeri-
2734 3222 2739 3229 ’

297 3361 464 3405 mus.
513 3339 650 3405 Iam
697 3360 851 3405 vero
895 3343 964 3402 in
1006 3338 1144 3404 loco
1181 3360 1254 3403 ea
1291 3338 1611 3404 collocabo
1630 3387 1647 3416 ,
1688 3340 1801 3404 ubi
1836 3360 1963 3403 non
2003 3344 2321 3423 repugnat
2358 3341 2675 3403 sententia

295 3466 498 3531 neque
547 3444 826 3511 violenta
874 3465 1034 3529 opus
1079 3450 1178 3509 est
1223 3447 1602 3509 coniectura.
1650 3444 1887 3529 Incipit
1932 3441 2002 3509 O.
2052 3442 2175 3508 24:

387 3551 679 3630 „Quanto
741 3570 892 3617 vero
955 3548 1031 3614 de
1077 3549 1202 3613 diis
1248 3552 1479 3616 vestris
1525 3548 1829 3615 animalia
1875 3554 2057 3615 muta
2101 3547 2461 3613 naturalius
2503 3547 2670 3612 iudi-

292 3652 466 3721 cant!
515 3656 773 3733 Mures,
823 3654 1231 3732 hirundines,
1281 3654 1472 3721 milvi
1518 3676 1642 3719 non
1688 3657 1923 3720 sentire
1968 3675 2073 3720 eos
2114 3657 2358 3720 sciunt:
2410 3654 2665 3731 rodunt,

291 3758 647 3836 inculcant,
711 3758 991 3825 insident
1051 3780 1155 3841 ac,
1202 3762 1330 3824 nisi
1375 3760 1651 3845 abigatis
1666 3809 1683 3838 ,
1731 3762 1799 3823 in
1846 3762 1983 3845 ipso
2030 3758 2135 3823 dei
2178 3762 2379 3828 vestri
2424 3780 2529 3824 ore
2575 3762 2670 3825 ni-

297 3864 550 3929 dificant
596 3870 659 3930 et
707 3864 783 3930 de
829 3867 1020 3951 spicis
1065 3863 1249 3929 Isidis
1287 3865 1366 3930 ad
1405 3865 1874 3947 [hirundinem]
1915 3866 2181 3929 sistrum
2219 3871 2283 3928 et
2321 3864 2402 3929 ad
2439 3868 2669 3949 sparsis

296 3969 600 4033 membris
659 3971 916 4035 inanem
977 3971 1079 4034 tui
1139 3967 1458 4053 Serapidis
1519 3972 1656 4034 sive
1719 3968 1917 4034 Osiris
1980 3968 2347 4044 tumulum;
2410 3989 2673 4035 araneae

294 4090 444 4139 vero
491 4072 719 4143 faciem
764 4075 902 4139 eius
942 4076 1240 4139 intexunt
1281 4078 1346 4139 et
1383 4073 1459 4139 de
1492 4076 1632 4157 ipso
1669 4076 1877 4158 capite
1915 4094 2030 4139 sua
2068 4073 2175 4139 fila
2211 4074 2670 4159 suspendunt.’'

383 4176 588 4242 Verba
649 4180 732 4241 ad
787 4178 1172 4242 hirundinem
1233 4180 1521 4263 primum
1585 4179 1665 4242 ab
1726 4180 2213 4267 interpretatore
2261 4177 2476 4243 addita
2521 4184 2674 4243 sunt

297 4289 372 4348 ut
415 4290 733 4348 moneret:
783 4286 972 4359 scito,
1022 4283 1240 4363 lector,
1282 4284 1404 4349 hoc
1445 4284 1522 4349 ad
1562 4283 1972 4348 hirundinem
2014 4320 2098 4332 —
2138 4305 2263 4348 non
2302 4285 2379 4348 ad
2419 4303 2675 4350 murem

303 4386 402 4453 vel
463 4388 743 4453 milvum
802 4391 1118 4473 pertinere
1139 4436 1154 4466 ‚
1216 4395 1282 4453 et
1343 4389 1568 4453 deinde
1630 4391 1699 4452 in
1756 4394 2043 4465 textum,
2109 4395 2183 4453 ut
2234 4388 2340 4467 fit,
2388 4396 2673 4473 recepta,
