3246 5085
1315 347 1648 395 Armrus.
2562 323 2667 391 ,89

385 514 538 594 231,
565 513 652 579 12
710 516 980 599 iamque
1039 512 1282 596 liquido
1345 514 1516 575 serui
1579 512 1956 595 nequissimi
2002 514 2193 593 atque
2239 506 2531 572 mulieris
2577 527 2679 572 ne-

287 622 529 706 quioris
573 618 906 704 patefactis
959 616 1302 682 sceleribus
1350 637 1404 680 e.
1431 638 1490 701 q.
1521 637 1570 680 s.

379 725 518 789 Iam
563 723 835 789 Ovidius
882 723 1109 789 eodem
1153 721 1341 787 modo
1387 722 1857 806 superlativum
1902 722 2121 805 posuit
2164 718 2336 783 Fast.
2377 717 2427 795 Ι,
2471 716 2605 782 212

651 829 738 894 Et
783 850 926 893 cum
978 827 1340 913 possideant
1386 825 1701 912 plurima,
1751 826 1936 911 plura
1979 829 2207 909 petunt
2224 846 2271 903 ;·

288 936 457 1021 quod
503 938 756 1020 saepius
804 937 1102 999 imitatus
1150 938 1244 998 est
1286 932 1584 998 Sidonius
1631 932 1810 997 velut
1856 930 1886 995 I
1940 931 2042 1009 ll,
2070 930 2112 993 2
2160 930 2499 1015 carpebant
2535 928 2678 1015 plu-

275 1044 522 1105 rimum
568 1042 763 1116 vitia,
813 1038 960 1125 plus
1011 1039 1335 1103 homines.
2431 1112 2439 1119 .

376 1147 463 1210 At
522 1146 840 1230 positivus
904 1147 1086 1209 iuxta
1149 1143 1626 1229 superlativum
1690 1142 2029 1207 adhibetur
2077 1140 2183 1217 98,
2213 1139 2253 1204 6
2302 1138 2673 1207 dulcissima

286 1257 352 1316 et
398 1269 572 1326 cara3
632 1246 778 1326 157,
808 1247 847 1312 5
898 1252 1161 1336 pigrum
1212 1248 1782 1333 tardissimumque
1830 1253 1893 1311 et
1939 1248 2135 1310 nimis
2173 1247 2426 1309 asinum
2440 1266 2457 1322 ;
2508 1242 2662 1320 216,

292 1355 372 1419 15
437 1357 773 1439 saeuisque
837 1352 970 1418 illis
1031 1360 1097 1418 et
1142 1354 1585 1431 ferocissimis,
1637 1353 1914 1438 denique
1961 1350 2115 1428 241,
2148 1350 2229 1415 19
2279 1350 2443 1437 50ηο-
2480 1354 2670 1434 atque

290 1464 554 1547 optime.

351 1625 466 1684 231,
487 1626 550 1674 16
585 1628 786 1687 oppon-tu
819 1624 868 1675 ἃ
902 1622 966 1671 1⁴¹²
1010 1621 1254 1687 opportuni
1298 1622 1382 1681 [a
1415 1622 1479 1670 12⁸
1507 1622 1707 1686 sab'oea
1742 1622 1779 1670 F
1814 1622 1980 1684 (etiam
2014 1622 2066 1670 in
2106 1623 2299 1685 marg.).

382 1766 532 1847 231,
562 1764 643 1833 17
700 1774 766 1834 et
811 1767 992 1833 illius
1039 1767 1297 1852 quidem
1343 1769 1512 1831 senis
1559 1767 1804 1831 famosa
1849 1772 2038 1851 atque
2084 1764 2370 1830 fabulosa
2416 1766 2673 1830 fortuna

289 1873 732 1959 prouidentiae
781 1872 1036 1937 diuinae
1085 1871 1475 1958 condignum
1525 1872 1755 1953 accepit
1801 1874 2071 1935 exitum.

383 1977 690 2045 Codicum
754 1977 805 2041 F
832 1985 885 2058 φ
949 1981 1265 2062 scriptura
1325 1978 1552 2059 accepit
1614 1980 1746 2056 (cui
1809 1998 1869 2040 v.
1923 1976 1983 2041 d.
2035 1974 2206 2039 Vliet
2252 1974 2487 2056 excepit
2531 1974 2677 2037 sub-

295 2085 537 2164 stituit)
584 2084 841 2148 videtur
887 2082 1142 2150 tolerari
1186 2104 1370 2169 posse
1417 2083 1495 2147 cf.
1550 2081 1698 2161 192,
1729 2082 1766 2145 5
1815 2081 2020 2147 adhuc
2064 2084 2504 2145 introeuntem
2550 2098 2680 2142 ma-

291 2192 492 2253 ritum
539 2209 761 2274 aspero
809 2210 1096 2255 sermone
1143 2191 1375 2274 accipit
1420 2209 1473 2253 e.
1501 2209 1558 2272 q.
1587 2210 1637 2252 s.

361 2353 478 2410 231,
497 2354 564 2401 20
609 2353 980 2403 adolescentium
1013 2359 1068 2414 φ.
1119 2355 1184 2402 23
1218 2354 1555 2418 σοΊραναπιεναέ
1591 2357 1673 2401 rat
1700 2353 1763 2401 1³⁸²
1810 2356 1861 2401 at
1894 2344 2223 2416 dittographia
2258 2354 2365 2415 post
2402 2349 2555 2398 deleta
2590 2350 2678 2397 est.

292 2434 636 2503 oo’paranerat
669 2441 722 2496 φ.

384 2583 538 2660 231,
566 2583 654 2649 23
703 2584 890 2649 miles
934 2583 1046 2648 ille
1094 2587 1205 2668 qui
1250 2605 1356 2649 me
1408 2631 1599 2650 .....
1650 2588 1788 2650 sine
1833 2588 2041 2670 pretio
2094 2605 2286 2648 suum
2336 2584 2585 2648 fecerat.

383 2690 699 2755 Similiter
746 2691 993 2755 dictum
1041 2698 1137 2756 est
1189 2690 1338 2769 198,
1366 2690 1451 2754 21
1504 2692 1716 2756 Pistor
1758 2690 1874 2755 ille
1922 2693 2034 2775 qui
2082 2711 2185 2754 me
2229 2692 2433 2775 pretio
2480 2708 2676 2753 suum

293 2796 554 2873 fecerat3
605 2799 973 2881 oppositum
1021 2797 1149 2862 fere
1195 2796 1440 2882 legitur
1493 2793 1643 2874 170,
1672 2795 1711 2859 3
1751 2795 1969 2861 lancea
2004 2794 2163 2859 mali
2201 2791 2529 2880 Thrasylli
2571 2814 2674 2858 me

293 2901 416 2966 tibi
461 2900 616 2966 fecit
661 2901 969 2966 alienum.

385 3081 538 3160 232,
568 3082 609 3146 4
673 3083 983 3148 adsciscor
1041 3085 1260 3167 itaque
1303 3085 1472 3147 inter
1517 3081 1677 3146 duos
1720 3080 1863 3147 illos
1912 3078 2139 3146 fratres
2186 3083 2416 3145 tertius
2461 3084 2684 3144 contu-

295 3187 598 3253 bernaliS.

385 3293 610 3358 Nonne
659 3293 764 3358 hic
811 3293 1126 3378 Apuleius
1171 3293 1396 3358 irridet
1443 3292 1765 3360 Ciceronis
1809 3293 2032 3358 verba:
2074 3292 2179 3371 (de
2218 3290 2394 3356 Offic.
2435 3290 2529 3354 III
2568 3290 2682 3371 45)

294 3400 532 3482 petivit
577 3403 652 3461 ut
698 3418 764 3461 se
809 3398 890 3462 ad
935 3401 1290 3463 amicitiam
1341 3401 1607 3462 tertium
1656 3394 2081 3462 ascriberent?
2128 3395 2203 3460 In
2244 3415 2404 3480 quae
2439 3399 2685 3461 iocatur

294 3505 431 3568 sine
500 3503 696 3568 dubio
767 3506 1038 3588 scriptor
1100 3510 1312 3569 noster
1370 3525 1562 3588 supra
1623 3502 1800 3580 2,18
1864 3503 2111 3567 duobus
2174 3505 2523 3579 comitum,
2571 3504 2683 3587 qui

290 3609 454 3672 forte
501 3607 841 3693 paululum
888 3617 1386 3694 praecesserant,
1438 3611 1707 3674 tertium
1754 3630 1858 3673 me
1904 3608 2083 3673 facio,

380 3712 810 3778 Verisimilius
872 3716 1079 3800 igitur
1143 3721 1240 3779 est
1301 3711 1673 3780 Ciceronem
1737 3712 1957 3794 (Catil.
2002 3713 2053 3788 ,Ι
2098 3714 2133 3796 ς
2173 3712 2239 3790 1)
2301 3733 2495 3797 quam
2542 3711 2677 3776 Sal-

290 3818 568 3884 lustium
594 3819 646 3899 1)
692 3817 877 3897 (Bell.
927 3816 1066 3884 Cat.
1115 3819 1224 3896 20,
1252 3819 1318 3899 9)
1367 3819 1670 3904 (1611011111ι
1702 3820 1875 3884 hisce
1927 3819 2132 3884 verbis
2171 3817 2403 3902 Apulei
2443 3816 2579 3897 (66,
2607 3817 2676 3898 4)

290 3944 416 4009 quo
462 3943 664 4008 usque
705 3923 964 3988 tandem
1002 3925 1405 3989 cantherium
1445 3928 1771 4009 patiemur
1811 3920 2056 3995 istum?
2096 3923 2270 3988 Haec
2295 3922 2679 4008 significatio

291 4037 517 4114 quater
586 4029 754 4112 redit
821 4032 1039 4095 minus
1101 4037 1318 4095 tamen
1379 4029 1747 4107 luculenta,
1799 4029 1938 4094 dico
2010 4027 2157 4106 136,
2189 4028 2305 4108 14;
2377 4027 2526 4106 156,
2558 4027 2680 4106 303

297 4133 600 4213 181,16;
653 4134 940 4214 250,13.

371 4439 422 4500 1)
460 4437 564 4485 Hoc
596 4439 736 4501 putat
770 4436 976 4484 Gatscha
1011 4435 1042 4484 1.
1079 4452 1119 4484 c.
1155 4451 1234 4499 pg.
1274 4437 1382 4483 154.
