<?xml version="1.0" encoding="UTF-8"?>
<!DOCTYPE html PUBLIC "-//W3C//DTD XHTML 1.0 Transitional//EN"
    "http://www.w3.org/TR/xhtml1/DTD/xhtml1-transitional.dtd">
<html xmlns="http://www.w3.org/1999/xhtml" xml:lang="en" lang="en">
 <head>
  <title>
</title>
<meta http-equiv="Content-Type" content="text/html;charset=utf-8" />
  <meta name='ocr-system' content='tesseract 3.04.00' />
  <meta name='ocr-capabilities' content='ocr_page ocr_carea ocr_par ocr_line ocrx_word'/>
</head>
<body>
  <div class='ocr_page' id='page_1' title='image "./mnemosynevolume03verdgoog_0188.png"; bbox 0 0 3246 5085; ppageno 0'>
   <div class='ocr_carea' id='block_1_1' title="bbox 560 323 2124 392">
    <p class='ocr_par' dir='ltr' id='par_1_1' title="bbox 560 323 2124 392">
     <span class='ocr_line' id='line_1_1' title="bbox 560 323 2124 392; baseline 0.001 -2"><span class='ocrx_word' id='word_1_1' title='bbox 560 323 691 391; x_wconf 87' lang='grc'><strong>180</strong></span> <span class='ocrx_word' id='word_1_2' title='bbox 1368 343 1635 392; x_wconf 69' lang='lat' dir='ltr'><strong>‘munus</strong></span> <span class='ocrx_word' id='word_1_3' title='bbox 1678 341 2124 392; x_wconf 72' lang='lat' dir='ltr'><strong>snruncmm.</strong></span> 
     </span>
    </p>
   </div>
   <div class='ocr_carea' id='block_1_2' title="bbox 549 505 2937 1123">
    <p class='ocr_par' dir='ltr' id='par_1_2' title="bbox 549 505 2937 1123">
     <span class='ocr_line' id='line_1_2' title="bbox 552 505 2933 595; baseline 0.001 -25"><span class='ocrx_word' id='word_1_4' title='bbox 552 507 767 591; x_wconf 89' lang='lat' dir='ltr'><strong>pensis</strong></span> <span class='ocrx_word' id='word_1_5' title='bbox 825 507 1405 594; x_wconf 75' lang='lat' dir='ltr'><strong>interpunctionem</strong></span> <span class='ocrx_word' id='word_1_6' title='bbox 1466 512 1751 574; x_wconf 87' lang='lat' dir='ltr'><strong>nostram</strong></span> <span class='ocrx_word' id='word_1_7' title='bbox 1812 508 2097 595; x_wconf 88' lang='lat' dir='ltr'><strong>praefero</strong></span> <span class='ocrx_word' id='word_1_8' title='bbox 2160 511 2227 573; x_wconf 90' lang='lat' dir='ltr'><strong>et</strong></span> <span class='ocrx_word' id='word_1_9' title='bbox 2284 509 2623 592; x_wconf 87' lang='lat' dir='ltr'><strong>praecipue</strong></span> <span class='ocrx_word' id='word_1_10' title='bbox 2669 505 2933 593; x_wconf 88' lang='lat' dir='ltr'><strong>quidem</strong></span> 
     </span>
     <span class='ocr_line' id='line_1_3' title="bbox 553 611 2933 702; baseline -0 -25"><span class='ocrx_word' id='word_1_11' title='bbox 553 614 706 696; x_wconf 88' lang='lat' dir='ltr'><strong>quia</strong></span> <span class='ocrx_word' id='word_1_12' title='bbox 749 614 891 698; x_wconf 87' lang='lat' dir='ltr'><strong>ipsa</strong></span> <span class='ocrx_word' id='word_1_13' title='bbox 933 611 1048 678; x_wconf 83' lang='lat' dir='ltr'><strong>illa</strong></span> <span class='ocrx_word' id='word_1_14' title='bbox 1092 615 1400 702; x_wconf 79' lang='lat' dir='ltr'><strong>anonymi</strong></span> <span class='ocrx_word' id='word_1_15' title='bbox 1439 616 1919 700; x_wconf 86' lang='lat' dir='ltr'><strong>interpretatio,</strong></span> <span class='ocrx_word' id='word_1_16' title='bbox 1958 618 2218 701; x_wconf 89' lang='lat' dir='ltr'><strong>propter</strong></span> <span class='ocrx_word' id='word_1_17' title='bbox 2256 633 2450 699; x_wconf 85' lang='lat' dir='ltr'><strong>quam</strong></span> <span class='ocrx_word' id='word_1_18' title='bbox 2491 611 2933 678; x_wconf 80' lang='lat' dir='ltr'><strong>vanLeeuwen</strong></span> 
     </span>
     <span class='ocr_line' id='line_1_4' title="bbox 552 717 2937 805; baseline 0 -23"><span class='ocrx_word' id='word_1_19' title='bbox 552 720 982 784; x_wconf 89' lang='lat' dir='ltr'><strong>coniecturam</strong></span> <span class='ocrx_word' id='word_1_20' title='bbox 1050 739 1236 785; x_wconf 88' lang='lat' dir='ltr'><strong>suam</strong></span> <span class='ocrx_word' id='word_1_21' title='bbox 1295 721 1634 805; x_wconf 76' lang='lat' dir='ltr'><strong>proposuit</strong></span> <span class='ocrx_word' id='word_1_22' title='bbox 1650 767 1667 798; x_wconf 88' lang='lat'><em>,</em></span> <span class='ocrx_word' id='word_1_23' title='bbox 1728 741 1845 805; x_wconf 88' lang='lat' dir='ltr'><strong>per</strong></span> <span class='ocrx_word' id='word_1_24' title='bbox 1904 740 1971 785; x_wconf 93' lang='lat' dir='ltr'><strong>se</strong></span> <span class='ocrx_word' id='word_1_25' title='bbox 2028 721 2144 785; x_wconf 78' lang='lat' dir='ltr'><strong>vix</strong></span> <span class='ocrx_word' id='word_1_26' title='bbox 2205 717 2602 784; x_wconf 87' lang='lat' dir='ltr'><strong>admittenda</strong></span> <span class='ocrx_word' id='word_1_27' title='bbox 2655 717 2937 783; x_wconf 81' lang='lat' dir='ltr'><strong>videtur.</strong></span> 
     </span>
     <span class='ocr_line' id='line_1_5' title="bbox 550 823 2933 911; baseline 0 -22"><span class='ocrx_word' id='word_1_28' title='bbox 550 823 691 889; x_wconf 89' lang='lat' dir='ltr'><strong>Iam</strong></span> <span class='ocrx_word' id='word_1_29' title='bbox 733 825 909 890; x_wconf 90' lang='lat' dir='ltr'><strong>enim</strong></span> <span class='ocrx_word' id='word_1_30' title='bbox 954 823 1258 890; x_wconf 88' lang='lat' dir='ltr'><strong>dubitari·</strong></span> <span class='ocrx_word' id='word_1_31' title='bbox 1279 830 1492 911; x_wconf 87' lang='lat' dir='ltr'><strong>potest</strong></span> <span class='ocrx_word' id='word_1_32' title='bbox 1529 845 1689 890; x_wconf 90' lang='lat' dir='ltr'><strong>num</strong></span> <span class='ocrx_word' id='word_1_33' title='bbox 1724 844 2013 910; x_wconf 86' lang='lat' dir='ltr'><strong>unquam</strong></span> <span class='ocrx_word' id='word_1_34' title='bbox 2055 826 2344 903; x_wconf 81' lang='lat' dir='ltr'><strong>„mortui</strong></span> <span class='ocrx_word' id='word_1_35' title='bbox 2382 831 2605 902; x_wconf 69' lang='grc' dir='ltr'><strong><em>μνῆμα</em></strong></span> <span class='ocrx_word' id='word_1_36' title='bbox 2643 823 2933 910; x_wconf 84' lang='lat' dir='ltr'><strong>erigere&#39;’</strong></span> 
     </span>
     <span class='ocr_line' id='line_1_6' title="bbox 549 927 2933 1018; baseline 0.001 -24"><span class='ocrx_word' id='word_1_37' title='bbox 549 927 833 1016; x_wconf 80' lang='lat' dir='ltr'><strong>intelligi</strong></span> <span class='ocrx_word' id='word_1_38' title='bbox 894 933 1177 1016; x_wconf 86' lang='lat' dir='ltr'><strong>potuerit</strong></span> <span class='ocrx_word' id='word_1_39' title='bbox 1222 932 1404 1016; x_wconf 88' lang='lat' dir='ltr'><strong>quasi</strong></span> <span class='ocrx_word' id='word_1_40' title='bbox 1447 930 1698 996; x_wconf 90' lang='lat' dir='ltr'><strong>dictum</strong></span> <span class='ocrx_word' id='word_1_41' title='bbox 1745 935 1909 997; x_wconf 88' lang='lat' dir='ltr'><strong>esset</strong></span> <span class='ocrx_word' id='word_1_42' title='bbox 1959 933 2246 1018; x_wconf 81' lang='lat' dir='ltr'><strong>„erigere</strong></span> <span class='ocrx_word' id='word_1_43' title='bbox 2292 932 2541 996; x_wconf 88' lang='lat' dir='ltr'><strong>mortui</strong></span> <span class='ocrx_word' id='word_1_44' title='bbox 2586 929 2933 1017; x_wconf 86' lang='lat' dir='ltr'><strong>effigiem”.</strong></span> 
     </span>
     <span class='ocr_line' id='line_1_7' title="bbox 550 1032 1505 1123; baseline 0.001 -23"><span class='ocrx_word' id='word_1_45' title='bbox 550 1032 680 1100; x_wconf 81' lang='lat' dir='ltr'><strong>Sed-</strong></span> <span class='ocrx_word' id='word_1_46' title='bbox 718 1034 989 1102; x_wconf 86' lang='lat' dir='ltr'><strong>lectores</strong></span> <span class='ocrx_word' id='word_1_47' title='bbox 1032 1039 1158 1123; x_wconf 89' lang='lat' dir='ltr'><strong>ipsi</strong></span> <span class='ocrx_word' id='word_1_48' title='bbox 1200 1036 1505 1102; x_wconf 90' lang='lat' dir='ltr'><strong>iudicent.</strong></span> 
     </span>
    </p>
   </div>
   <div class='ocr_carea' id='block_1_3' title="bbox 1245 1444 2233 1494">
    <p class='ocr_par' dir='ltr' id='par_1_3' title="bbox 1245 1444 2233 1494">
     <span class='ocr_line' id='line_1_8' title="bbox 1245 1444 2233 1494; baseline -0.001 -1"><span class='ocrx_word' id='word_1_49' title='bbox 1245 1445 1332 1493; x_wconf 73' lang='lat' dir='ltr'><strong>An</strong></span> <span class='ocrx_word' id='word_1_50' title='bbox 1379 1444 1875 1494; x_wconf 70' lang='lat' dir='ltr'><strong>Tmoonnomu</strong></span> <span class='ocrx_word' id='word_1_51' title='bbox 1920 1444 2233 1493; x_wconf 69' lang='lat' dir='ltr'><strong>monum.</strong></span> 
     </span>
    </p>
   </div>
   <div class='ocr_carea' id='block_1_4' title="bbox 453 1606 2935 4221">
    <p class='ocr_par' dir='ltr' id='par_1_4' title="bbox 453 1606 2931 2099">
     <span class='ocr_line' id='line_1_9' title="bbox 636 1606 2928 1694; baseline -0 -21"><span class='ocrx_word' id='word_1_52' title='bbox 636 1608 794 1689; x_wconf 81' lang='lat' dir='ltr'><strong>Quis</strong></span> <span class='ocrx_word' id='word_1_53' title='bbox 862 1629 985 1675; x_wconf 90' lang='lat' dir='ltr'><strong>non</strong></span> <span class='ocrx_word' id='word_1_54' title='bbox 1052 1606 1488 1674; x_wconf 87' lang='lat' dir='ltr'><strong>calumniatus</strong></span> <span class='ocrx_word' id='word_1_55' title='bbox 1547 1614 1646 1674; x_wconf 87' lang='lat' dir='ltr'><strong>est</strong></span> <span class='ocrx_word' id='word_1_56' title='bbox 1706 1606 2239 1675; x_wconf 80' lang='lat' dir='ltr'><strong>Themistocleml</strong></span> <span class='ocrx_word' id='word_1_57' title='bbox 2303 1608 2510 1674; x_wconf 86' lang='lat' dir='ltr'><strong>Nemo</strong></span> <span class='ocrx_word' id='word_1_58' title='bbox 2574 1607 2928 1694; x_wconf 75' lang='lat' dir='ltr'><strong>malignius</strong></span> 
     </span>
     <span class='ocr_line' id='line_1_10' title="bbox 453 1713 2930 1801; baseline 0 -23"><span class='ocrx_word' id='word_1_59' title='bbox 453 1741 461 1751; x_wconf 95' lang='lat'>·</span> <span class='ocrx_word' id='word_1_60' title='bbox 544 1733 742 1798; x_wconf 90' lang='lat' dir='ltr'><strong>quam</strong></span> <span class='ocrx_word' id='word_1_61' title='bbox 788 1713 1167 1780; x_wconf 78' lang='lat' dir='ltr'><strong>Timocreon</strong></span> <span class='ocrx_word' id='word_1_62' title='bbox 1208 1713 1531 1792; x_wconf 81' lang='lat' dir='ltr'><strong>Rhodius,</strong></span> <span class='ocrx_word' id='word_1_63' title='bbox 1571 1716 1684 1800; x_wconf 90' lang='lat' dir='ltr'><strong>qui</strong></span> <span class='ocrx_word' id='word_1_64' title='bbox 1719 1713 1925 1801; x_wconf 84' lang='lat' dir='ltr'><strong>lyrico</strong></span> <span class='ocrx_word' id='word_1_65' title='bbox 1964 1714 2209 1780; x_wconf 87' lang='lat' dir='ltr'><strong>scilicet</strong></span> <span class='ocrx_word' id='word_1_66' title='bbox 2245 1715 2527 1779; x_wconf 83' lang='lat' dir='ltr'><strong>carmine</strong></span> <span class='ocrx_word' id='word_1_67' title='bbox 2560 1713 2607 1795; x_wconf 91' lang='lat'><strong>¹)</strong></span> <span class='ocrx_word' id='word_1_68' title='bbox 2645 1716 2930 1778; x_wconf 76' lang='lat' dir='ltr'><strong>narravit</strong></span> 
     </span>
     <span class='ocr_line' id='line_1_11' title="bbox 546 1817 2931 1907; baseline -0.001 -21"><span class='ocrx_word' id='word_1_69' title='bbox 546 1817 850 1886; x_wconf 78' lang='lat' dir='ltr'><strong>Graeciae</strong></span> <span class='ocrx_word' id='word_1_70' title='bbox 893 1819 1088 1887; x_wconf 89' lang='lat' dir='ltr'><strong>illum</strong></span> <span class='ocrx_word' id='word_1_71' title='bbox 1133 1823 1583 1907; x_wconf 75' lang='lat' dir='ltr'><strong>sospitatorem</strong></span> <span class='ocrx_word' id='word_1_72' title='bbox 1632 1825 1697 1887; x_wconf 90' lang='lat' dir='ltr'><strong>et</strong></span> <span class='ocrx_word' id='word_1_73' title='bbox 1742 1821 1867 1886; x_wconf 90' lang='lat' dir='ltr'><strong>sibi</strong></span> <span class='ocrx_word' id='word_1_74' title='bbox 1913 1841 2026 1906; x_wconf 90' lang='lat' dir='ltr'><strong>per</strong></span> <span class='ocrx_word' id='word_1_75' title='bbox 2071 1820 2359 1886; x_wconf 82' lang='lat' dir='ltr'><strong>fraudem</strong></span> <span class='ocrx_word' id='word_1_76' title='bbox 2408 1819 2758 1885; x_wconf 80' lang='lat' dir='ltr'><strong>detraxisse</strong></span> <span class='ocrx_word' id='word_1_77' title='bbox 2803 1821 2931 1884; x_wconf 88' lang='lat' dir='ltr'><strong>tria</strong></span> 
     </span>
     <span class='ocr_line' id='line_1_12' title="bbox 543 1923 2931 2013; baseline -0.001 -22"><span class='ocrx_word' id='word_1_78' title='bbox 543 1924 786 1992; x_wconf 88' lang='lat' dir='ltr'><strong>talenta</strong></span> <span class='ocrx_word' id='word_1_79' title='bbox 841 1931 907 1993; x_wconf 90' lang='lat' dir='ltr'><strong>et</strong></span> <span class='ocrx_word' id='word_1_80' title='bbox 952 1926 1208 1993; x_wconf 87' lang='lat' dir='ltr'><strong>aliunde</strong></span> <span class='ocrx_word' id='word_1_81' title='bbox 1252 1947 1562 2013; x_wconf 85' lang='lat' dir='ltr'><strong>magnam</strong></span> <span class='ocrx_word' id='word_1_82' title='bbox 1607 1929 1748 1993; x_wconf 82' lang='lat' dir='ltr'><strong>vim</strong></span> <span class='ocrx_word' id='word_1_83' title='bbox 1795 1929 2099 2013; x_wconf 86' lang='lat' dir='ltr'><strong>pecuniae</strong></span> <span class='ocrx_word' id='word_1_84' title='bbox 2145 1928 2501 1993; x_wconf 86' lang='lat' dir='ltr'><strong>corrasisse.</strong></span> <span class='ocrx_word' id='word_1_85' title='bbox 2548 1923 2752 1991; x_wconf 83' lang='lat' dir='ltr'><strong>Cuius</strong></span> <span class='ocrx_word' id='word_1_86' title='bbox 2796 1945 2931 1990; x_wconf 87' lang='lat' dir='ltr'><strong>car-</strong></span> 
     </span>
     <span class='ocr_line' id='line_1_13' title="bbox 541 2033 1623 2099; baseline 0.003 -3"><span class='ocrx_word' id='word_1_87' title='bbox 541 2034 736 2098; x_wconf 84' lang='lat' dir='ltr'><strong>minis</strong></span> <span class='ocrx_word' id='word_1_88' title='bbox 783 2033 854 2099; x_wconf 92' lang='lat' dir='ltr'><strong>hi</strong></span> <span class='ocrx_word' id='word_1_89' title='bbox 898 2039 1049 2099; x_wconf 90' lang='lat' dir='ltr'><strong>sunt</strong></span> <span class='ocrx_word' id='word_1_90' title='bbox 1094 2053 1320 2099; x_wconf 80' lang='lat' dir='ltr'><strong>versus</strong></span> <span class='ocrx_word' id='word_1_91' title='bbox 1365 2033 1623 2099; x_wconf 87' lang='lat' dir='ltr'><strong>ultimi:</strong></span> 
     </span>
    </p>

    <p class='ocr_par' dir='ltr' id='par_1_5' title="bbox 1083 2138 2136 2216">
     <span class='ocr_line' id='line_1_14' title="bbox 1083 2138 2136 2216; baseline 0.003 -13"><span class='ocrx_word' id='word_1_92' title='bbox 1083 2140 1322 2216; x_wconf 74' lang='grc' dir='ltr'><strong><em>Ἰσθμοῖ</em></strong></span> <span class='ocrx_word' id='word_1_93' title='bbox 1365 2138 1419 2203; x_wconf 70' lang='grc' dir='ltr'><strong>δ’</strong></span> <span class='ocrx_word' id='word_1_94' title='bbox 1467 2138 1833 2205; x_wconf 70' lang='grc' dir='ltr'><strong><em>ἐπανδόκευε</em></strong></span> <span class='ocrx_word' id='word_1_95' title='bbox 1880 2139 2136 2216; x_wconf 76' lang='grc' dir='ltr'><strong>γελοίως</strong></span> 
     </span>
    </p>

    <p class='ocr_par' dir='ltr' id='par_1_6' title="bbox 1091 2243 1887 2326">
     <span class='ocr_line' id='line_1_15' title="bbox 1091 2243 1887 2326; baseline -0.003 -16"><span class='ocrx_word' id='word_1_96' title='bbox 1091 2244 1315 2326; x_wconf 72' lang='grc' dir='ltr'><strong><em>ψυχροὶ</em></strong></span> <span class='ocrx_word' id='word_1_97' title='bbox 1365 2243 1511 2324; x_wconf 69' lang='grc' dir='ltr'><strong>κρέα</strong></span> <span class='ocrx_word' id='word_1_98' title='bbox 1558 2243 1887 2326; x_wconf 72' lang='grc' dir='ltr'><strong><em>παρέχων·</em></strong></span> 
     </span>
    </p>

    <p class='ocr_par' dir='ltr' id='par_1_7' title="bbox 1090 2341 2175 2430">
     <span class='ocr_line' id='line_1_16' title="bbox 1090 2341 2175 2430; baseline -0.002 -15"><span class='ocrx_word' id='word_1_99' title='bbox 1090 2341 1144 2415; x_wconf 73' lang='grc' dir='ltr'><strong>οἳ</strong></span> <span class='ocrx_word' id='word_1_100' title='bbox 1189 2348 1242 2414; x_wconf 73' lang='grc' dir='ltr'><strong>δ’</strong></span> <span class='ocrx_word' id='word_1_101' title='bbox 1293 2349 1487 2426; x_wconf 78' lang='grc' dir='ltr'><strong><em>ἤσθιον</em></strong></span> <span class='ocrx_word' id='word_1_102' title='bbox 1533 2350 1837 2430; x_wconf 75' lang='grc' dir='ltr'><strong><em>κηῦχοντο</em></strong></span> <span class='ocrx_word' id='word_1_103' title='bbox 1885 2350 1973 2428; x_wconf 64' lang='grc' dir='ltr'><strong>μὴ</strong></span> <span class='ocrx_word' id='word_1_104' title='bbox 2019 2350 2175 2430; x_wconf 68' lang='grc' dir='ltr'><strong><em>ὤραν</em></strong></span> 
     </span>
    </p>

    <p class='ocr_par' dir='ltr' id='par_1_8' title="bbox 537 2455 2935 3494">
     <span class='ocr_line' id='line_1_17' title="bbox 1090 2455 1939 2535; baseline 0.005 -15"><span class='ocrx_word' id='word_1_105' title='bbox 1090 2455 1582 2532; x_wconf 74' lang='grc' dir='ltr'><strong><em>Θεμιστοκλέους</em></strong></span> <span class='ocrx_word' id='word_1_106' title='bbox 1628 2455 1939 2535; x_wconf 73' lang='grc' dir='ltr'><strong><em>γενέσθαι.</em></strong></span> 
     </span>
     <span class='ocr_line' id='line_1_18' title="bbox 540 2560 2931 2651; baseline -0.001 -24"><span class='ocrx_word' id='word_1_107' title='bbox 540 2560 719 2627; x_wconf 84' lang='lat' dir='ltr'><strong>Male</strong></span> <span class='ocrx_word' id='word_1_108' title='bbox 763 2564 964 2647; x_wconf 86' lang='lat' dir='ltr'><strong>partis</strong></span> <span class='ocrx_word' id='word_1_109' title='bbox 1007 2564 1216 2649; x_wconf 89' lang='lat' dir='ltr'><strong>igitur</strong></span> <span class='ocrx_word' id='word_1_110' title='bbox 1262 2566 1490 2651; x_wconf 91' lang='lat' dir='ltr'><strong>opibus</strong></span> <span class='ocrx_word' id='word_1_111' title='bbox 1537 2564 1691 2630; x_wconf 89' lang='lat' dir='ltr'><strong>adeo</strong></span> <span class='ocrx_word' id='word_1_112' title='bbox 1737 2585 1922 2651; x_wconf 87' lang='lat' dir='ltr'><strong>parce</strong></span> <span class='ocrx_word' id='word_1_113' title='bbox 1966 2563 2258 2630; x_wconf 89' lang='lat' dir='ltr'><strong>Isthmiis</strong></span> <span class='ocrx_word' id='word_1_114' title='bbox 2304 2583 2461 2627; x_wconf 89' lang='lat' dir='ltr'><strong>usus</strong></span> <span class='ocrx_word' id='word_1_115' title='bbox 2499 2566 2598 2628; x_wconf 91' lang='lat' dir='ltr'><strong>est</strong></span> <span class='ocrx_word' id='word_1_116' title='bbox 2634 2560 2931 2627; x_wconf 79' lang='lat' dir='ltr'><strong>Themis-</strong></span> 
     </span>
     <span class='ocr_line' id='line_1_19' title="bbox 543 2663 2929 2755; baseline -0.001 -22"><span class='ocrx_word' id='word_1_117' title='bbox 543 2667 739 2734; x_wconf 87' lang='lat' dir='ltr'><strong>tocles</strong></span> <span class='ocrx_word' id='word_1_118' title='bbox 809 2674 885 2734; x_wconf 91' lang='lat' dir='ltr'><strong>ut</strong></span> <span class='ocrx_word' id='word_1_119' title='bbox 952 2671 1064 2755; x_wconf 88' lang='lat' dir='ltr'><strong>qui</strong></span> <span class='ocrx_word' id='word_1_120' title='bbox 1128 2669 1287 2735; x_wconf 90' lang='lat' dir='ltr'><strong>illuc</strong></span> <span class='ocrx_word' id='word_1_121' title='bbox 1355 2678 1782 2737; x_wconf 82' lang='lat' dir='ltr'><strong>convenerant</strong></span> <span class='ocrx_word' id='word_1_122' title='bbox 1858 2670 2149 2735; x_wconf 90' lang='lat' dir='ltr'><strong>homines</strong></span> <span class='ocrx_word' id='word_1_123' title='bbox 2227 2674 2520 2754; x_wconf 83' lang='lat' dir='ltr'><strong>optarent</strong></span> <span class='ocrx_word' id='word_1_124' title='bbox 2548 2716 2563 2732; x_wconf 91' lang='lat'>.</span> <span class='ocrx_word' id='word_1_125' title='bbox 2589 2717 2604 2733; x_wconf 91' lang='lat'>.</span> <span class='ocrx_word' id='word_1_126' title='bbox 2635 2716 2651 2731; x_wconf 90' lang='lat'><strong><em>.</em></strong></span> <span class='ocrx_word' id='word_1_127' title='bbox 2729 2663 2929 2753; x_wconf 81' lang='lat' dir='ltr'><strong>quid?</strong></span> 
     </span>
     <span class='ocr_line' id='line_1_20' title="bbox 544 2770 2929 2861; baseline -0.002 -22"><span class='ocrx_word' id='word_1_128' title='bbox 544 2770 758 2840; x_wconf 84' lang='lat' dir='ltr'><strong>Grave</strong></span> <span class='ocrx_word' id='word_1_129' title='bbox 827 2773 1085 2861; x_wconf 87' lang='lat' dir='ltr'><strong>aliquod</strong></span> <span class='ocrx_word' id='word_1_130' title='bbox 1154 2775 1497 2842; x_wconf 86' lang='lat' dir='ltr'><strong>dicterium</strong></span> <span class='ocrx_word' id='word_1_131' title='bbox 1566 2775 2118 2860; x_wconf 88' lang='lat' dir='ltr'><strong>contumeliaeque</strong></span> <span class='ocrx_word' id='word_1_132' title='bbox 2186 2774 2451 2861; x_wconf 91' lang='lat' dir='ltr'><strong>plenum</strong></span> <span class='ocrx_word' id='word_1_133' title='bbox 2512 2779 2929 2859; x_wconf 83' lang='lat' dir='ltr'><strong>expectamus</strong></span> 
     </span>
     <span class='ocr_line' id='line_1_21' title="bbox 541 2879 2930 2969; baseline -0.002 -24"><span class='ocrx_word' id='word_1_134' title='bbox 541 2881 823 2966; x_wconf 86' lang='lat' dir='ltr'><strong>profecto</strong></span> <span class='ocrx_word' id='word_1_135' title='bbox 842 2929 859 2960; x_wconf 89' lang='lat'><em>,</em></span> <span class='ocrx_word' id='word_1_136' title='bbox 905 2884 974 2946; x_wconf 92' lang='lat' dir='ltr'><strong>in</strong></span> <span class='ocrx_word' id='word_1_137' title='bbox 1015 2902 1140 2967; x_wconf 91' lang='lat' dir='ltr'><strong>quo</strong></span> <span class='ocrx_word' id='word_1_138' title='bbox 1179 2882 1408 2969; x_wconf 89' lang='lat' dir='ltr'><strong>probra</strong></span> <span class='ocrx_word' id='word_1_139' title='bbox 1451 2884 1576 2947; x_wconf 84' lang='lat' dir='ltr'><strong>ista</strong></span> <span class='ocrx_word' id='word_1_140' title='bbox 1622 2889 1851 2967; x_wconf 87' lang='lat' dir='ltr'><strong>aptum</strong></span> <span class='ocrx_word' id='word_1_141' title='bbox 1898 2881 2173 2946; x_wconf 88' lang='lat' dir='ltr'><strong>habeant</strong></span> <span class='ocrx_word' id='word_1_142' title='bbox 2218 2879 2432 2945; x_wconf 91' lang='lat' dir='ltr'><strong>finem.</strong></span> <span class='ocrx_word' id='word_1_143' title='bbox 2478 2879 2736 2964; x_wconf 80' lang='lat' dir='ltr'><strong>Ergone</strong></span> <span class='ocrx_word' id='word_1_144' title='bbox 2774 2880 2930 2943; x_wconf 89' lang='lat' dir='ltr'><strong>satis</strong></span> 
     </span>
     <span class='ocr_line' id='line_1_22' title="bbox 539 2986 2935 3074; baseline -0.002 -24"><span class='ocrx_word' id='word_1_145' title='bbox 539 2986 836 3051; x_wconf 80' lang='lat' dir='ltr'><strong>vividum</strong></span> <span class='ocrx_word' id='word_1_146' title='bbox 900 2986 1158 3053; x_wconf 85' lang='lat' dir='ltr'><strong>videtur</strong></span> <span class='ocrx_word' id='word_1_147' title='bbox 1215 2987 1283 3053; x_wconf 96' lang='lat' dir='ltr'><strong>id</strong></span> <span class='ocrx_word' id='word_1_148' title='bbox 1341 2988 1507 3074; x_wconf 92' lang='lat' dir='ltr'><strong>quod</strong></span> <span class='ocrx_word' id='word_1_149' title='bbox 1568 2988 1761 3053; x_wconf 88' lang='lat' dir='ltr'><strong>habet</strong></span> <span class='ocrx_word' id='word_1_150' title='bbox 1825 2993 2038 3053; x_wconf 86' lang='lat' dir='ltr'><strong>textus</strong></span> <span class='ocrx_word' id='word_1_151' title='bbox 2099 2986 2408 3051; x_wconf 87' lang='lat' dir='ltr'><strong>traditus:</strong></span> <span class='ocrx_word' id='word_1_152' title='bbox 2476 2990 2803 3066; x_wconf 61' lang='lat' dir='ltr'><strong>„optarunt</strong></span> <span class='ocrx_word' id='word_1_153' title='bbox 2860 2990 2935 3047; x_wconf 73' lang='grc' dir='ltr'><strong>ιιι</strong></span> 
     </span>
     <span class='ocr_line' id='line_1_23' title="bbox 537 3086 2929 3172; baseline -0.002 -17"><span class='ocrx_word' id='word_1_154' title='bbox 537 3092 944 3172; x_wconf 63' lang='grc' dir='ltr'><strong>παρίεμεν-εἰσιν</strong></span> <span class='ocrx_word' id='word_1_155' title='bbox 977 3092 1429 3157; x_wconf 70' lang='lat' dir='ltr'><strong>Themistoclee&#39;&#39;</strong></span> <span class='ocrx_word' id='word_1_156' title='bbox 1472 3096 1639 3160; x_wconf 83' lang='lat' dir='ltr'><strong>sive:</strong></span> <span class='ocrx_word' id='word_1_157' title='bbox 1686 3100 1795 3171; x_wconf 71' lang='lat' dir='ltr'><strong>„ut</strong></span> <span class='ocrx_word' id='word_1_158' title='bbox 1832 3094 1992 3156; x_wconf 71' lang='lat' dir='ltr'><strong>ratio</strong></span> <span class='ocrx_word' id='word_1_159' title='bbox 2032 3090 2159 3155; x_wconf 71' lang='lat' dir='ltr'><strong>eius</strong></span> <span class='ocrx_word' id='word_1_160' title='bbox 2180 3113 2299 3155; x_wconf 70' lang='lat' dir='ltr'><strong>non</strong></span> <span class='ocrx_word' id='word_1_161' title='bbox 2322 3086 2722 3153; x_wconf 73' lang='lat' dir='ltr'><strong>haberetur”?</strong></span> <span class='ocrx_word' id='word_1_162' title='bbox 2756 3086 2929 3153; x_wconf 84' lang='lat' dir='ltr'><strong>Mihi</strong></span> 
     </span>
     <span class='ocr_line' id='line_1_24' title="bbox 539 3192 2931 3283; baseline -0.002 -23"><span class='ocrx_word' id='word_1_163' title='bbox 539 3198 772 3262; x_wconf 82' lang='lat' dir='ltr'><strong>misere</strong></span> <span class='ocrx_word' id='word_1_164' title='bbox 809 3195 1114 3283; x_wconf 88' lang='lat' dir='ltr'><strong>languere</strong></span> <span class='ocrx_word' id='word_1_165' title='bbox 1152 3198 1454 3264; x_wconf 80' lang='lat' dir='ltr'><strong>videntur</strong></span> <span class='ocrx_word' id='word_1_166' title='bbox 1490 3199 1685 3265; x_wconf 85' lang='lat' dir='ltr'><strong>verba</strong></span> <span class='ocrx_word' id='word_1_167' title='bbox 1724 3197 1879 3263; x_wconf 90' lang='lat' dir='ltr'><strong>haec</strong></span> <span class='ocrx_word' id='word_1_168' title='bbox 1904 3196 2139 3263; x_wconf 89' lang='lat' dir='ltr'><strong>ultima</strong></span> <span class='ocrx_word' id='word_1_169' title='bbox 2152 3218 2169 3276; x_wconf 92' lang='lat'>;</span> <span class='ocrx_word' id='word_1_170' title='bbox 2212 3198 2469 3283; x_wconf 88' lang='lat' dir='ltr'><strong>egregie</strong></span> <span class='ocrx_word' id='word_1_171' title='bbox 2496 3192 2931 3279; x_wconf 84' lang='lat' dir='ltr'><strong>displicerent,</strong></span> 
     </span>
     <span class='ocr_line' id='line_1_25' title="bbox 540 3297 2927 3388; baseline -0.002 -22"><span class='ocrx_word' id='word_1_172' title='bbox 540 3302 796 3366; x_wconf 87' lang='lat' dir='ltr'><strong>etiamsi</strong></span> <span class='ocrx_word' id='word_1_173' title='bbox 841 3299 1092 3367; x_wconf 87' lang='lat' dir='ltr'><strong>nullam</strong></span> <span class='ocrx_word' id='word_1_174' title='bbox 1136 3306 1562 3388; x_wconf 84' lang='lat' dir='ltr'><strong>suspicionem</strong></span> <span class='ocrx_word' id='word_1_175' title='bbox 1607 3308 1895 3368; x_wconf 84' lang='lat' dir='ltr'><strong>moveret</strong></span> <span class='ocrx_word' id='word_1_176' title='bbox 1938 3302 2155 3366; x_wconf 87' lang='lat' dir='ltr'><strong>hiatus</strong></span> <span class='ocrx_word' id='word_1_177' title='bbox 2206 3299 2308 3368; x_wconf 85' lang='lat' dir='ltr'><strong>vel</strong></span> <span class='ocrx_word' id='word_1_178' title='bbox 2346 3297 2927 3385; x_wconf 83' lang='lat' dir='ltr'><strong>monosyllabicum</strong></span> 
     </span>
     <span class='ocr_line' id='line_1_26' title="bbox 539 3403 2921 3494; baseline 0 -26"><span class='ocrx_word' id='word_1_179' title='bbox 539 3404 780 3478; x_wconf 78' lang='grc' dir='ltr'><strong>·κλὲους</strong></span> <span class='ocrx_word' id='word_1_180' title='bbox 820 3407 1048 3486; x_wconf 51' lang='lat' dir='ltr'><strong>(amoc,-</strong></span> <span class='ocrx_word' id='word_1_181' title='bbox 1087 3407 1382 3489; x_wconf 86' lang='lat' dir='ltr'><strong>Ahrens).</strong></span> <span class='ocrx_word' id='word_1_182' title='bbox 1438 3408 1837 3494; x_wconf 81' lang='lat' dir='ltr'><strong>Quapropter</strong></span> <span class='ocrx_word' id='word_1_183' title='bbox 1873 3406 2226 3472; x_wconf 80' lang='lat' dir='ltr'><strong>videndum</strong></span> <span class='ocrx_word' id='word_1_184' title='bbox 2274 3428 2356 3493; x_wconf 79' lang='lat' dir='ltr'><strong>an</strong></span> <span class='ocrx_word' id='word_1_185' title='bbox 2402 3403 2749 3493; x_wconf 85' lang='lat' dir='ltr'><strong>legendum</strong></span> <span class='ocrx_word' id='word_1_186' title='bbox 2797 3406 2921 3469; x_wconf 85' lang='lat' dir='ltr'><strong>sit:</strong></span> 
     </span>
    </p>

    <p class='ocr_par' dir='ltr' id='par_1_9' title="bbox 1579 3509 2375 3594">
     <span class='ocr_line' id='line_1_27' title="bbox 1579 3509 2375 3594; baseline -0.005 -14"><span class='ocrx_word' id='word_1_187' title='bbox 1579 3512 1880 3594; x_wconf 77' lang='grc' dir='ltr'><strong><em>κηῦχοντο</em></strong></span> <span class='ocrx_word' id='word_1_188' title='bbox 1927 3516 2030 3590; x_wconf 68' lang='grc' dir='ltr'><strong>μὴ</strong></span> <span class='ocrx_word' id='word_1_189' title='bbox 2076 3518 2130 3585; x_wconf 80' lang='grc' dir='ltr'><strong>’ς</strong></span> <span class='ocrx_word' id='word_1_190' title='bbox 2177 3509 2375 3593; x_wconf 68' lang='grc' dir='ltr'><strong>ὅμως</strong></span> 
     </span>
    </p>

    <p class='ocr_par' dir='ltr' id='par_1_10' title="bbox 537 3617 2926 4221">
     <span class='ocr_line' id='line_1_28' title="bbox 1086 3617 1969 3696; baseline -0.001 -12"><span class='ocrx_word' id='word_1_191' title='bbox 1086 3628 1614 3696; x_wconf 74' lang='grc' dir='ltr'><strong><em>Θεμιστοκλῆ</em></strong></span> <span class='ocrx_word' id='word_1_192' title='bbox 1664 3617 1969 3696; x_wconf 72' lang='grc' dir='ltr'><strong><em>γενέσθαι.</em></strong></span> 
     </span>
     <span class='ocr_line' id='line_1_29' title="bbox 538 3719 2926 3812; baseline 0 -26"><span class='ocrx_word' id='word_1_193' title='bbox 538 3719 645 3787; x_wconf 82' lang='lat' dir='ltr'><strong>Sic</strong></span> <span class='ocrx_word' id='word_1_194' title='bbox 705 3722 876 3807; x_wconf 89' lang='lat' dir='ltr'><strong>apud</strong></span> <span class='ocrx_word' id='word_1_195' title='bbox 934 3726 1258 3789; x_wconf 89' lang='lat' dir='ltr'><strong>comicum</strong></span> <span class='ocrx_word' id='word_1_196' title='bbox 1314 3724 1495 3812; x_wconf 81' lang='lat' dir='ltr'><strong>(Lys.</strong></span> <span class='ocrx_word' id='word_1_197' title='bbox 1551 3722 1756 3806; x_wconf 82' lang='lat'>1037)</span> <span class='ocrx_word' id='word_1_198' title='bbox 1815 3727 1966 3789; x_wconf 88' lang='lat' dir='ltr'><strong>irati</strong></span> <span class='ocrx_word' id='word_1_199' title='bbox 2015 3744 2193 3789; x_wconf 90' lang='lat' dir='ltr'><strong>senes</strong></span> <span class='ocrx_word' id='word_1_200' title='bbox 2242 3721 2646 3788; x_wconf 83' lang='lat' dir='ltr'><strong>mulierculis</strong></span> <span class='ocrx_word' id='word_1_201' title='bbox 2685 3725 2926 3808; x_wconf 90' lang='lat' dir='ltr'><strong>impre-</strong></span> 
     </span>
     <span class='ocr_line' id='line_1_30' title="bbox 539 3826 2923 3910; baseline 0 -19"><span class='ocrx_word' id='word_1_202' title='bbox 539 3834 797 3893; x_wconf 83' lang='lat' dir='ltr'><strong>cantur:</strong></span> <span class='ocrx_word' id='word_1_203' title='bbox 866 3830 1083 3907; x_wconf 58' lang='lat' dir='ltr'><strong>„ozam</strong></span> <span class='ocrx_word' id='word_1_204' title='bbox 1146 3832 1236 3908; x_wconf 65' lang='grc' dir='ltr'><strong>μὴ</strong></span> <span class='ocrx_word' id='word_1_205' title='bbox 1293 3832 1346 3903; x_wconf 81' lang='grc' dir='ltr'><strong>’ς</strong></span> <span class='ocrx_word' id='word_1_206' title='bbox 1409 3828 1566 3910; x_wconf 71' lang='grc' dir='ltr'><strong>ὥρας</strong></span> <span class='ocrx_word' id='word_1_207' title='bbox 1627 3827 1843 3895; x_wconf 74' lang='grc' dir='ltr'><strong><em>ἵκοισθε</em></strong></span> <span class='ocrx_word' id='word_1_208' title='bbox 1866 3826 1927 3893; x_wconf 82' lang='lat'><strong>1&#39;’</strong></span> <span class='ocrx_word' id='word_1_209' title='bbox 1989 3830 2125 3895; x_wconf 84' lang='lat' dir='ltr'><strong>sive</strong></span> <span class='ocrx_word' id='word_1_210' title='bbox 2184 3828 2469 3908; x_wconf 71' lang='grc' dir='ltr'><strong><em>τάχιστα</em></strong></span> <span class='ocrx_word' id='word_1_211' title='bbox 2519 3828 2621 3892; x_wconf 71' lang='grc' dir='ltr'><strong>καὶ</strong></span> <span class='ocrx_word' id='word_1_212' title='bbox 2675 3829 2923 3892; x_wconf 71' lang='grc' dir='ltr'><strong>κάκιστ’</strong></span> 
     </span>
     <span class='ocr_line' id='line_1_31' title="bbox 538 3932 2925 4021; baseline 0 -25"><span class='ocrx_word' id='word_1_213' title='bbox 538 3932 897 3999; x_wconf 72' lang='grc' dir='ltr'><strong><em>οἱπόλοισθεῐ</em></strong></span> <span class='ocrx_word' id='word_1_214' title='bbox 939 3934 1023 4001; x_wconf 81' lang='lat' dir='ltr'><strong>Et</strong></span> <span class='ocrx_word' id='word_1_215' title='bbox 1063 3936 1134 4013; x_wconf 73' lang='lat'><strong>„3</strong></span> <span class='ocrx_word' id='word_1_216' title='bbox 1174 3938 1262 4013; x_wconf 66' lang='grc' dir='ltr'><strong>μὴ</strong></span> <span class='ocrx_word' id='word_1_217' title='bbox 1303 3932 1486 4015; x_wconf 71' lang='grc' dir='ltr'><strong><em>ὥρασι</em></strong></span> <span class='ocrx_word' id='word_1_218' title='bbox 1526 3934 2019 4015; x_wconf 74' lang='grc' dir='ltr'><strong>Δημόστρατος”</strong></span> <span class='ocrx_word' id='word_1_219' title='bbox 2059 3934 2229 4021; x_wconf 89' lang='lat' dir='ltr'><strong>apud</strong></span> <span class='ocrx_word' id='word_1_220' title='bbox 2256 3934 2528 4001; x_wconf 87' lang='lat' dir='ltr'><strong>eundem</strong></span> <span class='ocrx_word' id='word_1_221' title='bbox 2552 3932 2733 4021; x_wconf 82' lang='lat' dir='ltr'><strong>(Lys.</strong></span> <span class='ocrx_word' id='word_1_222' title='bbox 2761 3932 2925 4011; x_wconf 86' lang='lat'><strong>391)</strong></span> 
     </span>
     <span class='ocr_line' id='line_1_32' title="bbox 537 4037 2921 4122; baseline 0 -19"><span class='ocrx_word' id='word_1_223' title='bbox 537 4043 637 4103; x_wconf 87' lang='lat' dir='ltr'><strong>est</strong></span> <span class='ocrx_word' id='word_1_224' title='bbox 683 4037 712 4102; x_wconf 77' lang='grc' dir='ltr'><em>ὃ</em></span> <span class='ocrx_word' id='word_1_225' title='bbox 757 4042 846 4117; x_wconf 67' lang='grc' dir='ltr'><strong>μὴ</strong></span> <span class='ocrx_word' id='word_1_226' title='bbox 894 4040 982 4112; x_wconf 77' lang='grc' dir='ltr'><strong>εἷς</strong></span> <span class='ocrx_word' id='word_1_227' title='bbox 1029 4044 1149 4113; x_wconf 73' lang='grc' dir='ltr'><strong>τὰς</strong></span> <span class='ocrx_word' id='word_1_228' title='bbox 1195 4038 1353 4120; x_wconf 74' lang='grc' dir='ltr'><strong>ὥρας</strong></span> <span class='ocrx_word' id='word_1_229' title='bbox 1399 4042 1519 4115; x_wconf 71' lang='grc' dir='ltr'><strong>τὰς</strong></span> <span class='ocrx_word' id='word_1_230' title='bbox 1567 4041 1780 4122; x_wconf 73' lang='grc' dir='ltr'><strong><em>ἑτέρας</em></strong></span> <span class='ocrx_word' id='word_1_231' title='bbox 1826 4040 2200 4119; x_wconf 78' lang='grc' dir='ltr'><strong><em>βιωσόμενος</em></strong></span> <span class='ocrx_word' id='word_1_232' title='bbox 2246 4041 2421 4106; x_wconf 68' lang='grc' dir='ltr'><strong><em>ἀλλὰ</em></strong></span> <span class='ocrx_word' id='word_1_233' title='bbox 2468 4041 2729 4119; x_wconf 74' lang='grc' dir='ltr'><strong><em>τάχιστ’</em></strong></span> <span class='ocrx_word' id='word_1_234' title='bbox 2770 4040 2921 4103; x_wconf 72' lang='grc' dir='ltr'><strong>ἄπο-</strong></span> 
     </span>
     <span class='ocr_line' id='line_1_33' title="bbox 540 4142 2827 4221; baseline 0.001 -14"><span class='ocrx_word' id='word_1_235' title='bbox 540 4142 854 4221; x_wconf 78' lang='grc' dir='ltr'><strong><em>λούμενος.</em></strong></span> <span class='ocrx_word' id='word_1_236' title='bbox 2642 4162 2705 4210; x_wconf 80' lang='lat' dir='ltr'><strong>v.</strong></span> <span class='ocrx_word' id='word_1_237' title='bbox 2753 4145 2827 4210; x_wconf 84' lang='lat' dir='ltr'><strong>L.</strong></span> 
     </span>
    </p>
   </div>
   <div class='ocr_carea' id='block_1_5' title="bbox 542 4278 933 4291">
    <p class='ocr_par' dir='ltr' id='par_1_11' title="bbox 542 4278 933 4291">
     <span class='ocr_line' id='line_1_34' title="bbox 542 4278 933 4291; baseline 0 794"><span class='ocrx_word' id='word_1_238' title='bbox 542 4278 933 4291; x_wconf 95' lang='lat' dir='ltr'><strong> </strong></span> 
     </span>
    </p>
   </div>
   <div class='ocr_carea' id='block_1_6' title="bbox 607 4356 1498 4421">
    <p class='ocr_par' dir='ltr' id='par_1_12' title="bbox 607 4356 1498 4421">
     <span class='ocr_line' id='line_1_35' title="bbox 607 4356 1498 4421; baseline 0.007 -17"><span class='ocrx_word' id='word_1_239' title='bbox 607 4356 658 4421; x_wconf 88' lang='lat'><strong>1)</strong></span> <span class='ocrx_word' id='word_1_240' title='bbox 695 4356 834 4421; x_wconf 77' lang='lat' dir='ltr'><strong>Apud</strong></span> <span class='ocrx_word' id='word_1_241' title='bbox 869 4356 1000 4407; x_wconf 77' lang='lat' dir='ltr'><strong>Plut.</strong></span> <span class='ocrx_word' id='word_1_242' title='bbox 1035 4357 1120 4407; x_wconf 73' lang='lat' dir='ltr'><strong>vit.</strong></span> <span class='ocrx_word' id='word_1_243' title='bbox 1155 4358 1384 4409; x_wconf 79' lang='lat' dir='ltr'><strong>Themist.</strong></span> <span class='ocrx_word' id='word_1_244' title='bbox 1419 4358 1498 4410; x_wconf 78' lang='lat' dir='ltr'><strong>sl.</strong></span> 
     </span>
    </p>
   </div>
  </div>
 </body>
</html>
