3246 5085
1125 365 1378 414 amous
1423 366 1802 416 fflmomus.
2570 350 2659 416 '79

370 531 478 597 VI.
527 529 634 596 36.
686 533 720 604 ἠ
770 530 991 607 Ἀσία,
1043 533 1076 605 ἧ
1123 527 1411 607 Εὐρώπη,
1459 529 1680 607 γωνίαι
1727 534 1833 594 τοῦ
1882 529 2144 607 κόσμου·
2188 535 2315 596 πᾶν
2354 531 2656 611 πέλαγος,

275 638 532 713 σταγὼν
577 641 683 700 τοῦ
732 636 994 711 κόσμου·
1037 634 1278 712 ”Αθως,
1326 635 1627 713 βωλαριον
1677 640 1782 698 τοῦ
1823 634 2082 710 κόσμου·
2126 641 2253 700 πᾶν
2294 637 2364 701 τὸ
2405 638 2656 710 ἐνεστὼς

275 747 384 808 τοῦ
431 743 668 822 χρόνου,
717 743 960 817 στιγμὴ
1005 745 1111 805 τοῦ
1157 741 1386 810 αἴῶνος.
1439 739 1653 806 πάντα
1702 739 1931 819 μικροὶ,
1979 742 2324 819 εὔτρεπτα,
2374 743 2675 828 ἐναφανιῑ

279 847 532 928 ζόμενα.
580 847 792 912 πάντα
840 847 1062 912 ἐκεῖθεν
1107 845 1397 925 ἔρχεται,
1445 847 1560 910 ἀπ’
1609 846 1831 910 ἐκείνου
1878 851 1983 912 τοῦ
2040 853 2229 913 κοινοῦ
2296 850 2655 927 ἡγεμονικοῦ

275 953 638 1034 ὁρμήσαντα
710 953 744 1027 ἢ
814 954 957 1017 κατ’
1023 950 1499 1026 ἐπακολούθησιν
1565 951 1740 1017 usk.
1803 951 1979 1017 Duas
2042 973 2142 1018 res
2199 952 2531 1019 distinctas
2592 960 2659 1020 et

274 1058 746 1146 quodammodo
805 1060 975 1124 inter
1033 1077 1098 1122 se
1148 1055 1386 1122 alienas
1432 1057 1538 1122 hic
1582 1058 1887 1144 coniungi
1931 1063 2221 1144 apparet,
2270 1058 2511 1125 scilicet
2556 1081 2662 1125 va-

269 1169 547 1232 nitatem
591 1163 1042 1248 vilitatemque
1079 1183 1297 1228 rerum
1334 1163 1769 1228 humanarum
1808 1169 1873 1228 et
1912 1163 2147 1250 dogma
2182 1163 2339 1230 illud
2370 1165 2658 1232 Stoicum

274 1273 410 1351 περὶ
453 1275 570 1336 τῶν
607 1270 1134 1352 ἓτιγςννημιίτων,
1179 1289 1340 1354 quae
1380 1275 1606 1353 utpote
1645 1266 2026 1354 profluentia
2064 1290 2143 1334 ex
2180 1270 2400 1336 eodem
2441 1271 2658 1337 divino

269 1378 467 1455 fonte,
502 1397 626 1461 quo
665 1377 912 1452 omnia,
954 1373 1176 1440 eodem
1213 1394 1429 1440 amore
1465 1380 1531 1439 et
1571 1373 2021 1453 admiratione,
2060 1395 2186 1460 qua
2220 1375 2498 1460 reliquas
2520 1397 2621 1442 res
2642 1425 2659 1456 ,

227 1481 234 1491 '
269 1485 571 1569 prosequi
610 1484 963 1566 sapientem
1004 1480 1238 1546 deceat.
1288 1480 1510 1564 Itaque
1558 1500 1597 1543 a
1642 1479 1857 1545 verbis
1896 1482 2106 1544 ratum
2149 1481 2371 1545 ἐκεῖθεν
2408 1479 2661 1561 ἔρχεται

264 1608 431 1654 nova
475 1587 646 1652 linea
688 1585 1048 1671 incipienda
1095 1584 1385 1662 videtum
1452 1587 1563 1669 qui
1623 1589 1846 1649 autem
1907 1584 2150 1650 factum
2198 1589 2316 1664 sit,
2373 1593 2449 1652 ut
2506 1587 2661 1653 haec

271 1696 488 1760 omnia
532 1695 600 1757 in
645 1712 851 1757 unum
896 1690 1316 1757 coalescerent
1335 1739 1352 1767 ,
1400 1689 1586 1756 facile
1633 1693 2036 1776 perspicitur,
2080 1713 2230 1758 cum
2268 1713 2390 1758 vox
2433 1695 2663 1759 iterata

274 1799 490 1863 πάντα
535 1796 828 1862 librarios
872 1798 942 1861 in
979 1815 1260 1861 errorem
1303 1794 1653 1860 induxerit.

365 2015 504 2080 VII.
569 2013 676 2080 4¹7.
726 2014 814 2079 48
883 2014 1308 2080 continuanda
1370 2013 1675 2078 videntur
1743 2014 1863 2079 hoc
1932 2014 2156 2081 modo:
2232 2025 2660 2096 »περισκοπεῖν

281 2121 518 2202 ἄστρων
565 2121 852 2201 δρόμους,
900 2119 1100 2198 ὥσπερ
1151 2119 1672 2197 συμπεριθέοντα”
1724 2120 1825 2183 καὶ
1875 2121 1991 2189 τὰς
2044 2127 2161 2183 τῶν
2208 2124 2527 2202 στοιχείων
2573 2125 2659 2195 εἷς

279 2225 536 2300 ἄλληλα
582 2225 956 2302 μεταβολὰς
1005 2227 1283 2305 συνεχῶς
1333 2224 1579 2287 ἐννοεῖν·
1630 2226 2108 2302 αποκαθαίρουσι
2156 2229 2283 2303 γὰρ
2323 2229 2389 2290 αἱ
2432 2231 2658 2292 τούτων

276 2333 630 2413 φαντασίαι
682 2332 827 2408 »τὸν
871 2330 1055 2412 ῥύπον
1101 2335 1208 2394 τοῦ
1257 2329 1474 2409 χαμαὶ
1521 2328 1731 2405 βίου”.
1780 2331 1969 2394 καλὸν
2021 2332 2091 2394 τὸ
2138 2336 2243 2395 τοῦ
2292 2332 2657 2404 Πλάτωνος·

279 2439 382 2502 καὶ
444 2437 514 2510 δὴ
577 2438 712 2514 περὶ
767 2437 1083 2515 ἀνθρώπων
1147 2434 1286 2505 τοὺς
1349 2434 1570 2512 λόγους
1619 2435 1973 2510 ποιούμενον
2019 2439 2370 2502 ἑοὶ-ισκοπεῒν
2416 2440 2511 2504 δεῖ
2554 2439 2657 2504 καὶ

277 2546 364 2609 τὰ
427 2544 678 2621 ἐπίγεια
741 2541 916 2609 κ.τ.ἑ.
971 2548 1049 2607 ut
1111 2562 1284 2607 more
1344 2561 1458 2607 suo
1516 2548 1737 2606 auctor
1784 2541 1978 2608 verba
2022 2540 2280 2608 aliunde
2324 2542 2660 2630 desumpta

273 2654 412 2737 ipse
475 2656 710 2736 augeat
729 2698 746 2728 ,
809 2647 1192 2734 amplificet,
1241 2649 1522 2731 corrigat
1566 2668 1841 2732 quoque.
1892 2647 2053 2713 Fere
2100 2648 2277 2713 idem
2323 2650 2657 2735 interpreti

277 2752 530 2822 Gallico
575 2754 884 2820 Fournier
926 2752 1242 2839 placuisse
1286 2752 1494 2817 video.

365 2962 506 3030 VII.
558 2961 665 3031 67.
715 2967 750 3039 ἦ
797 2964 984 3044 Φύσις
1035 2963 1154 3043 οὐχ
1201 2960 1383 3034 οὕτως
1435 2961 1796 3039 συνεκέρασε
1842 2966 1926 3043 τῷ
1976 2964 2397 3041 συγκρίμασι,
2447 2966 2521 3034 ὡς
2564 2968 2651 3041 μὴ

275 3070 556 3150 ἐφεῖσθαι
627 3068 968 3148 περιορίζειν
1040 3067 1256 3131 ἑαυτὸν
1321 3066 1427 3132 καὶ
1492 3068 1575 3131 τὰ
1646 3068 1867 3133 ἑαυτοῦ
1915 3071 2023 3148 ὑφ’
2070 3071 2267 3150 ἐαυτῷ
2316 3073 2650 3135 ποιεῖσθαι·

275 3177 418 3240 λίαν
465 3176 593 3255 γαρ
642 3176 960 3253 ἐνδέχεται
997 3176 1150 3237 θεῖον
1190 3171 1378 3253 ἄνδρα
1418 3172 1701 3250 γενέσθαι
1745 3173 1851 3239 καὶ
1896 3176 2009 3239 ὑπὸ
2047 3174 2299 3251 μηδενὸς
2339 3177 2655 3257 γνωρισθῆ·

274 3304 394 3346 ναι.
457 3280 674 3345 τούτου
730 3279 1007 3355 μέμνησο
1070 3278 1166 3342 αεὶ
1229 3278 1332 3341 καὶ
1383 3274 1474 3341 ἔτι
1523 3278 1767 3357 ἐκείνου,
1818 3275 1909 3343 ὅτι
1959 3281 2018 3344 ἐν
2066 3280 2397 3356 ὀλιγίστοις
2450 3290 2651 3346 κεῖται

273 3388 344 3451 τὸ
411 3385 776 3461 εὐδαιμόνως
841 3384 1087 3461 βιῶσαι.
1150 3381 1354 3448 Verba
1417 3384 1558 3449 λίαν
1622 3384 1750 3462 γάρ
1800 3420 1885 3433 -
1934 3388 2328 3466 γνωρισθῆναι
2391 3388 2470 3452 ab
2532 3387 2653 3453 hoo

269 3490 409 3557 loco
455 3512 712 3576 prorsus
757 3490 964 3557 aliena
1008 3510 1144 3555 esse
1164 3538 1180 3566 ‚
1230 3490 1443 3573 quivis
1482 3488 1682 3554 semel
1721 3486 2011 3555 monitus
2042 3489 2384 3577 intellegit.
2429 3491 2655 3576 Neque

272 3597 538 3662 fortasse
581 3596 775 3673 latet,
827 3596 996 3661 unde
1041 3595 1168 3659 huc
1213 3598 1677 3680 migraverint3
1718 3598 2048 3681 aptissime
2091 3600 2265 3663 enim
2305 3619 2365 3662 v.
2408 3601 2655 3664 amicus

271 3702 695 3789 Kronenberg
755 3708 1005 3778 monet,
1065 3722 1259 3785 quam
1306 3701 1462 3765 bene
1509 3699 1823 3785 quadrent
1866 3705 1935 3766 in
1980 3710 2169 3787 caput
2218 3705 2507 3787 proxime
2554 3725 2657 3768 an-

271 3807 600 3885 tecedens,
664 3809 734 3871 in
795 3828 918 3892 quo
980 3808 1198 3892 agitur
1259 3805 1336 3870 de
1397 3826 1562 3871 vana
1622 3804 1831 3891 gloria
1891 3808 2205 3885 humana,
2269 3829 2416 3873 cum
2464 3830 2653 3875 nemo

271 3916 431 3978 sciat
499 3934 578 3978 an
648 3915 732 3990 ii,
796 3915 910 3997 qni
971 3913 1309 3977 obscuram
1372 3913 1577 3976 vitam
1642 3918 1881 3997 agunt,
1950 3934 2173 3979 revera
2230 3914 2525 3980 meliores
2589 3924 2655 3981 et

269 4022 684 4103 sapientiores
723 4021 854 4081 sint
893 4037 1088 4102 quam
1129 4036 1285 4101 quos
1323 4016 1494 4081 fama
1533 4015 1612 4081 ad
1652 4016 1900 4082 caelum
1942 4039 2145 4103 usque
2184 4019 2383 4085 effert.
2432 4020 2655 4106 Itaque

271 4126 586 4189 sententia
625 4124 795 4188 hunc
833 4124 962 4189 fere
1000 4126 1070 4186 in
1108 4122 1376 4187 modum
1413 4124 1879 4207 transponenda
1918 4125 2209 4190 videtur:
2256 4126 2432 4190 πόθεν
2456 4125 2655 4205 ἴσμεν,

271 4230 322 4293 εἰ
374 4230 464 4301 μη
512 4229 862 4304 Τηλαύγης
913 4229 1271 4307 Σωκράτους
1321 4230 1430 4301 τὴν
1485 4227 1745 4293 διάθεσιν
1810 4230 2093 4305 κρείσσων
2159 4226 2257 4309 ἦν;
2322 4234 2463 4296 λίαν
2528 4232 2655 4309 γὰρ

273 4335 594 4416 ἐνδέχεται
661 4338 808 4399 θεῖον
871 4335 1058 4412 ἄνδρα
1126 4334 1411 4412 γενέσθαι
1480 4335 1582 4397 καὶ
1649 4336 1763 4399 ὑπὸ
1825 4336 2077 4412 μηδενὸς
2125 4339 2541 4416 γνωρισθῆναι.
2590 4340 2655 4403 οὐ

271 4440 399 4518 γὰρ
445 4443 624 4515 ἀρκεῖ
664 4441 713 4503 εἶ
769 4443 1104 4519 Σωκράτης
1154 4439 1331 4505 ata-J.
