<?xml version="1.0" encoding="UTF-8"?>
<!DOCTYPE html PUBLIC "-//W3C//DTD XHTML 1.0 Transitional//EN"
    "http://www.w3.org/TR/xhtml1/DTD/xhtml1-transitional.dtd">
<html xmlns="http://www.w3.org/1999/xhtml" xml:lang="en" lang="en">
 <head>
  <title>
</title>
<meta http-equiv="Content-Type" content="text/html;charset=utf-8" />
  <meta name='ocr-system' content='tesseract 3.04.00' />
  <meta name='ocr-capabilities' content='ocr_page ocr_carea ocr_par ocr_line ocrx_word'/>
</head>
<body>
  <div class='ocr_page' id='page_1' title='image "./mnemosynevolume03verdgoog_0307.png"; bbox 0 0 3246 5085; ppageno 0'>
   <div class='ocr_carea' id='block_1_1' title="bbox 1352 338 2694 405">
    <p class='ocr_par' dir='ltr' id='par_1_1' title="bbox 1352 338 2694 405">
     <span class='ocr_line' id='line_1_1' title="bbox 1352 338 2694 405; baseline 0.001 -1"><span class='ocrx_word' id='word_1_1' title='bbox 1352 355 1664 404; x_wconf 64' lang='lat' dir='ltr'><strong>neurus.</strong></span> <span class='ocrx_word' id='word_1_2' title='bbox 2563 338 2694 405; x_wconf 85' lang='grc'><strong>299</strong></span> 
     </span>
    </p>
   </div>
   <div class='ocr_carea' id='block_1_2' title="bbox 282 520 2700 3039">
    <p class='ocr_par' dir='ltr' id='par_1_2' title="bbox 294 520 2694 717">
     <span class='ocr_line' id='line_1_2' title="bbox 296 520 2694 611; baseline 0 -23"><span class='ocrx_word' id='word_1_3' title='bbox 296 520 663 602; x_wconf 88' lang='lat' dir='ltr'><strong>Donatum,</strong></span> <span class='ocrx_word' id='word_1_4' title='bbox 712 525 824 611; x_wconf 89' lang='lat' dir='ltr'><strong>qui</strong></span> <span class='ocrx_word' id='word_1_5' title='bbox 871 525 1051 608; x_wconf 91' lang='lat' dir='ltr'><strong>prius</strong></span> <span class='ocrx_word' id='word_1_6' title='bbox 1096 521 1351 589; x_wconf 88' lang='lat' dir='ltr'><strong>locutus</strong></span> <span class='ocrx_word' id='word_1_7' title='bbox 1398 527 1493 588; x_wconf 87' lang='lat' dir='ltr'><strong>est</strong></span> <span class='ocrx_word' id='word_1_8' title='bbox 1540 522 1616 588; x_wconf 92' lang='lat' dir='ltr'><strong>de</strong></span> <span class='ocrx_word' id='word_1_9' title='bbox 1669 521 2044 608; x_wconf 88' lang='lat' dir='ltr'><strong>„proinde”‚</strong></span> <span class='ocrx_word' id='word_1_10' title='bbox 2093 522 2238 588; x_wconf 89' lang='lat' dir='ltr'><strong>dein</strong></span> <span class='ocrx_word' id='word_1_11' title='bbox 2285 521 2362 588; x_wconf 90' lang='lat' dir='ltr'><strong>de</strong></span> <span class='ocrx_word' id='word_1_12' title='bbox 2400 523 2694 607; x_wconf 77' lang='lat' dir='ltr'><strong>sequenti</strong></span> 
     </span>
     <span class='ocr_line' id='line_1_3' title="bbox 294 629 983 717; baseline -0.001 -21"><span class='ocrx_word' id='word_1_13' title='bbox 294 630 494 696; x_wconf 77' lang='lat' dir='ltr'><strong>verbo</strong></span> <span class='ocrx_word' id='word_1_14' title='bbox 546 629 983 717; x_wconf 87' lang='lat' dir='ltr'><strong>„expiscare&#39;&#39;.</strong></span> 
     </span>
    </p>

    <p class='ocr_par' dir='ltr' id='par_1_3' title="bbox 284 734 2700 2095">
     <span class='ocr_line' id='line_1_4' title="bbox 387 734 2690 823; baseline -0.001 -20"><span class='ocrx_word' id='word_1_15' title='bbox 387 738 776 822; x_wconf 79' lang='lat' dir='ltr'>Appositum</span> <span class='ocrx_word' id='word_1_16' title='bbox 839 743 937 802; x_wconf 89' lang='lat' dir='ltr'><strong>est</strong></span> <span class='ocrx_word' id='word_1_17' title='bbox 995 741 1281 823; x_wconf 90' lang='lat' dir='ltr'><strong>repetere</strong></span> <span class='ocrx_word' id='word_1_18' title='bbox 1345 737 1409 800; x_wconf 91' lang='lat' dir='ltr'><strong>h.</strong></span> <span class='ocrx_word' id='word_1_19' title='bbox 1458 734 1503 801; x_wconf 92' lang='lat' dir='ltr'><strong>l.</strong></span> <span class='ocrx_word' id='word_1_20' title='bbox 1570 741 2030 823; x_wconf 76' lang='lat' dir='ltr'><strong>argumentum</strong></span> <span class='ocrx_word' id='word_1_21' title='bbox 2051 784 2068 814; x_wconf 96' lang='lat'><strong>,</strong></span> <span class='ocrx_word' id='word_1_22' title='bbox 2135 756 2262 820; x_wconf 91' lang='lat' dir='ltr'><strong>quo</strong></span> <span class='ocrx_word' id='word_1_23' title='bbox 2325 756 2481 800; x_wconf 89' lang='lat' dir='ltr'><strong>usus</strong></span> <span class='ocrx_word' id='word_1_24' title='bbox 2542 756 2690 800; x_wconf 90' lang='lat' dir='ltr'><strong>sum</strong></span> 
     </span>
     <span class='ocr_line' id='line_1_5' title="bbox 292 841 2694 930; baseline -0.001 -21"><span class='ocrx_word' id='word_1_25' title='bbox 292 843 455 909; x_wconf 91' lang='lat' dir='ltr'><strong>olim</strong></span> <span class='ocrx_word' id='word_1_26' title='bbox 516 849 737 910; x_wconf 84' lang='lat' dir='ltr'><strong>contra</strong></span> <span class='ocrx_word' id='word_1_27' title='bbox 800 864 905 909; x_wconf 91' lang='lat' dir='ltr'><strong>eos</strong></span> <span class='ocrx_word' id='word_1_28' title='bbox 968 846 1079 930; x_wconf 91' lang='lat' dir='ltr'><strong>qui</strong></span> <span class='ocrx_word' id='word_1_29' title='bbox 1141 842 1388 908; x_wconf 91' lang='lat' dir='ltr'><strong>duobus</strong></span> <span class='ocrx_word' id='word_1_30' title='bbox 1438 843 1918 928; x_wconf 87' lang='lat' dir='ltr'><strong>excerptoribus</strong></span> <span class='ocrx_word' id='word_1_31' title='bbox 1967 843 2085 908; x_wconf 89' lang='lat' dir='ltr'><strong>hos</strong></span> <span class='ocrx_word' id='word_1_32' title='bbox 2134 842 2382 908; x_wconf 83' lang='lat' dir='ltr'>ordines</span> <span class='ocrx_word' id='word_1_33' title='bbox 2430 844 2488 908; x_wconf 91' lang='lat' dir='ltr'>A</span> <span class='ocrx_word' id='word_1_34' title='bbox 2531 848 2596 908; x_wconf 86' lang='lat' dir='ltr'><strong>et</strong></span> <span class='ocrx_word' id='word_1_35' title='bbox 2641 841 2694 906; x_wconf 90' lang='lat' dir='ltr'><strong>B</strong></span> 
     </span>
     <span class='ocr_line' id='line_1_6' title="bbox 289 947 2694 1036; baseline 0 -22"><span class='ocrx_word' id='word_1_36' title='bbox 289 949 511 1015; x_wconf 90' lang='lat' dir='ltr'><strong>deberi</strong></span> <span class='ocrx_word' id='word_1_37' title='bbox 558 955 881 1036; x_wconf 87' lang='lat' dir='ltr'><strong>putarent.</strong></span> <span class='ocrx_word' id='word_1_38' title='bbox 940 948 1182 1036; x_wconf 77' lang='lat' dir='ltr'>Scripsi</span> <span class='ocrx_word' id='word_1_39' title='bbox 1230 971 1461 1034; x_wconf 83' lang='lat' dir='ltr'>nempe</span> <span class='ocrx_word' id='word_1_40' title='bbox 1506 951 1575 1014; x_wconf 92' lang='lat' dir='ltr'><strong>in</strong></span> <span class='ocrx_word' id='word_1_41' title='bbox 1625 949 1872 1015; x_wconf 84' lang='lat' dir='ltr'><strong>Mnem.</strong></span> <span class='ocrx_word' id='word_1_42' title='bbox 1925 947 2184 1014; x_wconf 87' lang='lat' dir='ltr'>XXXII</span> <span class='ocrx_word' id='word_1_43' title='bbox 2227 970 2290 1034; x_wconf 88' lang='lat' dir='ltr'><strong>p.</strong></span> <span class='ocrx_word' id='word_1_44' title='bbox 2339 947 2472 1013; x_wconf 89' lang='grc'><strong>213</strong></span> <span class='ocrx_word' id='word_1_45' title='bbox 2519 969 2694 1035; x_wconf 86' lang='lat' dir='ltr'><strong>prae-</strong></span> 
     </span>
     <span class='ocr_line' id='line_1_7' title="bbox 288 1053 2695 1142; baseline -0 -21"><span class='ocrx_word' id='word_1_46' title='bbox 288 1063 395 1122; x_wconf 89' lang='lat' dir='ltr'><strong>ter</strong></span> <span class='ocrx_word' id='word_1_47' title='bbox 438 1055 567 1122; x_wconf 88' lang='lat' dir='ltr'><strong>alia</strong></span> <span class='ocrx_word' id='word_1_48' title='bbox 611 1057 729 1122; x_wconf 93' lang='lat' dir='ltr'><strong>hoc</strong></span> <span class='ocrx_word' id='word_1_49' title='bbox 780 1076 1066 1142; x_wconf 87' lang='lat' dir='ltr'><strong>quoque:</strong></span> <span class='ocrx_word' id='word_1_50' title='bbox 1120 1054 1586 1142; x_wconf 84' lang='lat' dir='ltr'><strong>„Excerptores</strong></span> <span class='ocrx_word' id='word_1_51' title='bbox 1627 1053 1730 1121; x_wconf 91' lang='lat' dir='ltr'><strong>illi</strong></span> <span class='ocrx_word' id='word_1_52' title='bbox 1768 1057 2083 1121; x_wconf 90' lang='lat' dir='ltr'><strong>nimirum</strong></span> <span class='ocrx_word' id='word_1_53' title='bbox 2125 1053 2364 1121; x_wconf 87' lang='lat' dir='ltr'><strong>scholia</strong></span> <span class='ocrx_word' id='word_1_54' title='bbox 2400 1057 2469 1120; x_wconf 93' lang='lat' dir='ltr'><strong>in</strong></span> <span class='ocrx_word' id='word_1_55' title='bbox 2509 1075 2695 1120; x_wconf 87' lang='lat' dir='ltr'><strong>suam</strong></span> 
     </span>
     <span class='ocr_line' id='line_1_8' title="bbox 288 1160 2693 1249; baseline -0 -21"><span class='ocrx_word' id='word_1_56' title='bbox 288 1165 563 1249; x_wconf 87' lang='lat' dir='ltr'><strong>quisque</strong></span> <span class='ocrx_word' id='word_1_57' title='bbox 626 1161 975 1228; x_wconf 83' lang='lat' dir='ltr'><strong>editionem</strong></span> <span class='ocrx_word' id='word_1_58' title='bbox 1038 1162 1502 1228; x_wconf 80' lang='lat' dir='ltr'><strong>transferebant</strong></span> <span class='ocrx_word' id='word_1_59' title='bbox 1561 1165 1630 1227; x_wconf 91' lang='lat' dir='ltr'><strong>in</strong></span> <span class='ocrx_word' id='word_1_60' title='bbox 1693 1160 2050 1227; x_wconf 82' lang='lat' dir='ltr'><strong>utilitatem</strong></span> <span class='ocrx_word' id='word_1_61' title='bbox 2116 1160 2469 1239; x_wconf 87' lang='lat' dir='ltr'><strong>lectorum,</strong></span> <span class='ocrx_word' id='word_1_62' title='bbox 2522 1161 2693 1227; x_wconf 89' lang='lat' dir='ltr'><strong>unde</strong></span> 
     </span>
     <span class='ocr_line' id='line_1_9' title="bbox 287 1270 2700 1355; baseline -0.001 -20"><span class='ocrx_word' id='word_1_63' title='bbox 287 1275 790 1335; x_wconf 86' lang='lat' dir='ltr'><strong>consentaneum</strong></span> <span class='ocrx_word' id='word_1_64' title='bbox 856 1275 1029 1348; x_wconf 86' lang='lat' dir='ltr'><strong>erat,</strong></span> <span class='ocrx_word' id='word_1_65' title='bbox 1089 1276 1441 1354; x_wconf 88' lang='lat' dir='ltr'><strong>utrumque</strong></span> <span class='ocrx_word' id='word_1_66' title='bbox 1506 1271 1892 1354; x_wconf 77' lang='lat' dir='ltr'><strong>excerpsisse</strong></span> <span class='ocrx_word' id='word_1_67' title='bbox 1939 1271 2007 1332; x_wconf 91' lang='lat' dir='ltr'><strong>in</strong></span> <span class='ocrx_word' id='word_1_68' title='bbox 2055 1289 2290 1355; x_wconf 80' lang='lat' dir='ltr'><strong>genere</strong></span> <span class='ocrx_word' id='word_1_69' title='bbox 2340 1270 2586 1354; x_wconf 88' lang='lat' dir='ltr'><strong>optima</strong></span> <span class='ocrx_word' id='word_1_70' title='bbox 2633 1273 2700 1334; x_wconf 88' lang='lat' dir='ltr'><strong>et</strong></span> 
     </span>
     <span class='ocr_line' id='line_1_10' title="bbox 288 1373 2696 1460; baseline 0 -19"><span class='ocrx_word' id='word_1_71' title='bbox 288 1374 645 1441; x_wconf 87' lang='lat' dir='ltr'><strong>utilissima</strong></span> <span class='ocrx_word' id='word_1_72' title='bbox 688 1397 759 1441; x_wconf 92' lang='lat' dir='ltr'><strong>ac</strong></span> <span class='ocrx_word' id='word_1_73' title='bbox 806 1397 931 1441; x_wconf 92' lang='lat' dir='ltr'><strong>non</strong></span> <span class='ocrx_word' id='word_1_74' title='bbox 958 1397 1119 1442; x_wconf 85' lang='lat' dir='ltr'><strong>.raro</strong></span> <span class='ocrx_word' id='word_1_75' title='bbox 1166 1374 1409 1442; x_wconf 89' lang='lat' dir='ltr'><strong>eadem.</strong></span> <span class='ocrx_word' id='word_1_76' title='bbox 1470 1374 1597 1441; x_wconf 83' lang='lat' dir='ltr'><strong>Sed</strong></span> <span class='ocrx_word' id='word_1_77' title='bbox 1646 1397 1745 1441; x_wconf 90' lang='lat' dir='ltr'><strong>res</strong></span> <span class='ocrx_word' id='word_1_78' title='bbox 1794 1373 1986 1441; x_wconf 86' lang='lat' dir='ltr'><strong>aliter</strong></span> <span class='ocrx_word' id='word_1_79' title='bbox 2033 1396 2100 1440; x_wconf 87' lang='lat' dir='ltr'><strong>se</strong></span> <span class='ocrx_word' id='word_1_80' title='bbox 2148 1375 2358 1441; x_wconf 89' lang='lat' dir='ltr'><strong>habet.</strong></span> <span class='ocrx_word' id='word_1_81' title='bbox 2407 1373 2696 1460; x_wconf 88' lang='lat' dir='ltr'><strong>Uterque</strong></span> 
     </span>
     <span class='ocr_line' id='line_1_11' title="bbox 289 1480 2686 1567; baseline -0.001 -19"><span class='ocrx_word' id='word_1_82' title='bbox 289 1480 515 1548; x_wconf 87' lang='lat' dir='ltr'><strong>sedulo</strong></span> <span class='ocrx_word' id='word_1_83' title='bbox 561 1484 799 1549; x_wconf 82' lang='lat' dir='ltr'><strong>vitavit</strong></span> <span class='ocrx_word' id='word_1_84' title='bbox 845 1502 919 1549; x_wconf 89' lang='lat' dir='ltr'><strong>ea</strong></span> <span class='ocrx_word' id='word_1_85' title='bbox 966 1503 1125 1567; x_wconf 88' lang='lat' dir='ltr'><strong>quae</strong></span> <span class='ocrx_word' id='word_1_86' title='bbox 1172 1481 1362 1547; x_wconf 88' lang='lat' dir='ltr'><strong>alteri</strong></span> <span class='ocrx_word' id='word_1_87' title='bbox 1398 1481 1805 1567; x_wconf 78' lang='lat' dir='ltr'><strong>placuerant,</strong></span> <span class='ocrx_word' id='word_1_88' title='bbox 1847 1503 1997 1546; x_wconf 90' lang='lat' dir='ltr'><strong>nam</strong></span> <span class='ocrx_word' id='word_1_89' title='bbox 2039 1481 2291 1547; x_wconf 80' lang='lat' dir='ltr'><strong>ordines</strong></span> <span class='ocrx_word' id='word_1_90' title='bbox 2329 1502 2686 1566; x_wconf 87' lang='lat' dir='ltr'><strong>numquam</strong></span> 
     </span>
     <span class='ocr_line' id='line_1_12' title="bbox 288 1583 2688 1674; baseline -0 -20"><span class='ocrx_word' id='word_1_91' title='bbox 288 1589 425 1655; x_wconf 84' lang='lat' dir='ltr'><strong>fere</strong></span> <span class='ocrx_word' id='word_1_92' title='bbox 470 1588 693 1655; x_wconf 88' lang='lat' dir='ltr'><strong>eadem</strong></span> <span class='ocrx_word' id='word_1_93' title='bbox 740 1589 1047 1655; x_wconf 86' lang='lat' dir='ltr'><strong>exhibent</strong></span> <span class='ocrx_word' id='word_1_94' title='bbox 1078 1587 1145 1669; x_wconf 89' lang='lat'><strong>¹).</strong></span> <span class='ocrx_word' id='word_1_95' title='bbox 1177 1583 1449 1654; x_wconf 75' lang='lat' dir='ltr'><strong>&#39;Diceres</strong></span> <span class='ocrx_word' id='word_1_96' title='bbox 1495 1609 1605 1654; x_wconf 88' lang='lat' dir='ltr'><strong>eos</strong></span> <span class='ocrx_word' id='word_1_97' title='bbox 1651 1609 1912 1674; x_wconf 87' lang='lat' dir='ltr'><strong>operam</strong></span> <span class='ocrx_word' id='word_1_98' title='bbox 1957 1590 2352 1674; x_wconf 83' lang='lat' dir='ltr'><strong>praestitisse</strong></span> <span class='ocrx_word' id='word_1_99' title='bbox 2400 1610 2479 1656; x_wconf 81' lang='lat' dir='ltr'><strong>ex</strong></span> <span class='ocrx_word' id='word_1_100' title='bbox 2518 1609 2688 1654; x_wconf 92' lang='lat' dir='ltr'><strong>com-</strong></span> 
     </span>
     <span class='ocr_line' id='line_1_13' title="bbox 285 1693 2685 1782; baseline -0.001 -22"><span class='ocrx_word' id='word_1_101' title='bbox 285 1701 508 1782; x_wconf 89' lang='lat' dir='ltr'><strong>pect0‚</strong></span> <span class='ocrx_word' id='word_1_102' title='bbox 572 1697 721 1760; x_wconf 89' lang='lat' dir='ltr'><strong>nisi.</strong></span> <span class='ocrx_word' id='word_1_103' title='bbox 760 1696 915 1760; x_wconf 89' lang='lat' dir='ltr'><strong>haec</strong></span> <span class='ocrx_word' id='word_1_104' title='bbox 978 1697 1339 1761; x_wconf 89' lang='lat' dir='ltr'><strong>coniectura</strong></span> <span class='ocrx_word' id='word_1_105' title='bbox 1402 1697 1599 1760; x_wconf 88' lang='lat' dir='ltr'><strong>nimis</strong></span> <span class='ocrx_word' id='word_1_106' title='bbox 1647 1701 1814 1760; x_wconf 81' lang='lat' dir='ltr'><strong>esset</strong></span> <span class='ocrx_word' id='word_1_107' title='bbox 1857 1693 2140 1780; x_wconf 88' lang='lat' dir='ltr'><strong>inepta&#39;&#39;.</strong></span> <span class='ocrx_word' id='word_1_108' title='bbox 2234 1693 2342 1759; x_wconf 87' lang='lat' dir='ltr'><strong>Sic</strong></span> <span class='ocrx_word' id='word_1_109' title='bbox 2387 1694 2467 1759; x_wconf 87' lang='lat' dir='ltr'><strong>ad</strong></span> <span class='ocrx_word' id='word_1_110' title='bbox 2513 1695 2685 1759; x_wconf 88' lang='lat' dir='ltr'><strong>hunc</strong></span> 
     </span>
     <span class='ocr_line' id='line_1_14' title="bbox 284 1798 2688 1867; baseline -0.001 0"><span class='ocrx_word' id='word_1_111' title='bbox 284 1800 505 1867; x_wconf 92' lang='lat' dir='ltr'><strong>locum</strong></span> <span class='ocrx_word' id='word_1_112' title='bbox 566 1823 601 1866; x_wconf 91' lang='lat' dir='ltr'><strong>e</strong></span> <span class='ocrx_word' id='word_1_113' title='bbox 665 1800 912 1866; x_wconf 88' lang='lat' dir='ltr'><strong>duabus</strong></span> <span class='ocrx_word' id='word_1_114' title='bbox 974 1799 1211 1867; x_wconf 89' lang='lat' dir='ltr'><strong>Donati</strong></span> <span class='ocrx_word' id='word_1_115' title='bbox 1257 1801 1694 1867; x_wconf 89' lang='lat' dir='ltr'><strong>notationibus</strong></span> <span class='ocrx_word' id='word_1_116' title='bbox 1738 1799 2012 1866; x_wconf 89' lang='lat' dir='ltr'><strong>utilibus</strong></span> <span class='ocrx_word' id='word_1_117' title='bbox 2049 1798 2225 1865; x_wconf 74' lang='lat' dir='ltr'><strong>&#39;alter</strong></span> <span class='ocrx_word' id='word_1_118' title='bbox 2267 1799 2536 1865; x_wconf 87' lang='lat' dir='ltr'><strong>alteram</strong></span> <span class='ocrx_word' id='word_1_119' title='bbox 2585 1821 2688 1866; x_wconf 86' lang='lat' dir='ltr'><strong>ex·</strong></span> 
     </span>
     <span class='ocr_line' id='line_1_15' title="bbox 288 1904 2689 1995; baseline -0.001 -22"><span class='ocrx_word' id='word_1_120' title='bbox 288 1909 665 1992; x_wconf 85' lang='lat' dir='ltr'><strong>cerpsisset,</strong></span> <span class='ocrx_word' id='word_1_121' title='bbox 730 1906 1023 1995; x_wconf 84' lang='lat' dir='ltr'><strong>neglecta</strong></span> <span class='ocrx_word' id='word_1_122' title='bbox 1084 1906 1305 1973; x_wconf 89' lang='lat' dir='ltr'><strong>altera.</strong></span> <span class='ocrx_word' id='word_1_123' title='bbox 1352 1906 1531 1973; x_wconf 89' lang='lat' dir='ltr'><strong>Idem</strong></span> <span class='ocrx_word' id='word_1_124' title='bbox 1583 1905 1759 1973; x_wconf 86' lang='lat' dir='ltr'><strong>valet·</strong></span> <span class='ocrx_word' id='word_1_125' title='bbox 1805 1907 1882 1971; x_wconf 90' lang='lat' dir='ltr'><strong>de</strong></span> <span class='ocrx_word' id='word_1_126' title='bbox 1909 1904 2187 1972; x_wconf 86' lang='lat' dir='ltr'><strong>scholiis</strong></span> <span class='ocrx_word' id='word_1_127' title='bbox 2235 1904 2474 1971; x_wconf 88' lang='lat' dir='ltr'><strong>Donati</strong></span> <span class='ocrx_word' id='word_1_128' title='bbox 2519 1909 2583 1970; x_wconf 91' lang='lat' dir='ltr'><strong>in</strong></span> <span class='ocrx_word' id='word_1_129' title='bbox 2632 1907 2689 1971; x_wconf 87' lang='lat' dir='ltr'>A</span> 
     </span>
     <span class='ocr_line' id='line_1_16' title="bbox 288 2010 2688 2095; baseline -0.001 -15"><span class='ocrx_word' id='word_1_130' title='bbox 288 2019 358 2080; x_wconf 91' lang='lat' dir='ltr'><strong>et</strong></span> <span class='ocrx_word' id='word_1_131' title='bbox 408 2013 461 2078; x_wconf 93' lang='lat' dir='ltr'>B</span> <span class='ocrx_word' id='word_1_132' title='bbox 510 2012 589 2078; x_wconf 92' lang='lat' dir='ltr'><strong>ad</strong></span> <span class='ocrx_word' id='word_1_133' title='bbox 644 2013 727 2078; x_wconf 86' lang='lat'><strong>14</strong></span> <span class='ocrx_word' id='word_1_134' title='bbox 773 2010 831 2077; x_wconf 90' lang='lat' dir='ltr'>A</span> <span class='ocrx_word' id='word_1_135' title='bbox 860 2014 958 2095; x_wconf 88' lang='lat'><strong>(1)</strong></span> <span class='ocrx_word' id='word_1_136' title='bbox 1004 2016 1188 2079; x_wconf 84' lang='lat' dir='ltr'><strong>iuxta</strong></span> <span class='ocrx_word' id='word_1_137' title='bbox 1236 2013 1312 2092; x_wconf 92' lang='lat' dir='ltr'><strong>B,</strong></span> <span class='ocrx_word' id='word_1_138' title='bbox 1361 2012 1449 2079; x_wconf 86' lang='grc'><strong>24</strong></span> <span class='ocrx_word' id='word_1_139' title='bbox 1489 2019 1555 2079; x_wconf 89' lang='lat' dir='ltr'><strong>et</strong></span> <span class='ocrx_word' id='word_1_140' title='bbox 1594 2011 1680 2078; x_wconf 81' lang='lat'><strong>25</strong></span> <span class='ocrx_word' id='word_1_141' title='bbox 1723 2019 1790 2079; x_wconf 90' lang='lat' dir='ltr'><strong>et</strong></span> <span class='ocrx_word' id='word_1_142' title='bbox 1829 2011 1917 2078; x_wconf 90' lang='grc'><strong>28</strong></span> <span class='ocrx_word' id='word_1_143' title='bbox 1941 2015 2138 2090; x_wconf 89' lang='lat' dir='ltr'><strong>item,</strong></span> <span class='ocrx_word' id='word_1_144' title='bbox 2167 2010 2277 2091; x_wconf 87' lang='lat'><strong>43,</strong></span> <span class='ocrx_word' id='word_1_145' title='bbox 2307 2011 2414 2088; x_wconf 87' lang='lat'><strong>46,</strong></span> <span class='ocrx_word' id='word_1_146' title='bbox 2442 2010 2549 2091; x_wconf 87' lang='lat'><strong>49,</strong></span> <span class='ocrx_word' id='word_1_147' title='bbox 2580 2010 2688 2078; x_wconf 85' lang='lat'><strong>73.</strong></span> 
     </span>
    </p>

    <p class='ocr_par' dir='ltr' id='par_1_4' title="bbox 282 2117 2688 3039">
     <span class='ocr_line' id='line_1_17' title="bbox 384 2117 2688 2206; baseline -0 -21"><span class='ocrx_word' id='word_1_148' title='bbox 384 2117 455 2185; x_wconf 81' lang='lat' dir='ltr'><strong>Si</strong></span> <span class='ocrx_word' id='word_1_149' title='bbox 492 2121 701 2206; x_wconf 81' lang='lat' dir='ltr'><strong>igitur</strong></span> <span class='ocrx_word' id='word_1_150' title='bbox 742 2140 969 2186; x_wconf 87' lang='lat' dir='ltr'><strong>verum</strong></span> <span class='ocrx_word' id='word_1_151' title='bbox 1008 2125 1126 2198; x_wconf 89' lang='lat' dir='ltr'><strong>est,</strong></span> <span class='ocrx_word' id='word_1_152' title='bbox 1165 2121 1233 2184; x_wconf 90' lang='lat' dir='ltr'><strong>in</strong></span> <span class='ocrx_word' id='word_1_153' title='bbox 1274 2141 1401 2206; x_wconf 89' lang='lat' dir='ltr'><strong>quo</strong></span> <span class='ocrx_word' id='word_1_154' title='bbox 1442 2118 1930 2185; x_wconf 89' lang='lat' dir='ltr'><strong>demonstrando</strong></span> <span class='ocrx_word' id='word_1_155' title='bbox 1970 2119 2126 2186; x_wconf 83' lang='lat' dir='ltr'><strong>haec</strong></span> <span class='ocrx_word' id='word_1_156' title='bbox 2167 2123 2304 2184; x_wconf 88' lang='lat' dir='ltr'><strong>tota</strong></span> <span class='ocrx_word' id='word_1_157' title='bbox 2336 2117 2688 2204; x_wconf 83' lang='lat' dir='ltr'><strong>disputatio</strong></span> 
     </span>
     <span class='ocr_line' id='line_1_18' title="bbox 284 2224 2686 2313; baseline 0 -21"><span class='ocrx_word' id='word_1_158' title='bbox 284 2230 603 2304; x_wconf 82' lang='lat' dir='ltr'><strong>versatur,</strong></span> <span class='ocrx_word' id='word_1_159' title='bbox 672 2232 1013 2312; x_wconf 89' lang='lat' dir='ltr'><strong>utramque</strong></span> <span class='ocrx_word' id='word_1_160' title='bbox 1060 2229 1293 2293; x_wconf 89' lang='lat' dir='ltr'><strong>seriem</strong></span> <span class='ocrx_word' id='word_1_161' title='bbox 1338 2229 1743 2312; x_wconf 88' lang='lat' dir='ltr'><strong>inquinatam</strong></span> <span class='ocrx_word' id='word_1_162' title='bbox 1790 2247 1926 2293; x_wconf 89' lang='lat' dir='ltr'><strong>esse</strong></span> <span class='ocrx_word' id='word_1_163' title='bbox 1970 2225 2205 2291; x_wconf 89' lang='lat' dir='ltr'><strong>iisdem</strong></span> <span class='ocrx_word' id='word_1_164' title='bbox 2250 2224 2686 2313; x_wconf 84' lang='lat' dir='ltr'><strong>interpolatio·</strong></span> 
     </span>
     <span class='ocr_line' id='line_1_19' title="bbox 282 2331 2685 2420; baseline -0 -23"><span class='ocrx_word' id='word_1_165' title='bbox 282 2332 481 2398; x_wconf 90' lang='lat' dir='ltr'><strong>nibus</strong></span> <span class='ocrx_word' id='word_1_166' title='bbox 525 2331 811 2398; x_wconf 81' lang='lat' dir='ltr'><strong>Editoris</strong></span> <span class='ocrx_word' id='word_1_167' title='bbox 857 2339 921 2398; x_wconf 89' lang='lat' dir='ltr'><strong>et</strong></span> <span class='ocrx_word' id='word_1_168' title='bbox 968 2335 1230 2420; x_wconf 89' lang='lat' dir='ltr'><strong>insuper</strong></span> <span class='ocrx_word' id='word_1_169' title='bbox 1274 2331 1730 2399; x_wconf 89' lang='lat' dir='ltr'><strong>additamentis</strong></span> <span class='ocrx_word' id='word_1_170' title='bbox 1773 2331 2294 2419; x_wconf 76' lang='lat' dir='ltr'><strong>magistellorum</strong></span> <span class='ocrx_word' id='word_1_171' title='bbox 2341 2354 2380 2400; x_wconf 93' lang='lat' dir='ltr'><strong>a</strong></span> <span class='ocrx_word' id='word_1_172' title='bbox 2426 2331 2685 2418; x_wconf 84' lang='lat' dir='ltr'><strong>Compi-</strong></span> 
     </span>
     <span class='ocr_line' id='line_1_20' title="bbox 283 2438 2681 2526; baseline 0 -22"><span class='ocrx_word' id='word_1_173' title='bbox 283 2438 488 2505; x_wconf 86' lang='lat' dir='ltr'><strong>latore</strong></span> <span class='ocrx_word' id='word_1_174' title='bbox 550 2439 879 2505; x_wconf 85' lang='lat' dir='ltr'><strong>translatis</strong></span> <span class='ocrx_word' id='word_1_175' title='bbox 938 2442 1145 2526; x_wconf 85' lang='lat' dir='ltr'><strong>iisque</strong></span> <span class='ocrx_word' id='word_1_176' title='bbox 1209 2439 1567 2519; x_wconf 86' lang='lat' dir='ltr'><strong>similibus,</strong></span> <span class='ocrx_word' id='word_1_177' title='bbox 1618 2461 1780 2526; x_wconf 88' lang='lat' dir='ltr'><strong>quae</strong></span> <span class='ocrx_word' id='word_1_178' title='bbox 1841 2443 1909 2504; x_wconf 92' lang='lat' dir='ltr'><strong>in</strong></span> <span class='ocrx_word' id='word_1_179' title='bbox 1971 2438 2366 2526; x_wconf 87' lang='lat' dir='ltr'><strong>reliquarum</strong></span> <span class='ocrx_word' id='word_1_180' title='bbox 2428 2460 2681 2525; x_wconf 92' lang='lat' dir='ltr'><strong>quoque</strong></span> 
     </span>
     <span class='ocr_line' id='line_1_21' title="bbox 282 2544 2678 2634; baseline 0 -22"><span class='ocrx_word' id='word_1_181' title='bbox 282 2545 654 2612; x_wconf 84' lang='lat' dir='ltr'><strong>fabularum</strong></span> <span class='ocrx_word' id='word_1_182' title='bbox 718 2546 979 2613; x_wconf 79' lang='lat' dir='ltr'><strong>scholiis</strong></span> <span class='ocrx_word' id='word_1_183' title='bbox 1025 2544 1561 2633; x_wconf 88' lang='lat' dir='ltr'><strong>deprehendimus</strong></span> <span class='ocrx_word' id='word_1_184' title='bbox 1582 2596 1597 2626; x_wconf 92' lang='lat'><strong>,</strong></span> <span class='ocrx_word' id='word_1_185' title='bbox 1648 2553 1715 2613; x_wconf 88' lang='lat' dir='ltr'><strong>et</strong></span> <span class='ocrx_word' id='word_1_186' title='bbox 1761 2551 1816 2613; x_wconf 87' lang='lat' dir='ltr'><strong>si</strong></span> <span class='ocrx_word' id='word_1_187' title='bbox 1863 2553 2190 2634; x_wconf 85' lang='lat' dir='ltr'><strong>praeterea</strong></span> <span class='ocrx_word' id='word_1_188' title='bbox 2239 2547 2438 2613; x_wconf 88' lang='lat' dir='ltr'><strong>altera</strong></span> <span class='ocrx_word' id='word_1_189' title='bbox 2482 2550 2678 2613; x_wconf 86' lang='lat' dir='ltr'><strong>series</strong></span> 
     </span>
     <span class='ocr_line' id='line_1_22' title="bbox 282 2652 2679 2741; baseline -0.001 -22"><span class='ocrx_word' id='word_1_190' title='bbox 282 2652 553 2719; x_wconf 87' lang='lat' dir='ltr'><strong>alterius</strong></span> <span class='ocrx_word' id='word_1_191' title='bbox 615 2656 931 2720; x_wconf 88' lang='lat' dir='ltr'><strong>rationem</strong></span> <span class='ocrx_word' id='word_1_192' title='bbox 988 2676 1241 2741; x_wconf 87' lang='lat' dir='ltr'><strong>semper</strong></span> <span class='ocrx_word' id='word_1_193' title='bbox 1286 2654 1547 2733; x_wconf 86' lang='lat' dir='ltr'><strong>habuit,</strong></span> <span class='ocrx_word' id='word_1_194' title='bbox 1609 2656 1903 2741; x_wconf 86' lang='lat' dir='ltr'><strong>sequitur</strong></span> <span class='ocrx_word' id='word_1_195' title='bbox 1949 2656 2174 2719; x_wconf 88' lang='lat' dir='ltr'><strong>seriem</strong></span> <span class='ocrx_word' id='word_1_196' title='bbox 2225 2655 2282 2719; x_wconf 87' lang='lat' dir='ltr'>A</span> <span class='ocrx_word' id='word_1_197' title='bbox 2330 2659 2396 2719; x_wconf 89' lang='lat' dir='ltr'><strong>et-</strong></span> <span class='ocrx_word' id='word_1_198' title='bbox 2435 2654 2488 2719; x_wconf 93' lang='lat' dir='ltr'>B</span> <span class='ocrx_word' id='word_1_199' title='bbox 2535 2658 2679 2739; x_wconf 89' lang='lat' dir='ltr'><strong>post</strong></span> 
     </span>
     <span class='ocr_line' id='line_1_23' title="bbox 284 2757 2682 2848; baseline -0.001 -22"><span class='ocrx_word' id='word_1_200' title='bbox 284 2766 726 2826; x_wconf 81' lang='lat' dir='ltr'><strong>commentum</strong></span> <span class='ocrx_word' id='word_1_201' title='bbox 777 2781 814 2826; x_wconf 88' lang='lat' dir='ltr'><strong>a</strong></span> <span class='ocrx_word' id='word_1_202' title='bbox 864 2757 1303 2848; x_wconf 84' lang='lat' dir='ltr'><strong>Gompilatore</strong></span> <span class='ocrx_word' id='word_1_203' title='bbox 1352 2761 1720 2826; x_wconf 86' lang='lat' dir='ltr'><strong>confectum</strong></span> <span class='ocrx_word' id='word_1_204' title='bbox 1768 2759 2030 2826; x_wconf 90' lang='lat' dir='ltr'><strong>demum</strong></span> <span class='ocrx_word' id='word_1_205' title='bbox 2079 2762 2408 2825; x_wconf 79' lang='lat' dir='ltr'><strong>exstitisse·</strong></span> <span class='ocrx_word' id='word_1_206' title='bbox 2439 2765 2504 2825; x_wconf 90' lang='lat' dir='ltr'><strong>et</strong></span> <span class='ocrx_word' id='word_1_207' title='bbox 2542 2761 2682 2844; x_wconf 88' lang='lat' dir='ltr'><strong>qui-</strong></span> 
     </span>
     <span class='ocr_line' id='line_1_24' title="bbox 285 2864 2684 2953; baseline -0.001 -22"><span class='ocrx_word' id='word_1_208' title='bbox 285 2864 437 2932; x_wconf 90' lang='lat' dir='ltr'><strong>dem</strong></span> <span class='ocrx_word' id='word_1_209' title='bbox 486 2865 757 2933; x_wconf 87' lang='lat' dir='ltr'><strong>alteram</strong></span> <span class='ocrx_word' id='word_1_210' title='bbox 801 2873 947 2953; x_wconf 88' lang='lat' dir='ltr'><strong>post</strong></span> <span class='ocrx_word' id='word_1_211' title='bbox 993 2866 1283 2933; x_wconf 87' lang='lat' dir='ltr'><strong>alteram.</strong></span> <span class='ocrx_word' id='word_1_212' title='bbox 1332 2866 1471 2947; x_wconf 81' lang='lat' dir='ltr'><strong>Qua</strong></span> <span class='ocrx_word' id='word_1_213' title='bbox 1506 2868 1753 2933; x_wconf 90' lang='lat' dir='ltr'><strong>ratione</strong></span> <span class='ocrx_word' id='word_1_214' title='bbox 1795 2866 1918 2932; x_wconf 92' lang='lat' dir='ltr'><strong>hoc</strong></span> <span class='ocrx_word' id='word_1_215' title='bbox 1966 2865 2103 2930; x_wconf 88' lang='lat' dir='ltr'><strong>fieri</strong></span> <span class='ocrx_word' id='word_1_216' title='bbox 2141 2868 2425 2951; x_wconf 88' lang='lat' dir='ltr'><strong>potuerit</strong></span> <span class='ocrx_word' id='word_1_217' title='bbox 2462 2870 2684 2950; x_wconf 86' lang='lat' dir='ltr'><strong>postea</strong></span> 
     </span>
     <span class='ocr_line' id='line_1_25' title="bbox 286 2972 707 3039; baseline 0 0"><span class='ocrx_word' id='word_1_218' title='bbox 286 2972 707 3039; x_wconf 87' lang='lat' dir='ltr'><strong>adumbrab0.</strong></span> 
     </span>
    </p>
   </div>
   <div class='ocr_carea' id='block_1_3' title="bbox 281 3215 2682 4145">
    <p class='ocr_par' dir='ltr' id='par_1_5' title="bbox 282 3215 2682 3411">
     <span class='ocr_line' id='line_1_26' title="bbox 379 3215 2682 3304; baseline -0.001 -21"><span class='ocrx_word' id='word_1_219' title='bbox 379 3217 479 3283; x_wconf 91' lang='lat' dir='ltr'><strong>Ad</strong></span> <span class='ocrx_word' id='word_1_220' title='bbox 528 3239 621 3283; x_wconf 81' lang='lat' dir='ltr'><strong>vs.</strong></span> <span class='ocrx_word' id='word_1_221' title='bbox 671 3216 935 3282; x_wconf 85' lang='lat'>36—41</span> <span class='ocrx_word' id='word_1_222' title='bbox 988 3216 1165 3284; x_wconf 90' lang='lat' dir='ltr'><strong>deest</strong></span> <span class='ocrx_word' id='word_1_223' title='bbox 1211 3216 1303 3297; x_wconf 88' lang='lat' dir='ltr'><strong>B;</strong></span> <span class='ocrx_word' id='word_1_224' title='bbox 1352 3238 1513 3303; x_wconf 89' lang='lat' dir='ltr'><strong>quae</strong></span> <span class='ocrx_word' id='word_1_225' title='bbox 1560 3219 1631 3281; x_wconf 93' lang='lat' dir='ltr'><strong>in</strong></span> <span class='ocrx_word' id='word_1_226' title='bbox 1671 3217 1728 3281; x_wconf 90' lang='lat' dir='ltr'>A</span> <span class='ocrx_word' id='word_1_227' title='bbox 1767 3215 2079 3304; x_wconf 81' lang='lat' dir='ltr'><strong>leguntur</strong></span> <span class='ocrx_word' id='word_1_228' title='bbox 2121 3216 2340 3282; x_wconf 89' lang='lat' dir='ltr'><strong>brevia</strong></span> <span class='ocrx_word' id='word_1_229' title='bbox 2378 3220 2532 3281; x_wconf 84' lang='lat' dir='ltr'><strong>sunt</strong></span> <span class='ocrx_word' id='word_1_230' title='bbox 2574 3215 2682 3281; x_wconf 87' lang='lat' dir='ltr'><strong>sed</strong></span> 
     </span>
     <span class='ocr_line' id='line_1_27' title="bbox 282 3322 1127 3411; baseline -0.005 -20"><span class='ocrx_word' id='word_1_231' title='bbox 282 3327 531 3391; x_wconf 88' lang='lat' dir='ltr'><strong>sincera</strong></span> <span class='ocrx_word' id='word_1_232' title='bbox 579 3331 829 3411; x_wconf 88' lang='lat' dir='ltr'><strong>praeter</strong></span> <span class='ocrx_word' id='word_1_233' title='bbox 878 3344 973 3390; x_wconf 85' lang='lat' dir='ltr'><strong>vs.</strong></span> <span class='ocrx_word' id='word_1_234' title='bbox 1019 3322 1127 3388; x_wconf 82' lang='lat'><strong>38.</strong></span> 
     </span>
    </p>

    <p class='ocr_par' dir='ltr' id='par_1_6' title="bbox 282 3427 2675 3603">
     <span class='ocr_line' id='line_1_28' title="bbox 378 3427 2675 3511; baseline 0 -17"><span class='ocrx_word' id='word_1_235' title='bbox 378 3429 541 3496; x_wconf 90' lang='lat' dir='ltr'><strong>Ibid.</strong></span> <span class='ocrx_word' id='word_1_236' title='bbox 591 3428 679 3495; x_wconf 88' lang='lat'><strong>38</strong></span> <span class='ocrx_word' id='word_1_237' title='bbox 749 3429 878 3495; x_wconf 89' lang='lat' dir='ltr'><strong>De.</strong></span> <span class='ocrx_word' id='word_1_238' title='bbox 928 3428 1046 3495; x_wconf 87' lang='lat' dir='ltr'><strong>Dic</strong></span> <span class='ocrx_word' id='word_1_239' title='bbox 1093 3450 1347 3495; x_wconf 90' lang='lat' dir='ltr'><strong>nomen.</strong></span> <span class='ocrx_word' id='word_1_240' title='bbox 1421 3430 1556 3495; x_wconf 91' lang='lat' dir='ltr'><strong>Ph.</strong></span> <span class='ocrx_word' id='word_1_241' title='bbox 1608 3427 1902 3496; x_wconf 78' lang='lat' dir='ltr'><strong>Nomen?</strong></span> <span class='ocrx_word' id='word_1_242' title='bbox 1946 3428 2258 3496; x_wconf 80' lang='lat' dir='ltr'><strong>Maxime.</strong></span> <span class='ocrx_word' id='word_1_243' title='bbox 2331 3429 2458 3496; x_wconf 90' lang='lat' dir='ltr'><strong>De.</strong></span> <span class='ocrx_word' id='word_1_244' title='bbox 2509 3429 2675 3511; x_wconf 83' lang='lat' dir='ltr'><strong>Quid</strong></span> 
     </span>
     <span class='ocr_line' id='line_1_29' title="bbox 282 3534 713 3603; baseline -0.005 0"><span class='ocrx_word' id='word_1_245' title='bbox 282 3558 457 3603; x_wconf 91' lang='lat' dir='ltr'><strong>nunc</strong></span> <span class='ocrx_word' id='word_1_246' title='bbox 503 3534 713 3603; x_wconf 78' lang='lat' dir='ltr'><strong>taces?</strong></span> 
     </span>
    </p>

    <p class='ocr_par' dir='ltr' id='par_1_7' title="bbox 281 3640 2673 3835">
     <span class='ocr_line' id='line_1_30' title="bbox 376 3640 2673 3729; baseline -0 -20"><span class='ocrx_word' id='word_1_247' title='bbox 376 3643 473 3725; x_wconf 90' lang='grc'><strong>(2)</strong></span> <span class='ocrx_word' id='word_1_248' title='bbox 513 3642 639 3709; x_wconf 92' lang='lat' dir='ltr'><strong>Hic</strong></span> <span class='ocrx_word' id='word_1_249' title='bbox 677 3664 831 3729; x_wconf 83' lang='lat' dir='ltr'><strong>ergo</strong></span> <span class='ocrx_word' id='word_1_250' title='bbox 873 3640 1049 3708; x_wconf 88' lang='lat' dir='ltr'><strong>deest</strong></span> <span class='ocrx_word' id='word_1_251' title='bbox 1090 3643 1383 3719; x_wconf 89' lang='lat' dir='ltr'><strong>„nescio”</strong></span> <span class='ocrx_word' id='word_1_252' title='bbox 1427 3643 1531 3709; x_wconf 82' lang='lat' dir='ltr'><strong>vel</strong></span> <span class='ocrx_word' id='word_1_253' title='bbox 1562 3644 2031 3728; x_wconf 87' lang='lat' dir='ltr'><strong>„necessarium</strong></span> <span class='ocrx_word' id='word_1_254' title='bbox 2055 3642 2217 3708; x_wconf 89' lang='lat' dir='ltr'><strong>est”.</strong></span> <span class='ocrx_word' id='word_1_255' title='bbox 2327 3640 2419 3723; x_wconf 89' lang='lat'><strong>(3)</strong></span> <span class='ocrx_word' id='word_1_256' title='bbox 2459 3641 2673 3723; x_wconf 82' lang='lat' dir='ltr'><strong>„Quid</strong></span> 
     </span>
     <span class='ocr_line' id='line_1_31' title="bbox 281 3746 2378 3835; baseline -0.001 -19"><span class='ocrx_word' id='word_1_257' title='bbox 281 3774 347 3816; x_wconf 90' lang='lat' dir='ltr'><strong>n.</strong></span> <span class='ocrx_word' id='word_1_258' title='bbox 400 3748 492 3814; x_wconf 89' lang='lat' dir='ltr'><strong>t.”</strong></span> <span class='ocrx_word' id='word_1_259' title='bbox 543 3749 751 3835; x_wconf 82' lang='lat' dir='ltr'><strong>Urget</strong></span> <span class='ocrx_word' id='word_1_260' title='bbox 797 3769 1021 3826; x_wconf 87' lang='lat' dir='ltr'><strong>senex,</strong></span> <span class='ocrx_word' id='word_1_261' title='bbox 1071 3750 1223 3833; x_wconf 89' lang='lat' dir='ltr'><strong>quia</strong></span> <span class='ocrx_word' id='word_1_262' title='bbox 1268 3746 1596 3835; x_wconf 81' lang='lat' dir='ltr'><strong>intellegit</strong></span> <span class='ocrx_word' id='word_1_263' title='bbox 1643 3770 1792 3814; x_wconf 90' lang='lat' dir='ltr'><strong>eum</strong></span> <span class='ocrx_word' id='word_1_264' title='bbox 1841 3770 2072 3815; x_wconf 88' lang='lat' dir='ltr'><strong>nomen</strong></span> <span class='ocrx_word' id='word_1_265' title='bbox 2119 3751 2378 3814; x_wconf 88' lang='lat' dir='ltr'><strong>nescire.</strong></span> 
     </span>
    </p>

    <p class='ocr_par' dir='ltr' id='par_1_8' title="bbox 284 3854 2681 4145">
     <span class='ocr_line' id='line_1_32' title="bbox 380 3854 2681 3940; baseline -0 -20"><span class='ocrx_word' id='word_1_266' title='bbox 380 3855 804 3921; x_wconf 81' lang='lat' dir='ltr'><strong>Manifestum</strong></span> <span class='ocrx_word' id='word_1_267' title='bbox 868 3854 1380 3920; x_wconf 88' lang='lat' dir='ltr'><strong>additamentum</strong></span> <span class='ocrx_word' id='word_1_268' title='bbox 1444 3861 1541 3919; x_wconf 90' lang='lat' dir='ltr'><strong>est</strong></span> <span class='ocrx_word' id='word_1_269' title='bbox 1601 3854 1926 3921; x_wconf 86' lang='lat' dir='ltr'><strong>conclusio</strong></span> <span class='ocrx_word' id='word_1_270' title='bbox 1989 3877 2067 3921; x_wconf 88' lang='lat' dir='ltr'><strong>ex</strong></span> <span class='ocrx_word' id='word_1_271' title='bbox 2133 3855 2230 3934; x_wconf 85' lang='lat'><strong>(3)</strong></span> <span class='ocrx_word' id='word_1_272' title='bbox 2275 3875 2390 3940; x_wconf 90' lang='lat' dir='ltr'><strong>per</strong></span> <span class='ocrx_word' id='word_1_273' title='bbox 2436 3876 2568 3934; x_wconf 72' lang='lat' dir='ltr'><strong>erqo</strong></span> <span class='ocrx_word' id='word_1_274' title='bbox 2614 3856 2681 3919; x_wconf 91' lang='lat' dir='ltr'><strong>in</strong></span> 
     </span>
     <span class='ocr_line' id='line_1_33' title="bbox 284 3949 2678 4055; baseline 0 -28"><span class='ocrx_word' id='word_1_275' title='bbox 284 3962 404 4044; x_wconf 83' lang='lat'><strong>(2),</strong></span> <span class='ocrx_word' id='word_1_276' title='bbox 452 3982 568 4027; x_wconf 87' lang='lat' dir='ltr'><strong>nec</strong></span> <span class='ocrx_word' id='word_1_277' title='bbox 612 3982 853 4040; x_wconf 89' lang='lat' dir='ltr'><strong>unum,</strong></span> <span class='ocrx_word' id='word_1_278' title='bbox 893 3960 1000 4027; x_wconf 89' lang='lat' dir='ltr'><strong>sed</strong></span> <span class='ocrx_word' id='word_1_279' title='bbox 1041 3961 1167 4027; x_wconf 89' lang='lat' dir='ltr'><strong>duo</strong></span> <span class='ocrx_word' id='word_1_280' title='bbox 1206 3964 1447 4048; x_wconf 88' lang='lat' dir='ltr'><strong>opinor,</strong></span> <span class='ocrx_word' id='word_1_281' title='bbox 1488 3982 1642 4027; x_wconf 90' lang='lat' dir='ltr'><strong>nam</strong></span> <span class='ocrx_word' id='word_1_282' title='bbox 1681 3961 1842 4027; x_wconf 84' lang='lat' dir='ltr'><strong>alter</strong></span> <span class='ocrx_word' id='word_1_283' title='bbox 1875 3949 2068 4055; x_wconf 55' lang='lat' dir='ltr'><strong>mag-3</strong></span> <span class='ocrx_word' id='word_1_284' title='bbox 2101 3960 2348 4025; x_wconf 89' lang='lat' dir='ltr'><strong>addidit</strong></span> <span class='ocrx_word' id='word_1_285' title='bbox 2384 3962 2678 4047; x_wconf 85' lang='lat' dir='ltr'><strong>ineptum</strong></span> 
     </span>
     <span class='ocr_line' id='line_1_34' title="bbox 284 4066 1142 4145; baseline 0 -12"><span class='ocrx_word' id='word_1_286' title='bbox 284 4066 452 4133; x_wconf 90' lang='lat' dir='ltr'><strong>illud</strong></span> <span class='ocrx_word' id='word_1_287' title='bbox 500 4066 650 4145; x_wconf 82' lang='lat' dir='ltr'><strong>„vel</strong></span> <span class='ocrx_word' id='word_1_288' title='bbox 696 4088 931 4134; x_wconf 87' lang='lat' dir='ltr'><strong>necess.</strong></span> <span class='ocrx_word' id='word_1_289' title='bbox 982 4066 1142 4133; x_wconf 84' lang='lat' dir='ltr'><strong>est”.</strong></span> 
     </span>
    </p>
   </div>
   <div class='ocr_carea' id='block_1_4' title="bbox 292 4266 686 4277">
    <p class='ocr_par' dir='ltr' id='par_1_9' title="bbox 292 4266 686 4277">
     <span class='ocr_line' id='line_1_35' title="bbox 292 4266 686 4277; baseline 0 808"><span class='ocrx_word' id='word_1_290' title='bbox 292 4266 686 4277; x_wconf 95' lang='lat' dir='ltr'><strong> </strong></span> 
     </span>
    </p>
   </div>
   <div class='ocr_carea' id='block_1_5' title="bbox 278 4400 2670 4550">
    <p class='ocr_par' dir='ltr' id='par_1_10' title="bbox 278 4400 2670 4550">
     <span class='ocr_line' id='line_1_36' title="bbox 352 4400 2670 4467; baseline 0.001 -16"><span class='ocrx_word' id='word_1_291' title='bbox 352 4401 411 4467; x_wconf 89' lang='lat'><strong>1)</strong></span> <span class='ocrx_word' id='word_1_292' title='bbox 463 4402 734 4451; x_wconf 86' lang='lat' dir='ltr'><strong>Concinnnt</strong></span> <span class='ocrx_word' id='word_1_293' title='bbox 778 4404 967 4451; x_wconf 71' lang='lat' dir='ltr'><strong>tantum</strong></span> <span class='ocrx_word' id='word_1_294' title='bbox 1003 4400 1053 4450; x_wconf 89' lang='lat' dir='ltr'><strong>in</strong></span> <span class='ocrx_word' id='word_1_295' title='bbox 1088 4404 1320 4465; x_wconf 77' lang='lat' dir='ltr'><strong>quattuor</strong></span> <span class='ocrx_word' id='word_1_296' title='bbox 1358 4400 1611 4450; x_wconf 77' lang='lat' dir='ltr'><strong>levissimis</strong></span> <span class='ocrx_word' id='word_1_297' title='bbox 1646 4400 1810 4453; x_wconf 77' lang='lat' dir='ltr'><strong>rebus:</strong></span> <span class='ocrx_word' id='word_1_298' title='bbox 1852 4402 1914 4450; x_wconf 84' lang='lat'><strong>16</strong></span> <span class='ocrx_word' id='word_1_299' title='bbox 1951 4402 2111 4466; x_wconf 83' lang='lat' dir='ltr'><strong>Opera</strong></span> <span class='ocrx_word' id='word_1_300' title='bbox 2145 4402 2373 4467; x_wconf 78' lang='lat' dir='ltr'><strong>septimus</strong></span> <span class='ocrx_word' id='word_1_301' title='bbox 2406 4419 2539 4453; x_wconf 76' lang='lat' dir='ltr'><strong>casus</strong></span> <span class='ocrx_word' id='word_1_302' title='bbox 2573 4406 2670 4463; x_wconf 69' lang='lat'><strong>0⁸13</strong></span> 
     </span>
     <span class='ocr_line' id='line_1_37' title="bbox 278 4483 2668 4550; baseline 0 -15"><span class='ocrx_word' id='word_1_303' title='bbox 278 4486 347 4535; x_wconf 88' lang='grc'><strong>20</strong></span> <span class='ocrx_word' id='word_1_304' title='bbox 384 4484 433 4534; x_wconf 88' lang='lat' dir='ltr'><strong>in</strong></span> <span class='ocrx_word' id='word_1_305' title='bbox 470 4484 705 4545; x_wconf 70' lang='lat' dir='ltr'><strong>moribu05</strong></span> <span class='ocrx_word' id='word_1_306' title='bbox 741 4486 804 4537; x_wconf 78' lang='lat'><strong>25</strong></span> <span class='ocrx_word' id='word_1_307' title='bbox 842 4484 966 4534; x_wconf 83' lang='lat' dir='ltr'><strong>male</strong></span> <span class='ocrx_word' id='word_1_308' title='bbox 1004 4485 1133 4547; x_wconf 81' lang='lat' dir='ltr'><strong>loqui</strong></span> <span class='ocrx_word' id='word_1_309' title='bbox 1164 4500 1253 4550; x_wconf 84' lang='lat' dir='ltr'><strong>pro</strong></span> <span class='ocrx_word' id='word_1_310' title='bbox 1285 4484 1593 4543; x_wconf 82' lang='lat' dir='ltr'><strong>maledicere;</strong></span> <span class='ocrx_word' id='word_1_311' title='bbox 1631 4484 1694 4533; x_wconf 79' lang='lat'><strong>26</strong></span> <span class='ocrx_word' id='word_1_312' title='bbox 1725 4483 1962 4533; x_wconf 77' lang='lat' dir='ltr'><strong>Lucilius:</strong></span> <span class='ocrx_word' id='word_1_313' title='bbox 1991 4500 2152 4534; x_wconf 82' lang='lat' dir='ltr'><strong>carcer</strong></span> <span class='ocrx_word' id='word_1_314' title='bbox 2183 4485 2260 4535; x_wconf 79' lang='lat' dir='ltr'><strong>vix</strong></span> <span class='ocrx_word' id='word_1_315' title='bbox 2276 4500 2464 4534; x_wconf 80' lang='lat' dir='ltr'><strong>carcere</strong></span> <span class='ocrx_word' id='word_1_316' title='bbox 2481 4485 2668 4550; x_wconf 83' lang='lat' dir='ltr'><strong>dignus.</strong></span> 
     </span>
    </p>
   </div>
  </div>
 </body>
</html>
