3246 5085
1229 270 1642 366 conspiremus.
2487 302 2617 368 445

438 486 498 549 d.
549 484 642 549 De
703 483 995 548 Historia
1055 480 1318 568 politica
1377 487 1444 548 et
1493 482 1646 551 hist.
1695 482 2064 549 litterarum
2112 482 2505 551 Graecorum
2554 492 2619 550 et

550 589 1005 656 Romanorum.

441 719 490 761 e.
546 695 1083 762 Valckenaeriana
1129 693 1359 760 I—IV.
1431 694 1767 782 Descripta
1813 716 1891 761 ex
1937 695 2197 761 Schedis
2244 695 2623 764 Valckenae·

551 804 781 881 rianis,
832 824 1002 867 nunc
1049 804 1115 866 in
1165 800 1333 868 Bibl.
1382 799 1576 867 Univ.
1626 801 1837 889 Lugd.
1888 802 2027 868 Bat.
2076 806 2439 870 asservatis.

423 910 495 994 f.
543 907 733 975 Varia
777 910 846 973 in
894 928 1088 973 usum
1134 908 1727 996 Prosopographiae
1774 909 2296 995 Xenophonteae.

326 1013 389 1079 8.
452 1015 640 1081 Forte
687 1015 943 1081 fortuna
987 1015 1067 1080 ab
1115 1017 1384 1081 interitu
1433 1026 1721 1085 servatae
1766 1016 2028 1082 fuerunt
2078 1016 2415 1083 schedulae
2463 1038 2623 1103 quae

230 1128 623 1207 sequuntur:
703 1190 717 1195 ,

325 1228 386 1293 1.
434 1226 810 1294 Gratiarum
858 1231 1023 1295 actio
1070 1224 1489 1294 Curatoribus
1533 1232 1600 1293 et
1646 1226 1900 1294 Rectori
1948 1226 2294 1314 Gymnasii
2342 1230 2623 1317 Hagani,

229 1335 450 1399 habita
493 1334 622 1400 kal.
674 1334 870 1399 Mart.
925 1333 1120 1399 1830.
1173 1333 1340 1399 Sunt
1385 1333 1684 1420 strophae
1730 1334 2001 1400 alcaicae
2045 1332 2105 1401 ’7.
2155 1333 2459 1403 Ceterum
2498 1358 2623 1402 non

231 1448 385 1505 sunt
449 1440 755 1507 versiculi
813 1440 892 1505 ab
939 1442 1077 1527 ipso
1123 1436 1365 1506 Oobeto
1410 1444 1786 1527 compositi,
1834 1441 1945 1507 sed
1990 1442 2117 1507 fuit
2166 1441 2322 1508 olim
2369 1464 2511 1508 mos
2556 1446 2625 1507 in

232 1550 469 1613 nostris
511 1544 924 1633 Gymnasiis,
964 1549 1076 1632 qui
1117 1568 1255 1611 mos
1295 1545 1496 1611 ferme
1537 1545 1616 1613 ad
1657 1554 1875 1613 nostra
1906 1552 2193 1634 tempora
2217 1549 2622 1635 perduravit,

232 1660 346 1731 ut,
415 1673 539 1738 quo
600 1652 704 1717 die
765 1654 1051 1738 praemia
1097 1650 1430 1737 discipulis
1477 1651 1735 1738 publice
1783 1652 2335 1733 distribuerentur,
2384 1654 2627 1721 adules-

230 1757 478 1825 centuli
541 1780 700 1845 „pro
763 1756 1094 1844 splendido
1156 1760 1485 1836 munere”,
1550 1760 1652 1823 uti
1715 1760 1996 1835 aiebant,
2059 1763 2303 1847 gratias
2362 1768 2627 1848 agerent

231 1864 606 1943 versiculis,
658 1886 816 1951 quos
864 1870 1237 1952 praeceptor
1283 1863 1543 1929 dederat
1589 1865 1973 1931 ediscendos.

325 1973 392 2037 2.
457 1972 700 2037 Thema
759 1970 1044 2037 scholare
1107 1970 1183 2035 de
1242 1973 1564 2036 mensium
1627 1977 1693 2036 et
1738 1971 1990 2037 dierum
2037 1974 2408 2038 nominibus
2454 1974 2623 2060 apud

233 2079 680 2144 Athenienses.
729 2078 878 2143 Dat.
933 2077 1014 2144 17
1063 2076 1228 2143 Nov.
1284 2076 1479 2143 1830.

323 2398 697 2485 Sequuntur
740 2397 1091 2483 Scriptores
1139 2394 1404 2477 Graeci,
1452 2419 1728 2484 quorum
1774 2400 1841 2462 in
1888 2400 2293 2486 marginibus
2341 2396 2623 2467 Cobetus

231 2504 500 2588 notulas
535 2504 860 2592 appinxit:

281 2612 343 2677 1.
394 2613 641 2677 Erotici
687 2613 1028 2697 scriptores
1075 2632 1151 2677 ex
1199 2633 1322 2678 rec.
1372 2609 1452 2677 G.
1502 2612 1578 2677 A.
1631 2611 1960 2697 Hirschig.
2012 2611 2211 2678 Paris.
2266 2611 2461 2678 1856.

276 2718 344 2784 2.
392 2717 810 2805 Tragicorum
835 2716 1230 2783 Graecorum
1253 2716 1615 2803 fragmenta
1634 2765 1651 2795 ‚
1679 2715 1801 2782 rec.
1830 2717 1907 2781 A.
1934 2717 2181 2783 Nauck.
2215 2717 2389 2804 Lips.
2421 2718 2618 2786 1856.

210 2901 223 2914 ι
278 2825 344 2890 3.
392 2826 470 2890 A.
516 2824 763 2891 Nauck.
813 2822 907 2890 De
955 2826 1350 2911 tragicorum
1386 2842 1769 2909 graecorum
1810 2823 2191 2910 fragmentis
2234 2825 2621 2892 observatio-

393 2953 504 2996 nes
554 2934 830 2996 criticae.
881 2930 1088 2996 Berol.
1144 2928 1339 2995 1855.

277 3039 343 3103 4.
392 3037 689 3103 Oratores
736 3038 938 3102 Attici
987 3058 1064 3102 ex
1109 3058 1231 3104 rec.
1281 3036 1331 3103 Ι.
1381 3035 1655 3102 Bekker.
1704 3035 1909 3103 Berol.
1965 3036 2161 3104 1823.

277 3145 341 3210 5.
389 3143 686 3210 Porson's
733 3137 967 3209 vrorks.
1015 3142 1155 3209 Vol.
1203 3141 1432 3209 1--VL
1489 3141 1960 3209 1790—1822.

278 3250 342 3316 6.
391 3249 718 3316 Aelianus.
768 3249 883 3314 Ed.
934 3248 1009 3315 R.
1058 3250 1364 3315 Hercher.
1414 3248 1614 3314 Paris.
1672 3249 1867 3315 1858.

277 3353 340 3422 ’7.
392 3357 721 3421 Aeschinis
746 3354 1050 3421 Socratici
1073 3353 1318 3441 dialogi
1331 3362 1478 3420 tres.
1498 3354 1645 3420 Rec.
1663 3355 1739 3419 P.
1757 3354 2065 3421 Hori-eus.
2091 3355 2395 3422 Leovard.
2424 3357 2619 3424 1718.

278 3463 342 3528 8.
392 3463 725 3529 Aeschinis
772 3461 1108 3527 Orationes
1154 3483 1286 3527 cur.
1337 3460 1407 3526 F.
1457 3461 1726 3527 Franke.
1781 3461 1958 3548 Lips.
2010 3461 2207 3528 1851.

276 3569 340 3634 9.
390 3568 724 3634 Aeschinis
747 3571 813 3632 in
839 3565 1320 3654 Ctesiphontem
1345 3567 1582 3634 Oratio.
1611 3568 1757 3634 Rec.
1784 3567 2195 3636 A.Weidner.
2222 3569 2394 3655 Lips.
2419 3569 2615 3637 1872.

231 3674 338 3740 10.
389 3673 696 3761 Aeschyli
740 3680 806 3740 et
850 3671 1184 3758 Sophoclis
1232 3672 1617 3760 tragoediae.
1670 3675 1814 3739 Par.
1867 3673 2065 3739 1842.

234 3780 338 3846 11.
389 3780 738 3868 Antiphon,
779 3779 1134 3844 Andocides
1171 3787 1236 3845 et
1275 3778 1504 3867 Lysias
1544 3801 1622 3846 ex
1664 3801 1786 3845 rec.
1828 3779 2121 3847 Bekkeri.
2159 3783 2390 3846 Oxonii
2418 3781 2612 3847 1822.

230 3886 337 3953 12.
385 3885 712 3972 Apollonii
760 3884 994 3951 Rhodii
1039 3888 1472 3974 Argonautica
1520 3907 1599 3952 ex
1648 3907 1772 3952 rec.
1821 3886 2149 3952 Brunckii.
2212 3887 2385 3973 Lips.
2437 3869 2615 3982 1810

393 3987 684 4057 -“1813.

232 4098 336 4164 13.
387 4100 667 4185 Appiani
705 4097 1120 4188 Alexandrini
1160 4097 1486 4164 Historiae
1525 4097 1873 4164 Romanae.
1915 4099 2030 4164 Ed.
2072 4099 2131 4165 J.
2158 4099 2617 4187 Schweighau-

385 4226 487 4270 ser
530 4204 703 4289 Lips.
755 4201 951 4270 1785.

231 4310 336 4378 14.
386 4313 774 4377 Ariamenen
817 4309 1165 4397 Epistulae.
1212 4310 1329 4376 Ed.
1379 4293 1783 4377 Boissofiade.
1833 4312 2049 4378 Latet.
2106 4311 2299 4379 1822.

234 4418 337 4483 15.
387 4419 831 4504 Aristophanis
879 4415 1277 4484 Comoedias.
1327 4418 1531 4484 Paris.
1584 4417 1781 4483 1838.
