<?xml version="1.0" encoding="UTF-8"?>
<!DOCTYPE html PUBLIC "-//W3C//DTD XHTML 1.0 Transitional//EN"
    "http://www.w3.org/TR/xhtml1/DTD/xhtml1-transitional.dtd">
<html xmlns="http://www.w3.org/1999/xhtml" xml:lang="en" lang="en">
 <head>
  <title>
</title>
<meta http-equiv="Content-Type" content="text/html;charset=utf-8" />
  <meta name='ocr-system' content='tesseract 3.04.00' />
  <meta name='ocr-capabilities' content='ocr_page ocr_carea ocr_par ocr_line ocrx_word'/>
</head>
<body>
  <div class='ocr_page' id='page_1' title='image "./mnemosynevolume03verdgoog_0219.png"; bbox 0 0 3246 5085; ppageno 0'>
   <div class='ocr_carea' id='block_1_1' title="bbox 1283 357 2633 425">
    <p class='ocr_par' dir='ltr' id='par_1_1' title="bbox 1283 357 2633 425">
     <span class='ocr_line' id='line_1_1' title="bbox 1283 357 2633 425; baseline 0.002 -3"><span class='ocrx_word' id='word_1_1' title='bbox 1283 373 1595 423; x_wconf 69' lang='lat' dir='ltr'><strong>nonnus.</strong></span> <span class='ocrx_word' id='word_1_2' title='bbox 2502 357 2633 425; x_wconf 82' lang='lat'><strong>211</strong></span> 
     </span>
    </p>
   </div>
   <div class='ocr_carea' id='block_1_2' title="bbox 243 538 2645 1152">
    <p class='ocr_par' dir='ltr' id='par_1_2' title="bbox 243 538 2642 948">
     <span class='ocr_line' id='line_1_2' title="bbox 333 538 2637 626; baseline 0.001 -20"><span class='ocrx_word' id='word_1_3' title='bbox 333 540 435 606; x_wconf 82' lang='lat' dir='ltr'><strong>Ad</strong></span> <span class='ocrx_word' id='word_1_4' title='bbox 496 543 825 626; x_wconf 87' lang='lat' dir='ltr'><strong>sequentia</strong></span> <span class='ocrx_word' id='word_1_5' title='bbox 886 540 987 605; x_wconf 94' lang='lat' dir='ltr'><strong>IP</strong></span> <span class='ocrx_word' id='word_1_6' title='bbox 1045 539 1128 606; x_wconf 89' lang='grc'><strong>13</strong></span> <span class='ocrx_word' id='word_1_7' title='bbox 1153 538 1288 621; x_wconf 84' lang='lat'><strong>(3):</strong></span> <span class='ocrx_word' id='word_1_8' title='bbox 1341 539 1642 625; x_wconf 86' lang='lat' dir='ltr'><strong>Proprie,</strong></span> <span class='ocrx_word' id='word_1_9' title='bbox 1693 540 1843 624; x_wconf 88' lang='lat' dir='ltr'><strong>quia</strong></span> <span class='ocrx_word' id='word_1_10' title='bbox 1890 559 2050 624; x_wconf 85' lang='lat' dir='ltr'><strong>pax,</strong></span> <span class='ocrx_word' id='word_1_11' title='bbox 2098 539 2306 620; x_wconf 88' lang='lat' dir='ltr'><strong>datio,</strong></span> <span class='ocrx_word' id='word_1_12' title='bbox 2359 541 2637 622; x_wconf 79' lang='lat' dir='ltr'><strong>deditio,</strong></span> 
     </span>
     <span class='ocr_line' id='line_1_3' title="bbox 243 644 2642 733; baseline 0 -19"><span class='ocrx_word' id='word_1_13' title='bbox 243 649 620 726; x_wconf 83' lang='lat' dir='ltr'><strong>conventio,</strong></span> <span class='ocrx_word' id='word_1_14' title='bbox 662 646 1054 733; x_wconf 79' lang='lat' dir='ltr'>colloquium</span> <span class='ocrx_word' id='word_1_15' title='bbox 1099 645 1378 712; x_wconf 89' lang='lat' dir='ltr'><strong>militiae</strong></span> <span class='ocrx_word' id='word_1_16' title='bbox 1415 646 1611 712; x_wconf 82' lang='lat' dir='ltr'><strong>verba</strong></span> <span class='ocrx_word' id='word_1_17' title='bbox 1646 651 1817 710; x_wconf 89' lang='lat' dir='ltr'><strong>sunt.</strong></span> <span class='ocrx_word' id='word_1_18' title='bbox 1928 644 2107 710; x_wconf 85' lang='lat' dir='ltr'><strong>Idem</strong></span> <span class='ocrx_word' id='word_1_19' title='bbox 2153 647 2236 711; x_wconf 88' lang='lat'><strong>14</strong></span> <span class='ocrx_word' id='word_1_20' title='bbox 2261 647 2397 729; x_wconf 88' lang='lat'><strong>(3):</strong></span> <span class='ocrx_word' id='word_1_21' title='bbox 2441 647 2642 728; x_wconf 86' lang='lat' dir='ltr'><strong>„Con-</strong></span> 
     </span>
     <span class='ocr_line' id='line_1_4' title="bbox 243 753 2641 840; baseline -0 -19"><span class='ocrx_word' id='word_1_22' title='bbox 243 759 468 822; x_wconf 80' lang='lat' dir='ltr'><strong>venire</strong></span> <span class='ocrx_word' id='word_1_23' title='bbox 529 759 596 820; x_wconf 87' lang='lat' dir='ltr'><strong>et</strong></span> <span class='ocrx_word' id='word_1_24' title='bbox 655 753 979 840; x_wconf 87' lang='lat' dir='ltr'><strong>colloqui’&#39;</strong></span> <span class='ocrx_word' id='word_1_25' title='bbox 1046 756 1136 818; x_wconf 88' lang='lat' dir='ltr'><strong>sic</strong></span> <span class='ocrx_word' id='word_1_26' title='bbox 1196 753 1786 839; x_wconf 87' lang='lat' dir='ltr'><strong>pronuntiandum,</strong></span> <span class='ocrx_word' id='word_1_27' title='bbox 1849 758 1925 816; x_wconf 89' lang='lat' dir='ltr'><strong>ut</strong></span> <span class='ocrx_word' id='word_1_28' title='bbox 1971 756 2153 837; x_wconf 83' lang='lat' dir='ltr'><strong>quasi</strong></span> <span class='ocrx_word' id='word_1_29' title='bbox 2199 753 2401 820; x_wconf 85' lang='lat' dir='ltr'><strong>dicat:</strong></span> <span class='ocrx_word' id='word_1_30' title='bbox 2450 755 2641 823; x_wconf 87' lang='lat' dir='ltr'><strong>liceat</strong></span> 
     </span>
     <span class='ocr_line' id='line_1_5' title="bbox 245 858 2366 948; baseline -0 -20"><span class='ocrx_word' id='word_1_31' title='bbox 245 883 362 948; x_wconf 87' lang='lat' dir='ltr'><strong>per</strong></span> <span class='ocrx_word' id='word_1_32' title='bbox 408 867 508 940; x_wconf 86' lang='lat' dir='ltr'><strong>te,</strong></span> <span class='ocrx_word' id='word_1_33' title='bbox 555 860 776 938; x_wconf 90' lang='lat' dir='ltr'><strong>miles,</strong></span> <span class='ocrx_word' id='word_1_34' title='bbox 826 861 994 946; x_wconf 90' lang='lat' dir='ltr'><strong>quod</strong></span> <span class='ocrx_word' id='word_1_35' title='bbox 1042 863 1238 925; x_wconf 87' lang='lat' dir='ltr'><strong>etiam</strong></span> <span class='ocrx_word' id='word_1_36' title='bbox 1283 863 1451 924; x_wconf 84' lang='lat' dir='ltr'><strong>inter</strong></span> <span class='ocrx_word' id='word_1_37' title='bbox 1498 859 1715 924; x_wconf 87' lang='lat' dir='ltr'><strong>hostes</strong></span> <span class='ocrx_word' id='word_1_38' title='bbox 1762 864 1827 923; x_wconf 89' lang='lat' dir='ltr'><strong>et</strong></span> <span class='ocrx_word' id='word_1_39' title='bbox 1869 860 1935 922; x_wconf 89' lang='lat' dir='ltr'><strong>in</strong></span> <span class='ocrx_word' id='word_1_40' title='bbox 1983 858 2148 925; x_wconf 90' lang='lat' dir='ltr'><strong>bello</strong></span> <span class='ocrx_word' id='word_1_41' title='bbox 2195 859 2366 927; x_wconf 86' lang='lat' dir='ltr'><strong>licet.</strong></span> 
     </span>
    </p>

    <p class='ocr_par' dir='ltr' id='par_1_3' title="bbox 252 964 2645 1152">
     <span class='ocr_line' id='line_1_6' title="bbox 341 964 2639 1054; baseline 0 -20"><span class='ocrx_word' id='word_1_42' title='bbox 341 967 690 1054; x_wconf 86' lang='lat' dir='ltr'><strong>Inspiravit</strong></span> <span class='ocrx_word' id='word_1_43' title='bbox 736 989 885 1032; x_wconf 91' lang='lat' dir='ltr'><strong>eum</strong></span> <span class='ocrx_word' id='word_1_44' title='bbox 935 966 1095 1032; x_wconf 91' lang='lat' dir='ltr'><strong>Don.</strong></span> <span class='ocrx_word' id='word_1_45' title='bbox 1142 965 1224 1030; x_wconf 84' lang='lat'><strong>13</strong></span> <span class='ocrx_word' id='word_1_46' title='bbox 1251 965 1382 1047; x_wconf 80' lang='lat'>(2):</span> <span class='ocrx_word' id='word_1_47' title='bbox 1432 965 1517 1030; x_wconf 86' lang='lat' dir='ltr'><strong>Et</strong></span> <span class='ocrx_word' id='word_1_48' title='bbox 1561 967 1652 1029; x_wconf 88' lang='lat' dir='ltr'><strong>sic</strong></span> <span class='ocrx_word' id='word_1_49' title='bbox 1698 964 1955 1030; x_wconf 89' lang='lat' dir='ltr'><strong>locutus</strong></span> <span class='ocrx_word' id='word_1_50' title='bbox 1995 972 2127 1045; x_wconf 88' lang='lat' dir='ltr'><strong>est,</strong></span> <span class='ocrx_word' id='word_1_51' title='bbox 2170 971 2353 1052; x_wconf 88' lang='lat' dir='ltr'><strong>quasi</strong></span> <span class='ocrx_word' id='word_1_52' title='bbox 2394 968 2639 1034; x_wconf 88' lang='lat' dir='ltr'><strong>bellum</strong></span> 
     </span>
     <span class='ocr_line' id='line_1_7' title="bbox 252 1069 2645 1152; baseline 0 -12"><span class='ocrx_word' id='word_1_53' title='bbox 252 1076 556 1140; x_wconf 90' lang='lat' dir='ltr'><strong>omnibus</strong></span> <span class='ocrx_word' id='word_1_54' title='bbox 616 1076 719 1139; x_wconf 81' lang='lat' dir='ltr'><strong>his</strong></span> <span class='ocrx_word' id='word_1_55' title='bbox 777 1075 992 1140; x_wconf 81' lang='lat' dir='ltr'><strong>verbis</strong></span> <span class='ocrx_word' id='word_1_56' title='bbox 1051 1073 1375 1138; x_wconf 79' lang='lat' dir='ltr'><strong>indixerit.</strong></span> <span class='ocrx_word' id='word_1_57' title='bbox 1523 1069 1604 1135; x_wconf 90' lang='lat'><strong>14</strong></span> <span class='ocrx_word' id='word_1_58' title='bbox 1630 1071 1760 1152; x_wconf 80' lang='lat'>(2):</span> <span class='ocrx_word' id='word_1_59' title='bbox 1826 1070 2118 1149; x_wconf 85' lang='lat' dir='ltr'><strong>&lt;„Conv.</strong></span> <span class='ocrx_word' id='word_1_60' title='bbox 2169 1080 2234 1138; x_wconf 93' lang='lat' dir='ltr'><strong>et</strong></span> <span class='ocrx_word' id='word_1_61' title='bbox 2281 1073 2519 1150; x_wconf 90' lang='lat' dir='ltr'><strong>coll.’&#39;&gt;</strong></span> <span class='ocrx_word' id='word_1_62' title='bbox 2568 1083 2645 1140; x_wconf 89' lang='lat' dir='ltr'><strong>ut</strong></span> 
     </span>
    </p>
   </div>
   <div class='ocr_carea' id='block_1_3' title="bbox 250 1177 2703 1264">
    <p class='ocr_par' dir='ltr' id='par_1_4' title="bbox 250 1177 2703 1264">
     <span class='ocr_line' id='line_1_8' title="bbox 250 1177 2703 1264; baseline -0.001 -18"><span class='ocrx_word' id='word_1_63' title='bbox 250 1186 322 1246; x_wconf 89' lang='lat' dir='ltr'><strong>in</strong></span> <span class='ocrx_word' id='word_1_64' title='bbox 385 1182 634 1246; x_wconf 89' lang='lat' dir='ltr'><strong>hostico</strong></span> <span class='ocrx_word' id='word_1_65' title='bbox 702 1180 882 1246; x_wconf 88' lang='lat' dir='ltr'><strong>solet.</strong></span> <span class='ocrx_word' id='word_1_66' title='bbox 954 1177 1335 1245; x_wconf 76' lang='lat' dir='ltr'><strong>Sallustius:</strong></span> <span class='ocrx_word' id='word_1_67' title='bbox 1410 1197 1614 1263; x_wconf 86' lang='lat' dir='ltr'><strong>„quae</strong></span> <span class='ocrx_word' id='word_1_68' title='bbox 1678 1183 1864 1264; x_wconf 87' lang='lat' dir='ltr'><strong>pacta</strong></span> <span class='ocrx_word' id='word_1_69' title='bbox 1923 1181 1990 1242; x_wconf 91' lang='lat' dir='ltr'><strong>in</strong></span> <span class='ocrx_word' id='word_1_70' title='bbox 2055 1183 2474 1245; x_wconf 81' lang='lat' dir='ltr'><strong>conventione</strong></span> <span class='ocrx_word' id='word_1_71' title='bbox 2520 1203 2643 1246; x_wconf 89' lang='lat' dir='ltr'><strong>non</strong></span> <span class='ocrx_word' id='word_1_72' title='bbox 2700 1179 2703 1182; x_wconf 75' lang='grc'><strong>’</strong></span> 
     </span>
    </p>
   </div>
   <div class='ocr_carea' id='block_1_4' title="bbox 250 1283 2666 4357">
    <p class='ocr_par' dir='ltr' id='par_1_5' title="bbox 250 1283 2650 2007">
     <span class='ocr_line' id='line_1_9' title="bbox 253 1283 2647 1375; baseline -0.001 -20"><span class='ocrx_word' id='word_1_73' title='bbox 253 1285 790 1375; x_wconf 79' lang='lat' dir='ltr'><strong>praestitissent’&#39;,</strong></span> <span class='ocrx_word' id='word_1_74' title='bbox 836 1294 900 1352; x_wconf 90' lang='lat' dir='ltr'><strong>et</strong></span> <span class='ocrx_word' id='word_1_75' title='bbox 947 1286 1138 1351; x_wconf 86' lang='lat' dir='ltr'><strong>alibi:</strong></span> <span class='ocrx_word' id='word_1_76' title='bbox 1191 1287 1417 1365; x_wconf 85' lang='lat' dir='ltr'><strong>„cuius</strong></span> <span class='ocrx_word' id='word_1_77' title='bbox 1465 1284 1733 1350; x_wconf 87' lang='lat' dir='ltr'><strong>adversa</strong></span> <span class='ocrx_word' id='word_1_78' title='bbox 1780 1283 2115 1351; x_wconf 80' lang='lat' dir='ltr'><strong>voluntate</strong></span> <span class='ocrx_word' id='word_1_79' title='bbox 2163 1286 2481 1374; x_wconf 90' lang='lat' dir='ltr'><strong>colloquio</strong></span> <span class='ocrx_word' id='word_1_80' title='bbox 2527 1291 2647 1352; x_wconf 91' lang='lat' dir='ltr'><strong>mi-</strong></span> 
     </span>
     <span class='ocr_line' id='line_1_10' title="bbox 250 1391 2643 1480; baseline -0.001 -19"><span class='ocrx_word' id='word_1_81' title='bbox 250 1395 486 1461; x_wconf 78' lang='lat' dir='ltr'><strong>litibus</strong></span> <span class='ocrx_word' id='word_1_82' title='bbox 542 1392 898 1480; x_wconf 89' lang='lat' dir='ltr'><strong>permisso&#39;’</strong></span> <span class='ocrx_word' id='word_1_83' title='bbox 949 1397 1096 1458; x_wconf 89' lang='lat' dir='ltr'><strong>cett.</strong></span> <span class='ocrx_word' id='word_1_84' title='bbox 1215 1391 1310 1457; x_wconf 91' lang='lat' dir='ltr'><strong>De</strong></span> <span class='ocrx_word' id='word_1_85' title='bbox 1357 1392 1878 1477; x_wconf 81' lang='lat' dir='ltr'><strong>pronuntiatione</strong></span> <span class='ocrx_word' id='word_1_86' title='bbox 1924 1399 2141 1456; x_wconf 89' lang='lat' dir='ltr'><strong>autem</strong></span> <span class='ocrx_word' id='word_1_87' title='bbox 2190 1391 2349 1458; x_wconf 90' lang='lat' dir='ltr'><strong>Don.</strong></span> <span class='ocrx_word' id='word_1_88' title='bbox 2404 1393 2487 1457; x_wconf 88' lang='lat'><strong>14</strong></span> <span class='ocrx_word' id='word_1_89' title='bbox 2514 1394 2643 1474; x_wconf 87' lang='lat'>(4):</span> 
     </span>
     <span class='ocr_line' id='line_1_11' title="bbox 256 1495 2648 1585; baseline 0 -19"><span class='ocrx_word' id='word_1_90' title='bbox 256 1501 469 1581; x_wconf 84' lang='lat' dir='ltr'><strong>„Dare</strong></span> <span class='ocrx_word' id='word_1_91' title='bbox 513 1500 579 1565; x_wconf 91' lang='lat' dir='ltr'><strong>h.</strong></span> <span class='ocrx_word' id='word_1_92' title='bbox 623 1520 682 1585; x_wconf 87' lang='lat' dir='ltr'><strong>q.</strong></span> <span class='ocrx_word' id='word_1_93' title='bbox 723 1497 1092 1567; x_wconf 82' lang='lat' dir='ltr'><strong>volumus&#39;’.</strong></span> <span class='ocrx_word' id='word_1_94' title='bbox 1165 1497 1340 1563; x_wconf 88' lang='lat' dir='ltr'><strong>Haec</strong></span> <span class='ocrx_word' id='word_1_95' title='bbox 1386 1495 1648 1583; x_wconf 82' lang='lat' dir='ltr'><strong>singula</strong></span> <span class='ocrx_word' id='word_1_96' title='bbox 1693 1518 1839 1561; x_wconf 90' lang='lat' dir='ltr'><strong>cum</strong></span> <span class='ocrx_word' id='word_1_97' title='bbox 1888 1497 2133 1563; x_wconf 85' lang='lat' dir='ltr'><strong>invidia</strong></span> <span class='ocrx_word' id='word_1_98' title='bbox 2179 1501 2648 1584; x_wconf 86' lang='lat' dir='ltr'><strong>pronuntianda</strong></span> 
     </span>
     <span class='ocr_line' id='line_1_12' title="bbox 255 1601 2649 1691; baseline -0.001 -17"><span class='ocrx_word' id='word_1_99' title='bbox 255 1615 429 1674; x_wconf 84' lang='lat' dir='ltr'><strong>sunt.</strong></span> <span class='ocrx_word' id='word_1_100' title='bbox 614 1605 687 1671; x_wconf 89' lang='lat' dir='ltr'><strong>Id</strong></span> <span class='ocrx_word' id='word_1_101' title='bbox 727 1611 860 1672; x_wconf 85' lang='lat' dir='ltr'><strong>est:</strong></span> <span class='ocrx_word' id='word_1_102' title='bbox 901 1605 1188 1691; x_wconf 79' lang='lat' dir='ltr'><strong>maligna</strong></span> <span class='ocrx_word' id='word_1_103' title='bbox 1230 1604 1529 1669; x_wconf 85' lang='lat' dir='ltr'><strong>tarditate</strong></span> <span class='ocrx_word' id='word_1_104' title='bbox 1569 1601 1830 1691; x_wconf 80' lang='lat' dir='ltr'><strong>singula</strong></span> <span class='ocrx_word' id='word_1_105' title='bbox 1866 1623 1903 1668; x_wconf 91' lang='lat' dir='ltr'><strong>a</strong></span> <span class='ocrx_word' id='word_1_106' title='bbox 1944 1604 2336 1671; x_wconf 81' lang='lat' dir='ltr'><strong>Parmenone</strong></span> <span class='ocrx_word' id='word_1_107' title='bbox 2376 1609 2443 1670; x_wconf 92' lang='lat' dir='ltr'><strong>in</strong></span> <span class='ocrx_word' id='word_1_108' title='bbox 2470 1607 2649 1673; x_wconf 86' lang='lat' dir='ltr'><strong>-mili-</strong></span> 
     </span>
     <span class='ocr_line' id='line_1_13' title="bbox 255 1711 2650 1800; baseline 0 -21"><span class='ocrx_word' id='word_1_109' title='bbox 255 1720 394 1781; x_wconf 89' lang='lat' dir='ltr'><strong>tem</strong></span> <span class='ocrx_word' id='word_1_110' title='bbox 442 1713 874 1800; x_wconf 86' lang='lat' dir='ltr'><strong>proferuntur.</strong></span> <span class='ocrx_word' id='word_1_111' title='bbox 1038 1711 1295 1777; x_wconf 83' lang='lat' dir='ltr'><strong>Tertius</strong></span> <span class='ocrx_word' id='word_1_112' title='bbox 1342 1717 1472 1787; x_wconf 87' lang='lat' dir='ltr'><strong>est,</strong></span> <span class='ocrx_word' id='word_1_113' title='bbox 1525 1713 1638 1795; x_wconf 94' lang='lat' dir='ltr'><strong>qui</strong></span> <span class='ocrx_word' id='word_1_114' title='bbox 1675 1711 1795 1776; x_wconf 91' lang='lat' dir='ltr'><strong>hoc</strong></span> <span class='ocrx_word' id='word_1_115' title='bbox 1835 1731 2167 1796; x_wconf 78' lang='lat' dir='ltr'><strong>perperam</strong></span> <span class='ocrx_word' id='word_1_116' title='bbox 2204 1715 2299 1777; x_wconf 90' lang='lat' dir='ltr'><strong>ita</strong></span> <span class='ocrx_word' id='word_1_117' title='bbox 2338 1713 2650 1800; x_wconf 85' lang='lat' dir='ltr'><strong>explicuit</strong></span> 
     </span>
     <span class='ocr_line' id='line_1_14' title="bbox 263 1815 2646 1904; baseline 0 -19"><span class='ocrx_word' id='word_1_118' title='bbox 263 1820 348 1885; x_wconf 91' lang='lat'><strong>14</strong></span> <span class='ocrx_word' id='word_1_119' title='bbox 375 1821 507 1900; x_wconf 90' lang='lat' dir='ltr'><strong>(l):</strong></span> <span class='ocrx_word' id='word_1_120' title='bbox 571 1819 656 1884; x_wconf 82' lang='lat' dir='ltr'><strong>Et</strong></span> <span class='ocrx_word' id='word_1_121' title='bbox 717 1822 836 1884; x_wconf 88' lang='lat' dir='ltr'><strong>sic·</strong></span> <span class='ocrx_word' id='word_1_122' title='bbox 871 1816 1450 1904; x_wconf 86' lang='lat' dir='ltr'><strong>pronuntiandum,</strong></span> <span class='ocrx_word' id='word_1_123' title='bbox 1509 1821 1584 1880; x_wconf 88' lang='lat' dir='ltr'><strong>ut</strong></span> <span class='ocrx_word' id='word_1_124' title='bbox 1646 1815 2066 1881; x_wconf 81' lang='lat' dir='ltr'><strong>subaudiatur</strong></span> <span class='ocrx_word' id='word_1_125' title='bbox 2128 1817 2342 1898; x_wconf 85' lang='lat' dir='ltr'><strong>„vel”,</strong></span> <span class='ocrx_word' id='word_1_126' title='bbox 2406 1822 2482 1884; x_wconf 86' lang='lat' dir='ltr'><strong>ut</strong></span> <span class='ocrx_word' id='word_1_127' title='bbox 2528 1823 2646 1886; x_wconf 86' lang='lat' dir='ltr'><strong>sit:</strong></span> 
     </span>
     <span class='ocr_line' id='line_1_15' title="bbox 256 1923 1560 2007; baseline -0.005 -15"><span class='ocrx_word' id='word_1_128' title='bbox 256 1927 364 1992; x_wconf 84' lang='lat' dir='ltr'><strong>vel</strong></span> <span class='ocrx_word' id='word_1_129' title='bbox 412 1925 561 1991; x_wconf 88' lang='lat' dir='ltr'><strong>dare</strong></span> <span class='ocrx_word' id='word_1_130' title='bbox 607 1924 713 1991; x_wconf 80' lang='lat' dir='ltr'><strong>vel</strong></span> <span class='ocrx_word' id='word_1_131' title='bbox 760 1927 1097 1990; x_wconf 84' lang='lat' dir='ltr'><strong>convenire</strong></span> <span class='ocrx_word' id='word_1_132' title='bbox 1147 1930 1212 1988; x_wconf 92' lang='lat' dir='ltr'><strong>et</strong></span> <span class='ocrx_word' id='word_1_133' title='bbox 1257 1923 1560 2007; x_wconf 85' lang='lat' dir='ltr'><strong>colloqui.</strong></span> 
     </span>
    </p>

    <p class='ocr_par' dir='ltr' id='par_1_6' title="bbox 260 2028 2655 2433">
     <span class='ocr_line' id='line_1_16' title="bbox 355 2028 2655 2117; baseline 0 -19"><span class='ocrx_word' id='word_1_134' title='bbox 355 2031 716 2117; x_wconf 80' lang='lat' dir='ltr'><strong>Supersunt</strong></span> <span class='ocrx_word' id='word_1_135' title='bbox 777 2030 903 2096; x_wconf 88' lang='lat' dir='ltr'><strong>duo</strong></span> <span class='ocrx_word' id='word_1_136' title='bbox 966 2028 1240 2097; x_wconf 85' lang='lat' dir='ltr'><strong>scholia:</strong></span> <span class='ocrx_word' id='word_1_137' title='bbox 1309 2029 1392 2094; x_wconf 84' lang='lat'><strong>13</strong></span> <span class='ocrx_word' id='word_1_138' title='bbox 1418 2029 1513 2110; x_wconf 90' lang='lat' dir='ltr'><strong>(l)</strong></span> <span class='ocrx_word' id='word_1_139' title='bbox 1580 2028 1831 2106; x_wconf 82' lang='lat' dir='ltr'><strong>„Pace”</strong></span> <span class='ocrx_word' id='word_1_140' title='bbox 1881 2034 1996 2094; x_wconf 84' lang='lat' dir='ltr'><strong>aut</strong></span> <span class='ocrx_word' id='word_1_141' title='bbox 2039 2035 2327 2116; x_wconf 83' lang='lat' dir='ltr'><strong>gratia</strong></span> <span class='ocrx_word' id='word_1_142' title='bbox 2374 2037 2488 2098; x_wconf 87' lang='lat' dir='ltr'><strong>aut</strong></span> <span class='ocrx_word' id='word_1_143' title='bbox 2532 2055 2655 2100; x_wconf 80' lang='lat' dir='ltr'><strong>vo·</strong></span> 
     </span>
     <span class='ocr_line' id='line_1_17' title="bbox 260 2134 2559 2222; baseline 0 -17"><span class='ocrx_word' id='word_1_144' title='bbox 260 2139 606 2206; x_wconf 86' lang='lat' dir='ltr'><strong>luntate</strong></span> <span class='ocrx_word' id='word_1_145' title='bbox 673 2138 790 2218; x_wconf 66' lang='grc' dir='ltr'><strong>(οἳ.</strong></span> <span class='ocrx_word' id='word_1_146' title='bbox 856 2138 1016 2202; x_wconf 89' lang='lat' dir='ltr'><strong>Don.</strong></span> <span class='ocrx_word' id='word_1_147' title='bbox 1081 2136 1158 2202; x_wconf 86' lang='lat' dir='ltr'><strong>ad</strong></span> <span class='ocrx_word' id='word_1_148' title='bbox 1224 2138 1379 2201; x_wconf 86' lang='lat' dir='ltr'><strong>Aen.</strong></span> <span class='ocrx_word' id='word_1_149' title='bbox 1449 2134 1554 2199; x_wconf 87' lang='lat'><strong>10.</strong></span> <span class='ocrx_word' id='word_1_150' title='bbox 1585 2135 1721 2213; x_wconf 87' lang='lat'>31),</span> <span class='ocrx_word' id='word_1_151' title='bbox 1783 2138 1876 2218; x_wconf 91' lang='lat' dir='ltr'><strong>[et</strong></span> <span class='ocrx_word' id='word_1_152' title='bbox 1936 2136 2112 2202; x_wconf 89' lang='lat' dir='ltr'><strong>deest</strong></span> <span class='ocrx_word' id='word_1_153' title='bbox 2180 2137 2445 2222; x_wconf 90' lang='lat' dir='ltr'><strong>‚,cum&#39;&#39;]</strong></span> <span class='ocrx_word' id='word_1_154' title='bbox 2494 2139 2559 2220; x_wconf 91' lang='lat'><strong>¹).</strong></span> 
     </span>
     <span class='ocr_line' id='line_1_18' title="bbox 269 2243 2655 2329; baseline 0 -18"><span class='ocrx_word' id='word_1_155' title='bbox 269 2245 354 2311; x_wconf 87' lang='lat'><strong>13</strong></span> <span class='ocrx_word' id='word_1_156' title='bbox 381 2244 478 2326; x_wconf 90' lang='lat'><strong>(4)</strong></span> <span class='ocrx_word' id='word_1_157' title='bbox 540 2244 625 2309; x_wconf 78' lang='lat' dir='ltr'><strong>Et</strong></span> <span class='ocrx_word' id='word_1_158' title='bbox 687 2243 1040 2321; x_wconf 81' lang='lat' dir='ltr'><strong>invidiose,</strong></span> <span class='ocrx_word' id='word_1_159' title='bbox 1101 2244 1284 2329; x_wconf 87' lang='lat' dir='ltr'><strong>quasi</strong></span> <span class='ocrx_word' id='word_1_160' title='bbox 1347 2263 1458 2327; x_wconf 91' lang='lat' dir='ltr'><strong>per</strong></span> <span class='ocrx_word' id='word_1_161' title='bbox 1518 2262 1670 2307; x_wconf 91' lang='lat' dir='ltr'><strong>eum</strong></span> <span class='ocrx_word' id='word_1_162' title='bbox 1732 2263 1846 2306; x_wconf 87' lang='lat' dir='ltr'><strong>nec</strong></span> <span class='ocrx_word' id='word_1_163' title='bbox 1906 2245 2189 2328; x_wconf 90' lang='lat' dir='ltr'><strong>accipere</strong></span> <span class='ocrx_word' id='word_1_164' title='bbox 2254 2243 2442 2310; x_wconf 88' lang='lat' dir='ltr'><strong>liceat</strong></span> <span class='ocrx_word' id='word_1_165' title='bbox 2493 2245 2655 2313; x_wconf 89' lang='lat' dir='ltr'><strong>dona</strong></span> 
     </span>
     <span class='ocr_line' id='line_1_19' title="bbox 261 2347 1926 2433; baseline -0.002 -16"><span class='ocrx_word' id='word_1_166' title='bbox 261 2350 598 2417; x_wconf 79' lang='lat' dir='ltr'><strong>Thaidem.</strong></span> <span class='ocrx_word' id='word_1_167' title='bbox 760 2349 937 2416; x_wconf 86' lang='lat' dir='ltr'><strong>Haec</strong></span> <span class='ocrx_word' id='word_1_168' title='bbox 982 2349 1233 2415; x_wconf 86' lang='lat' dir='ltr'><strong>Donato</strong></span> <span class='ocrx_word' id='word_1_169' title='bbox 1283 2347 1700 2433; x_wconf 88' lang='lat' dir='ltr'><strong>relinquenda</strong></span> <span class='ocrx_word' id='word_1_170' title='bbox 1746 2353 1926 2433; x_wconf 84' lang='lat' dir='ltr'><strong>pute.</strong></span> 
     </span>
    </p>

    <p class='ocr_par' dir='ltr' id='par_1_7' title="bbox 258 2453 2653 2866">
     <span class='ocr_line' id='line_1_20' title="bbox 352 2453 2653 2545; baseline 0 -22"><span class='ocrx_word' id='word_1_171' title='bbox 352 2458 569 2545; x_wconf 81' lang='lat' dir='ltr'><strong>Igitur</strong></span> <span class='ocrx_word' id='word_1_172' title='bbox 626 2456 706 2521; x_wconf 89' lang='lat' dir='ltr'><strong>ad</strong></span> <span class='ocrx_word' id='word_1_173' title='bbox 759 2454 841 2520; x_wconf 86' lang='lat'><strong>13</strong></span> <span class='ocrx_word' id='word_1_174' title='bbox 904 2456 1134 2521; x_wconf 84' lang='lat' dir='ltr'><strong>Editor</strong></span> <span class='ocrx_word' id='word_1_175' title='bbox 1181 2461 1326 2541; x_wconf 89' lang='lat' dir='ltr'><strong>post</strong></span> <span class='ocrx_word' id='word_1_176' title='bbox 1369 2453 1522 2519; x_wconf 92' lang='lat' dir='ltr'><strong>belli</strong></span> <span class='ocrx_word' id='word_1_177' title='bbox 1569 2457 1961 2520; x_wconf 90' lang='lat' dir='ltr'><strong>mentionem</strong></span> <span class='ocrx_word' id='word_1_178' title='bbox 2009 2457 2076 2519; x_wconf 89' lang='lat' dir='ltr'><strong>in</strong></span> <span class='ocrx_word' id='word_1_179' title='bbox 2123 2455 2218 2537; x_wconf 82' lang='lat'><strong>(2)</strong></span> <span class='ocrx_word' id='word_1_180' title='bbox 2265 2457 2491 2523; x_wconf 81' lang='lat' dir='ltr'><strong>intulit</strong></span> <span class='ocrx_word' id='word_1_181' title='bbox 2537 2457 2653 2540; x_wconf 87' lang='lat'><strong>(3),</strong></span> 
     </span>
     <span class='ocr_line' id='line_1_21' title="bbox 259 2561 2653 2649; baseline 0.001 -18"><span class='ocrx_word' id='word_1_182' title='bbox 259 2566 343 2632; x_wconf 84' lang='lat' dir='ltr'><strong>ad</strong></span> <span class='ocrx_word' id='word_1_183' title='bbox 411 2565 493 2629; x_wconf 88' lang='lat'><strong>14</strong></span> <span class='ocrx_word' id='word_1_184' title='bbox 555 2586 749 2630; x_wconf 90' lang='lat' dir='ltr'><strong>suum</strong></span> <span class='ocrx_word' id='word_1_185' title='bbox 813 2564 889 2629; x_wconf 86' lang='lat' dir='ltr'><strong>de</strong></span> <span class='ocrx_word' id='word_1_186' title='bbox 950 2565 1468 2649; x_wconf 87' lang='lat' dir='ltr'><strong>pronuntiatione</strong></span> <span class='ocrx_word' id='word_1_187' title='bbox 1531 2561 1627 2642; x_wconf 85' lang='lat'><strong>(3)</strong></span> <span class='ocrx_word' id='word_1_188' title='bbox 1692 2568 1839 2627; x_wconf 87' lang='lat' dir='ltr'><strong>ante</strong></span> <span class='ocrx_word' id='word_1_189' title='bbox 1901 2561 2262 2628; x_wconf 86' lang='lat' dir='ltr'><strong>Donateum</strong></span> <span class='ocrx_word' id='word_1_190' title='bbox 2310 2566 2386 2631; x_wconf 90' lang='lat' dir='ltr'><strong>de</strong></span> <span class='ocrx_word' id='word_1_191' title='bbox 2435 2566 2653 2632; x_wconf 89' lang='lat' dir='ltr'><strong>eadem</strong></span> 
     </span>
     <span class='ocr_line' id='line_1_22' title="bbox 258 2666 2650 2755; baseline 0 -16"><span class='ocrx_word' id='word_1_192' title='bbox 258 2694 353 2739; x_wconf 86' lang='lat' dir='ltr'><strong>re.</strong></span> <span class='ocrx_word' id='word_1_193' title='bbox 493 2671 788 2737; x_wconf 82' lang='lat' dir='ltr'><strong>Tertium</strong></span> <span class='ocrx_word' id='word_1_194' title='bbox 858 2671 936 2735; x_wconf 89' lang='lat' dir='ltr'><strong>de</strong></span> <span class='ocrx_word' id='word_1_195' title='bbox 1005 2671 1524 2755; x_wconf 86' lang='lat' dir='ltr'><strong>pronuntiatione</strong></span> <span class='ocrx_word' id='word_1_196' title='bbox 1594 2666 1995 2753; x_wconf 85' lang='lat' dir='ltr'><strong>Gompilator</strong></span> <span class='ocrx_word' id='word_1_197' title='bbox 2058 2669 2313 2737; x_wconf 82' lang='lat' dir='ltr'><strong>aliunde</strong></span> <span class='ocrx_word' id='word_1_198' title='bbox 2383 2672 2650 2739; x_wconf 89' lang='lat' dir='ltr'><strong>allatum</strong></span> 
     </span>
     <span class='ocr_line' id='line_1_23' title="bbox 261 2774 1433 2866; baseline -0.004 -21"><span class='ocrx_word' id='word_1_199' title='bbox 261 2778 710 2866; x_wconf 83' lang='lat' dir='ltr'><strong>negligentius</strong></span> <span class='ocrx_word' id='word_1_200' title='bbox 755 2778 964 2862; x_wconf 91' lang='lat' dir='ltr'><strong>primo</strong></span> <span class='ocrx_word' id='word_1_201' title='bbox 1006 2774 1149 2841; x_wconf 90' lang='lat' dir='ltr'><strong>loco</strong></span> <span class='ocrx_word' id='word_1_202' title='bbox 1198 2777 1433 2862; x_wconf 82' lang='lat' dir='ltr'><strong>posuit.</strong></span> 
     </span>
    </p>

    <p class='ocr_par' dir='ltr' id='par_1_8' title="bbox 360 2882 822 2971">
     <span class='ocr_line' id='line_1_24' title="bbox 360 2882 822 2971; baseline -0.004 -21"><span class='ocrx_word' id='word_1_203' title='bbox 360 2884 520 2950; x_wconf 90' lang='lat' dir='ltr'><strong>Ibid.</strong></span> <span class='ocrx_word' id='word_1_204' title='bbox 575 2882 658 2950; x_wconf 82' lang='lat'><strong>17</strong></span> <span class='ocrx_word' id='word_1_205' title='bbox 686 2905 822 2971; x_wconf 86' lang='lat' dir='ltr'><strong>sqq.</strong></span> 
     </span>
    </p>

    <p class='ocr_par' dir='ltr' id='par_1_9' title="bbox 361 2988 2434 3075">
     <span class='ocr_line' id='line_1_25' title="bbox 361 2988 2434 3075; baseline 0 -17"><span class='ocrx_word' id='word_1_206' title='bbox 361 2993 488 3058; x_wconf 91' lang='lat' dir='ltr'><strong>Pa.</strong></span> <span class='ocrx_word' id='word_1_207' title='bbox 537 2990 815 3056; x_wconf 88' lang='lat' dir='ltr'><strong>Procede</strong></span> <span class='ocrx_word' id='word_1_208' title='bbox 863 2996 937 3055; x_wconf 90' lang='lat' dir='ltr'><strong>tu</strong></span> <span class='ocrx_word' id='word_1_209' title='bbox 985 2991 1141 3055; x_wconf 88' lang='lat' dir='ltr'><strong>huc:</strong></span> <span class='ocrx_word' id='word_1_210' title='bbox 1193 2988 1291 3054; x_wconf 85' lang='lat' dir='ltr'><strong>Ex</strong></span> <span class='ocrx_word' id='word_1_211' title='bbox 1341 2989 1685 3074; x_wconf 84' lang='lat' dir='ltr'><strong>Aethiopia</strong></span> <span class='ocrx_word' id='word_1_212' title='bbox 1732 2993 1830 3054; x_wconf 85' lang='lat' dir='ltr'><strong>est</strong></span> <span class='ocrx_word' id='word_1_213' title='bbox 1875 3010 2077 3075; x_wconf 88' lang='lat' dir='ltr'><strong>usque</strong></span> <span class='ocrx_word' id='word_1_214' title='bbox 2125 2990 2279 3057; x_wconf 86' lang='lat' dir='ltr'><strong>haec</strong></span> <span class='ocrx_word' id='word_1_215' title='bbox 2328 3042 2342 3057; x_wconf 99' lang='lat'><strong>.</strong></span> <span class='ocrx_word' id='word_1_216' title='bbox 2375 3041 2388 3057; x_wconf 89' lang='lat'><strong>.</strong></span> <span class='ocrx_word' id='word_1_217' title='bbox 2420 3040 2434 3058; x_wconf 93' lang='lat'><strong>.</strong></span> 
     </span>
    </p>

    <p class='ocr_par' dir='ltr' id='par_1_10' title="bbox 546 3093 2325 3178">
     <span class='ocr_line' id='line_1_26' title="bbox 546 3093 2325 3178; baseline -0.003 -15"><span class='ocrx_word' id='word_1_218' title='bbox 546 3096 674 3163; x_wconf 88' lang='lat' dir='ltr'><strong>Ubi</strong></span> <span class='ocrx_word' id='word_1_219' title='bbox 719 3103 793 3161; x_wconf 87' lang='lat' dir='ltr'><strong>tu</strong></span> <span class='ocrx_word' id='word_1_220' title='bbox 841 3117 938 3173; x_wconf 91' lang='lat' dir='ltr'><strong>es,</strong></span> <span class='ocrx_word' id='word_1_221' title='bbox 989 3093 1196 3162; x_wconf 80' lang='lat' dir='ltr'><strong>Dore?</strong></span> <span class='ocrx_word' id='word_1_222' title='bbox 1245 3094 1468 3161; x_wconf 89' lang='lat' dir='ltr'><strong>accede</strong></span> <span class='ocrx_word' id='word_1_223' title='bbox 1515 3096 1662 3160; x_wconf 92' lang='lat' dir='ltr'><strong>huc.</strong></span> <span class='ocrx_word' id='word_1_224' title='bbox 2318 3172 2325 3178; x_wconf 22' lang='grc' dir='ltr'>ι</span> 
     </span>
    </p>

    <p class='ocr_par' dir='ltr' id='par_1_11' title="bbox 263 3201 2662 3716">
     <span class='ocr_line' id='line_1_27' title="bbox 367 3201 2659 3288; baseline 0.001 -19"><span class='ocrx_word' id='word_1_225' title='bbox 367 3201 452 3270; x_wconf 87' lang='grc'><strong>17</strong></span> <span class='ocrx_word' id='word_1_226' title='bbox 479 3204 574 3285; x_wconf 91' lang='grc'><strong>(1)</strong></span> <span class='ocrx_word' id='word_1_227' title='bbox 644 3202 812 3268; x_wconf 89' lang='lat' dir='ltr'><strong>Bene</strong></span> <span class='ocrx_word' id='word_1_228' title='bbox 876 3202 1229 3288; x_wconf 86' lang='lat' dir='ltr'><strong>„procede”</strong></span> <span class='ocrx_word' id='word_1_229' title='bbox 1291 3202 1458 3266; x_wconf 84' lang='lat' dir='ltr'><strong>dixit</strong></span> <span class='ocrx_word' id='word_1_230' title='bbox 1519 3201 2016 3279; x_wconf 84' lang='lat' dir='ltr'><strong>non-„accede”</strong></span> <span class='ocrx_word' id='word_1_231' title='bbox 2086 3210 2199 3268; x_wconf 89' lang='lat' dir='ltr'><strong>aut</strong></span> <span class='ocrx_word' id='word_1_232' title='bbox 2261 3205 2519 3286; x_wconf 85' lang='lat' dir='ltr'><strong>„veni”,</strong></span> <span class='ocrx_word' id='word_1_233' title='bbox 2584 3212 2659 3272; x_wconf 92' lang='lat' dir='ltr'><strong>ut</strong></span> 
     </span>
     <span class='ocr_line' id='line_1_28' title="bbox 266 3306 2659 3399; baseline 0.001 -22"><span class='ocrx_word' id='word_1_234' title='bbox 266 3316 570 3397; x_wconf 82' lang='lat' dir='ltr'><strong>appareat</strong></span> <span class='ocrx_word' id='word_1_235' title='bbox 633 3308 916 3395; x_wconf 84' lang='lat' dir='ltr'><strong>dignitas</strong></span> <span class='ocrx_word' id='word_1_236' title='bbox 979 3311 1176 3374; x_wconf 85' lang='lat' dir='ltr'><strong>etiam</strong></span> <span class='ocrx_word' id='word_1_237' title='bbox 1238 3309 1308 3371; x_wconf 88' lang='lat' dir='ltr'><strong>in</strong></span> <span class='ocrx_word' id='word_1_238' title='bbox 1368 3310 1639 3373; x_wconf 89' lang='lat' dir='ltr'><strong>incessu.</strong></span> <span class='ocrx_word' id='word_1_239' title='bbox 1755 3306 1917 3371; x_wconf 82' lang='lat' dir='ltr'><strong>Ecce</strong></span> <span class='ocrx_word' id='word_1_240' title='bbox 1974 3312 2331 3393; x_wconf 82' lang='lat' dir='ltr'><strong>genuinum</strong></span> <span class='ocrx_word' id='word_1_241' title='bbox 2378 3311 2659 3399; x_wconf 86' lang='lat' dir='ltr'><strong>Interpo-</strong></span> 
     </span>
     <span class='ocr_line' id='line_1_29' title="bbox 263 3413 2659 3506; baseline 0.001 -23"><span class='ocrx_word' id='word_1_242' title='bbox 263 3417 493 3483; x_wconf 88' lang='lat' dir='ltr'><strong>latoris</strong></span> <span class='ocrx_word' id='word_1_243' title='bbox 551 3419 928 3480; x_wconf 81' lang='lat' dir='ltr'><strong>inventum:</strong></span> <span class='ocrx_word' id='word_1_244' title='bbox 999 3413 1281 3479; x_wconf 78' lang='lat' dir='ltr'><strong>ridicula</strong></span> <span class='ocrx_word' id='word_1_245' title='bbox 1334 3422 1432 3478; x_wconf 86' lang='lat' dir='ltr'><strong>est</strong></span> <span class='ocrx_word' id='word_1_246' title='bbox 1494 3414 1781 3499; x_wconf 84' lang='lat' dir='ltr'><strong>dignitas</strong></span> <span class='ocrx_word' id='word_1_247' title='bbox 1840 3413 1957 3479; x_wconf 90' lang='lat' dir='ltr'><strong>illa</strong></span> <span class='ocrx_word' id='word_1_248' title='bbox 2013 3418 2297 3481; x_wconf 86' lang='lat' dir='ltr'><strong>incessus</strong></span> <span class='ocrx_word' id='word_1_249' title='bbox 2356 3419 2423 3481; x_wconf 87' lang='lat' dir='ltr'><strong>in</strong></span> <span class='ocrx_word' id='word_1_250' title='bbox 2484 3423 2659 3506; x_wconf 89' lang='lat' dir='ltr'><strong>turpi</strong></span> 
     </span>
     <span class='ocr_line' id='line_1_30' title="bbox 265 3520 2662 3610; baseline 0.001 -20"><span class='ocrx_word' id='word_1_251' title='bbox 265 3526 584 3610; x_wconf 83' lang='lat' dir='ltr'><strong>nigraque</strong></span> <span class='ocrx_word' id='word_1_252' title='bbox 650 3520 903 3608; x_wconf 88' lang='lat' dir='ltr'><strong>puella,</strong></span> <span class='ocrx_word' id='word_1_253' title='bbox 975 3526 1040 3586; x_wconf 89' lang='lat' dir='ltr'><strong>et</strong></span> <span class='ocrx_word' id='word_1_254' title='bbox 1109 3522 1328 3606; x_wconf 87' lang='lat' dir='ltr'><strong>inepta</strong></span> <span class='ocrx_word' id='word_1_255' title='bbox 1383 3526 1478 3585; x_wconf 88' lang='lat' dir='ltr'><strong>est</strong></span> <span class='ocrx_word' id='word_1_256' title='bbox 1545 3520 1887 3585; x_wconf 86' lang='lat' dir='ltr'><strong>antithesis</strong></span> <span class='ocrx_word' id='word_1_257' title='bbox 1954 3522 2284 3602; x_wconf 89' lang='lat' dir='ltr'><strong>,‚accede&#39;&#39;,</strong></span> <span class='ocrx_word' id='word_1_258' title='bbox 2348 3546 2497 3589; x_wconf 91' lang='lat' dir='ltr'><strong>cum</strong></span> <span class='ocrx_word' id='word_1_259' title='bbox 2543 3528 2662 3592; x_wconf 93' lang='lat' dir='ltr'><strong>hoc</strong></span> 
     </span>
     <span class='ocr_line' id='line_1_31' title="bbox 266 3624 2372 3716; baseline -0.001 -20"><span class='ocrx_word' id='word_1_260' title='bbox 266 3633 410 3716; x_wconf 85' lang='lat' dir='ltr'><strong>ipso</strong></span> <span class='ocrx_word' id='word_1_261' title='bbox 457 3629 651 3694; x_wconf 88' lang='lat' dir='ltr'><strong>verbo</strong></span> <span class='ocrx_word' id='word_1_262' title='bbox 696 3632 922 3693; x_wconf 86' lang='lat' dir='ltr'><strong>utatur</strong></span> <span class='ocrx_word' id='word_1_263' title='bbox 969 3632 1154 3712; x_wconf 88' lang='lat' dir='ltr'><strong>poeta</strong></span> <span class='ocrx_word' id='word_1_264' title='bbox 1201 3626 1278 3692; x_wconf 89' lang='lat' dir='ltr'><strong>de</strong></span> <span class='ocrx_word' id='word_1_265' title='bbox 1325 3626 1490 3691; x_wconf 89' lang='lat' dir='ltr'><strong>dono</strong></span> <span class='ocrx_word' id='word_1_266' title='bbox 1537 3624 1903 3711; x_wconf 89' lang='lat' dir='ltr'><strong>pulchriore</strong></span> <span class='ocrx_word' id='word_1_267' title='bbox 1952 3634 2017 3692; x_wconf 90' lang='lat' dir='ltr'><strong>et</strong></span> <span class='ocrx_word' id='word_1_268' title='bbox 2064 3628 2372 3714; x_wconf 84' lang='lat' dir='ltr'><strong>digniore.</strong></span> 
     </span>
    </p>

    <p class='ocr_par' dir='ltr' id='par_1_12' title="bbox 268 3733 2665 4245">
     <span class='ocr_line' id='line_1_32' title="bbox 369 3733 2660 3822; baseline 0.001 -22"><span class='ocrx_word' id='word_1_269' title='bbox 369 3735 466 3817; x_wconf 79' lang='lat'><strong>(2)</strong></span> <span class='ocrx_word' id='word_1_270' title='bbox 511 3735 598 3800; x_wconf 82' lang='lat' dir='ltr'><strong>Et</strong></span> <span class='ocrx_word' id='word_1_271' title='bbox 642 3733 873 3800; x_wconf 90' lang='lat' dir='ltr'><strong>callide</strong></span> <span class='ocrx_word' id='word_1_272' title='bbox 919 3734 997 3799; x_wconf 92' lang='lat' dir='ltr'><strong>ab</strong></span> <span class='ocrx_word' id='word_1_273' title='bbox 1043 3734 1343 3800; x_wconf 88' lang='lat' dir='ltr'><strong>inferiore</strong></span> <span class='ocrx_word' id='word_1_274' title='bbox 1389 3734 1622 3818; x_wconf 85' lang='lat' dir='ltr'><strong>incipit</strong></span> <span class='ocrx_word' id='word_1_275' title='bbox 1667 3753 1965 3811; x_wconf 89' lang='lat' dir='ltr'><strong>munere,</strong></span> <span class='ocrx_word' id='word_1_276' title='bbox 2014 3734 2133 3799; x_wconf 91' lang='lat' dir='ltr'><strong>hoc</strong></span> <span class='ocrx_word' id='word_1_277' title='bbox 2186 3742 2285 3800; x_wconf 90' lang='lat' dir='ltr'><strong>est</strong></span> <span class='ocrx_word' id='word_1_278' title='bbox 2330 3758 2367 3801; x_wconf 84' lang='lat' dir='ltr'><strong>a</strong></span> <span class='ocrx_word' id='word_1_279' title='bbox 2412 3736 2660 3822; x_wconf 88' lang='lat' dir='ltr'><strong>puella,</strong></span> 
     </span>
     <span class='ocr_line' id='line_1_33' title="bbox 270 3838 2664 3928; baseline 0 -20"><span class='ocrx_word' id='word_1_280' title='bbox 270 3842 348 3909; x_wconf 88' lang='lat' dir='ltr'><strong>ad</strong></span> <span class='ocrx_word' id='word_1_281' title='bbox 411 3839 758 3908; x_wconf 85' lang='lat' dir='ltr'><strong>Chaeream</strong></span> <span class='ocrx_word' id='word_1_282' title='bbox 808 3846 1158 3919; x_wconf 76' lang='lat' dir='ltr'><strong>venturae,</strong></span> <span class='ocrx_word' id='word_1_283' title='bbox 1209 3838 1408 3904; x_wconf 90' lang='lat' dir='ltr'><strong>simul</strong></span> <span class='ocrx_word' id='word_1_284' title='bbox 1453 3845 1530 3903; x_wconf 90' lang='lat' dir='ltr'><strong>ut</strong></span> <span class='ocrx_word' id='word_1_285' title='bbox 1576 3860 1612 3904; x_wconf 90' lang='lat' dir='ltr'><strong>a</strong></span> <span class='ocrx_word' id='word_1_286' title='bbox 1660 3848 1811 3905; x_wconf 80' lang='lat' dir='ltr'><strong>ver‘o</strong></span> <span class='ocrx_word' id='word_1_287' title='bbox 1858 3842 2177 3925; x_wconf 87' lang='lat' dir='ltr'><strong>mancipio</strong></span> <span class='ocrx_word' id='word_1_288' title='bbox 2224 3844 2535 3928; x_wconf 87' lang='lat' dir='ltr'><strong>incipiens</strong></span> <span class='ocrx_word' id='word_1_289' title='bbox 2584 3844 2664 3909; x_wconf 89' lang='lat' dir='ltr'><strong>ad</strong></span> 
     </span>
     <span class='ocr_line' id='line_1_34' title="bbox 269 3944 2663 4032; baseline 0.001 -17"><span class='ocrx_word' id='word_1_290' title='bbox 269 3948 512 4015; x_wconf 84' lang='lat' dir='ltr'><strong>falsum</strong></span> <span class='ocrx_word' id='word_1_291' title='bbox 573 3950 712 4012; x_wconf 87' lang='lat' dir='ltr'><strong>sine</strong></span> <span class='ocrx_word' id='word_1_292' title='bbox 771 3948 1128 4032; x_wconf 86' lang='lat' dir='ltr'><strong>suspicione</strong></span> <span class='ocrx_word' id='word_1_293' title='bbox 1179 3948 1499 4011; x_wconf 86' lang='lat' dir='ltr'><strong>transiret.</strong></span> <span class='ocrx_word' id='word_1_294' title='bbox 1647 3944 1731 4010; x_wconf 87' lang='grc'><strong>18</strong></span> <span class='ocrx_word' id='word_1_295' title='bbox 1756 3946 1853 4026; x_wconf 89' lang='grc'><strong>(6)</strong></span> <span class='ocrx_word' id='word_1_296' title='bbox 1899 3946 1984 4011; x_wconf 83' lang='lat' dir='ltr'><strong>Et</strong></span> <span class='ocrx_word' id='word_1_297' title='bbox 2030 3949 2193 4012; x_wconf 91' lang='lat' dir='ltr'><strong>mire</strong></span> <span class='ocrx_word' id='word_1_298' title='bbox 2242 3950 2319 4012; x_wconf 85' lang='lat' dir='ltr'><strong>ab</strong></span> <span class='ocrx_word' id='word_1_299' title='bbox 2365 3950 2663 4018; x_wconf 84' lang='lat' dir='ltr'><strong>inferiore</strong></span> 
     </span>
     <span class='ocr_line' id='line_1_35' title="bbox 271 4050 2665 4140; baseline 0.001 -19"><span class='ocrx_word' id='word_1_300' title='bbox 271 4056 521 4140; x_wconf 88' lang='lat' dir='ltr'><strong>coepit,</strong></span> <span class='ocrx_word' id='word_1_301' title='bbox 571 4058 647 4117; x_wconf 88' lang='lat' dir='ltr'><strong>ut</strong></span> <span class='ocrx_word' id='word_1_302' title='bbox 693 4052 951 4130; x_wconf 77' lang='grc' dir='ltr'><strong><em>αὔξησιν</em></strong></span> <span class='ocrx_word' id='word_1_303' title='bbox 998 4052 1148 4117; x_wconf 90' lang='lat' dir='ltr'><strong>doni</strong></span> <span class='ocrx_word' id='word_1_304' title='bbox 1195 4052 1429 4118; x_wconf 85' lang='lat' dir='ltr'><strong>faceret</strong></span> <span class='ocrx_word' id='word_1_305' title='bbox 1469 4054 1535 4115; x_wconf 93' lang='lat' dir='ltr'><strong>in</strong></span> <span class='ocrx_word' id='word_1_306' title='bbox 1577 4050 1892 4129; x_wconf 88' lang='lat' dir='ltr'><strong>Chaerea,</strong></span> <span class='ocrx_word' id='word_1_307' title='bbox 1935 4058 1999 4117; x_wconf 89' lang='lat' dir='ltr'><strong>et</strong></span> <span class='ocrx_word' id='word_1_308' title='bbox 2037 4056 2213 4139; x_wconf 86' lang='lat' dir='ltr'><strong>turpi</strong></span> <span class='ocrx_word' id='word_1_309' title='bbox 2252 4056 2665 4140; x_wconf 88' lang='lat' dir='ltr'><strong>praecedente</strong></span> 
     </span>
     <span class='ocr_line' id='line_1_36' title="bbox 268 4156 2129 4245; baseline -0.004 -17"><span class='ocrx_word' id='word_1_310' title='bbox 268 4161 666 4228; x_wconf 88' lang='lat' dir='ltr'><strong>lenocinium</strong></span> <span class='ocrx_word' id='word_1_311' title='bbox 715 4165 1045 4245; x_wconf 88' lang='lat' dir='ltr'><strong>comparat</strong></span> <span class='ocrx_word' id='word_1_312' title='bbox 1091 4165 1390 4225; x_wconf 85' lang='lat' dir='ltr'><strong>secuturo</strong></span> <span class='ocrx_word' id='word_1_313' title='bbox 1438 4156 1729 4244; x_wconf 87' lang='lat' dir='ltr'><strong>pulchre.</strong></span> <span class='ocrx_word' id='word_1_314' title='bbox 2122 4158 2129 4165; x_wconf 76' lang='grc'>’</span> 
     </span>
    </p>

    <p class='ocr_par' dir='ltr' id='par_1_13' title="bbox 367 4263 2666 4357">
     <span class='ocr_line' id='line_1_37' title="bbox 367 4263 2666 4357; baseline 0.001 -24"><span class='ocrx_word' id='word_1_315' title='bbox 367 4266 725 4333; x_wconf 80' lang='lat' dir='ltr'><strong>Exordium</strong></span> <span class='ocrx_word' id='word_1_316' title='bbox 786 4263 1036 4345; x_wconf 86' lang='lat' dir='ltr'><strong>simile,</strong></span> <span class='ocrx_word' id='word_1_317' title='bbox 1093 4272 1302 4331; x_wconf 85' lang='lat' dir='ltr'><strong>cetera</strong></span> <span class='ocrx_word' id='word_1_318' title='bbox 1350 4266 1622 4332; x_wconf 82' lang='lat' dir='ltr'><strong>diversa.</strong></span> <span class='ocrx_word' id='word_1_319' title='bbox 1684 4263 1757 4329; x_wconf 90' lang='lat' dir='ltr'><strong>In</strong></span> <span class='ocrx_word' id='word_1_320' title='bbox 1804 4264 1901 4347; x_wconf 89' lang='lat'><strong>(6)</strong></span> <span class='ocrx_word' id='word_1_321' title='bbox 1948 4264 2203 4343; x_wconf 77' lang='grc' dir='ltr'><strong><em>αὔξησις</em></strong></span> <span class='ocrx_word' id='word_1_322' title='bbox 2254 4267 2360 4349; x_wconf 88' lang='lat' dir='ltr'><strong>fit,</strong></span> <span class='ocrx_word' id='word_1_323' title='bbox 2411 4275 2487 4334; x_wconf 91' lang='lat' dir='ltr'><strong>ut</strong></span> <span class='ocrx_word' id='word_1_324' title='bbox 2525 4271 2666 4357; x_wconf 91' lang='lat' dir='ltr'><strong>pul-</strong></span> 
     </span>
    </p>
   </div>
   <div class='ocr_carea' id='block_1_5' title="bbox 275 4420 674 4434">
    <p class='ocr_par' dir='ltr' id='par_1_14' title="bbox 275 4420 674 4434">
     <span class='ocr_line' id='line_1_38' title="bbox 275 4420 674 4434; baseline 0 651"><span class='ocrx_word' id='word_1_325' title='bbox 275 4420 674 4434; x_wconf 95' lang='lat' dir='ltr'><strong> </strong></span> 
     </span>
    </p>
   </div>
   <div class='ocr_carea' id='block_1_6' title="bbox 343 4494 908 4565">
    <p class='ocr_par' dir='ltr' id='par_1_15' title="bbox 343 4494 908 4565">
     <span class='ocr_line' id='line_1_39' title="bbox 343 4494 908 4565; baseline -0.009 -16"><span class='ocrx_word' id='word_1_326' title='bbox 343 4498 400 4565; x_wconf 92' lang='lat'><strong>1)</strong></span> <span class='ocrx_word' id='word_1_327' title='bbox 432 4496 632 4548; x_wconf 79' lang='lat' dir='ltr'><strong>Addidit</strong></span> <span class='ocrx_word' id='word_1_328' title='bbox 663 4494 908 4561; x_wconf 75' lang='lat' dir='ltr'><strong>magister.</strong></span> 
     </span>
    </p>
   </div>
  </div>
 </body>
</html>
