3246 5085
1249 362 1562 411 nonnus.
2512 341 2595 407 21

213 529 430 593 menti
489 527 906 593 manifestum
923 575 940 606 ,
1003 528 1114 593 sed
1175 534 1286 594 aut
1346 549 1548 592 unum
1610 525 2011 611 alterumque
2070 525 2439 610 exemplum
2499 547 2603 590 ex-

219 635 430 718 cerpti
479 633 790 698 brevioris
837 639 904 697 et
948 632 1276 698 deterioris
1325 654 1360 697 e
1405 631 1669 698 scholiis
1712 631 1950 697 Donati
1995 630 2202 716 plenis
2248 641 2313 696 ct
2356 630 2605 696 absolu-

217 741 345 816 tis,
413 743 528 803 aut
587 740 994 823 repetitiones
1048 741 1252 823 ipsius
1299 737 1572 822 Donati,
1621 742 1736 802 aut
1778 735 2301 822 interpolationes
2347 735 2606 800 editoris

213 843 249 908 Ι
266 843 326 908 P
385 848 450 907 et
513 843 800 908 eiusdem
847 842 952 908 vel
999 842 1271 908 aliorum
1316 845 1778 930 magistrorum
1824 845 2220 907 imitationes
2265 844 2603 906 tenuiores.

399 1076 538 1161 52.
601 1075 1018 1162 Excerpta
1078 1082 1157 1141 et
1218 1075 1709 1161 compendia
1768 1078 1849 1139 in
1911 1073 2308 1140 Eunucho
2368 1080 2448 1139 et

1149 1181 1673 1245 Phormione.

317 1381 617 1447 Alterum
684 1384 1143 1467 repetitionum
1204 1402 1410 1466 genus
1471 1382 1696 1447 brevia
1758 1380 2144 1446 scholiorum
2207 1379 2443 1445 Donati
2505 1400 2605 1443 ex-

225 1492 446 1572 cerpta
475 1477 486 1488 ⁰
511 1486 617 1552 vel
687 1486 1062 1572 compendia
1130 1507 1266 1550 esse
1334 1485 1620 1550 diximus
1680 1485 2080 1551 diversorum
2144 1491 2477 1549 auctorum
2540 1488 2606 1549 et

215 1594 416 1676 pretii
461 1591 719 1656 diversi.
1221 1601 1227 1606 '

313 1697 412 1760 Ab
474 1697 594 1760 hoc
648 1695 797 1760 inde
856 1694 995 1760 loco
1057 1716 1182 1759 non
1239 1697 1530 1760 omnium
1578 1693 1943 1758 fabularum
1989 1693 2262 1771 scholia,
2310 1693 2416 1758 sed
2462 1692 2603 1757 Eu-

218 1801 479 1864 nuchi
538 1807 790 1864 tantum
853 1806 919 1864 et
977 1798 1513 1864 Phormionis
1575 1819 1933 1884 persequar.
1994 1798 2068 1862 In
2126 1796 2306 1862 illius
2354 1796 2603 1862 fabulae

221 1905 483 1970 scholiis
529 1906 608 1970 ad
657 1904 688 1968 I
734 1911 800 1970 et
845 1904 909 1968 II
953 1906 1132 1998 nobis
1175 1905 1456 1990 proderit
1501 1903 1997 1970 Sabbadinii
2038 1907 2339 1980 recensio,
2379 1907 2448 1967 in
2485 1903 2603 1968 hac

217 2009 609 2094 peculiarem
671 2008 1062 2075 scholiorum
1127 2009 1559 2075 condicionem
1606 2009 1686 2073 ad
1731 2008 1793 2073 ΙΙ
1841 2008 2030 2073 3-V
2072 2013 2139 2072 in
2186 2029 2451 2074 examen
2499 2029 2604 2072 vo-

220 2135 364 2179 care
413 2135 639 2200 operae
688 2117 968 2199 pretium
1015 2117 1156 2181 erit.

313 2330 368 2395 E
389 2352 511 2397 nn.
574 2330 738 2417 prol.
805 2331 889 2397 10
914 2353 1006 2417 sq.
1073 2331 1148 2397 In
1208 2331 1331 2398 fine
1394 2332 1779 2418 amplissimi
1841 2332 2067 2399 scholii
2126 2332 2466 2398 Donatiani
2525 2330 2603 2396 ad

220 2457 318 2502 vs.
365 2435 451 2501 10
495 2437 652 2502 haec
694 2437 1040 2524 leguntur:
1090 2458 1250 2523 quae
1290 2444 1506 2504 contra
1543 2444 1839 2504 naturam
1879 2442 2167 2524 iurisque
2205 2436 2607 2504 consuetudi-

219 2562 372 2606 nem
434 2542 641 2627 posita
701 2550 1083 2629 argumenta
1146 2551 1322 2609 notat
1385 2542 1752 2622 Terentius,
1816 2545 1985 2630 quod
2040 2542 2151 2610 ille
2197 2544 2347 2610 ordo
2391 2546 2604 2628 potior

218 2658 391 2723 erat,
454 2653 531 2712 ut
591 2646 956 2713 adulescens
1001 2650 1174 2734 prior
1219 2656 1598 2734 proponeret
1646 2669 1898 2715 causam
1922 2698 1937 2727 ,
1986 2652 2099 2734 qui
2142 2652 2376 2734 petitor
2422 2648 2605 2712 indu-

219 2754 410 2815 citur.

310 2854 486 2921 Haec
545 2855 644 2921 IP
705 2857 785 2922 ad
847 2878 941 2922 vs.
994 2857 1074 2923 11
1125 2861 1215 2923 sic
1260 2858 1572 2924 reddidit:
1622 2858 1720 2939 (2)
1765 2859 1933 2923 Nam
1980 2879 2404 2943 possessorem
2449 2856 2602 2921 fecit

218 2963 502 3046 priorem
547 2982 735 3048 agere
784 2983 980 3046 quam
1026 2965 1399 3047 petitorem,
1462 2963 1633 3048 quod
1693 2965 1988 3028 abhorret
2049 2984 2086 3027 a
2146 2963 2600 3027 consuetudine

220 3072 286 3131 et
332 3069 495 3131 iuris
539 3073 604 3131 et
648 3066 892 3133 litium.
2260 3067 2323 3132 S.
2374 3088 2426 3132 c.
2461 3068 2508 3141 ¹)

310 3170 470 3236 Ibid.
536 3170 622 3237 27
649 3171 746 3251 (1)
809 3173 1197 3250 „Peccatum
1259 3172 1739 3257 imprudentia’'
1803 3174 1871 3238 id
1930 3180 2025 3239 est
2078 3174 2478 3259 ignorantia,
2526 3177 2601 3236 ut

223 3276 640 3362 „imprudens
701 3278 932 3343 harum
995 3277 1254 3343 rerum'’
1319 3284 1438 3358 (vs.
1497 3278 1690 3355 136):
1754 3300 1881 3343 non
1942 3280 2115 3343 enim
2164 3277 2464 3343 stultitia.

222 3381 318 3461 (3)
381 3381 858 3467 Ignorantiam,
921 3404 1048 3448 non
1111 3386 1503 3470 imperitiam
1566 3384 1935 3469 <significat
1950 3382 2045 3461 ?>.
2230 3381 2441 3448 Schol.
2504 3382 2609 3471 (1)

224 3488 457 3553 Donati
502 3494 600 3552 est
645 3509 793 3552 cum
838 3488 1273 3554 additamento
1323 3490 1584 3555 editoris
1632 3489 1765 3554 IP:
1820 3511 1987 3567 „non
2035 3492 2208 3554 enim
2255 3486 2602 3564 stultitia”,

222 3613 338 3677 pro
384 3613 510 3677 quo
560 3591 638 3657 D.
704 3592 979 3658 dedisset
1030 3615 1196 3671 „non
1243 3592 1433 3659 dolo
1479 3593 1761 3660 malo'’.
1945 3593 2043 3677 (3)
2089 3600 2461 3678 excerptum
2509 3597 2605 3657 est

221 3696 451 3763 scholii
497 3697 594 3777 (1)
643 3719 720 3762 ex
766 3699 1043 3764 editione
1088 3698 1188 3763 IP
1228 3700 1304 3779 ²).
2223 3698 2319 3781 (3)
2366 3698 2429 3763 S.
2456 3720 2508 3762 c.

314 3799 345 3864 I
391 3800 454 3865 2.
482 3800 568 3866 59
593 3802 689 3881 (2)
713 3801 809 3884 (3)
833 3802 949 3883 (4).
998 3803 1092 3868 De
1137 3804 1239 3868 his
1285 3808 1522 3888 postea.

289 4106 344 4167 1)
375 4106 424 4154 8.
460 4120 501 4154 c.
546 4126 595 4147 =
636 4103 888 4154 Sabbedini
922 4104 1110 4154 cui-eive
1142 4105 1308 4165 edidit,
1341 4106 1390 4155 h.
1426 4122 1467 4155 e.
1499 4122 1528 4155 a
1562 4106 1754 4157 Donato
1786 4106 2089 4157 abiudicavit.

284 4188 342 4251 2)
387 4186 678 4237 Huiusmodi
726 4190 946 4252 excerpta
995 4202 1050 4236 ex
1102 4187 1310 4237 editione
1354 4187 1449 4237 iam
1497 4188 1790 4254 interpolata
1832 4190 1890 4239 ab
1936 4190 1962 4239 1
1978 4191 2017 4240 P
2061 4192 2247 4240 stetisse
2290 4191 2514 4242 videntur
2549 4192 2600 4242 in

222 4267 436 4331 margine
480 4267 681 4317 alicuius
725 4268 950 4317 editioni·
997 4266 1283 4328 fabularum,
1334 4285 1430 4333 qua
1463 4286 1574 4319 usus
1606 4271 1670 4319 sit
1703 4271 2015 4337 compilator.
2051 4273 2152 4321 Nec
2186 4288 2279 4321 non
2318 4274 2492 4322 Donati
2526 4290 2604 4323 ex-

221 4352 384 4413 cerpta
424 4346 643 4398 breviora
691 4366 718 4398 e
761 4349 850 4399 tali
897 4350 1030 4399 fonte
1074 4350 1262 4402 fluxisse
1307 4350 1568 4401 verisimile
1611 4358 1698 4411 cst,
1733 4352 1883 4402 veluti
1916 4354 2042 4417 quod
2075 4354 2239 4403 statim
2272 4355 2487 4419 sequitur
2518 4356 2602 4405 ΙΙΙ

223 4430 270 4479 2.
291 4430 351 4479 18
375 4430 474 4494 (8).
