3246 5085
622 279 706 346 10
1660 293 1969 346 nonnus.

622 463 852 529 lator
899 465 1463 549 Praecipuus),
1526 463 1794 528 debetur
1840 468 2057 527 totum
2102 463 2234 528 fere
2278 462 2851 549 interpolationum
2898 484 3033 550 ge-

611 593 733 637 nus
795 571 964 656 quod
1017 591 1210 655 supra
1273 570 1575 655 descripsi
1628 570 1748 634 sub
1794 568 1889 633 III
1936 575 2001 634 et
2048 575 2372 654 praeterea
2418 591 2495 634 ex
2540 570 3027 642 additamento-

613 699 759 742 rum
809 698 1040 762 genere
1079 697 1150 741 ea
1193 697 1353 760 quae
1393 678 1777 761 exquisitam
1818 674 2105 760 aliquam
2145 675 2465 742 doctrinae
2506 679 3025 741 ostentationem

629 804 781 868 prae
844 803 911 847 se
971 783 1196 846 ferant.
1261 764 1484 866 ltaque
1531 783 1661 846 ta'm
1714 779 1927 866 ampla
1972 787 2035 846 et
2082 785 2381 847 continua
2426 781 2619 847 huius
2663 780 3027 867 Interpola-

627 891 783 953 toris
829 881 958 951 fuit
1003 905 1227 972 opera,
1284 893 1372 952 ut
1426 908 1609 952 eum
1664 891 2223 951 commentum
2270 894 2771 972 perpetuum
2817 886 3025 952 Aeli

615 999 1136 1058 retractasse
1183 1000 1262 1057 et
1309 993 1682 1058 edidisse
1743 995 2043 1079 suspicer,
2094 998 2357 1057 auctum
2404 994 2538 1057 suis
2586 993 3023 1058 adnotationi-

620 1101 776 1176 buS,
834 1119 990 1185 quas
1050 1103 1288 1184 partim
1350 1120 1428 1163 ex
1490 1097 1723 1164 Donati
1784 1101 2055 1163 materia
2116 1097 2466 1163 destillavit
2486 1147 2502 1176 ,
2563 1100 2655 1164 ita
2698 1106 2774 1163 ut
2816 1099 3021 1164 modo

625 1209 809 1271 iuxta
864 1210 1118 1269 textum
1170 1207 1562 1291 genuinum,
1627 1204 1815 1270 modo
1862 1225 1977 1288 pro
2023 1210 2205 1269 textu
2253 1207 2391 1270 eius
2440 1211 2832 1282 commenta,
2882 1227 3026 1269 non

623 1314 909 1377 oratione
955 1311 1066 1376 sed
1113 1309 1453 1395 aliquando
1499 1311 1687 1374 rebus
1733 1309 2007 1386 similia,
2054 1308 2439 1396 legerentur,
2496 1313 2732 1395 partim
2792 1311 3030 1375 hausit

621 1438 699 1481 ex
745 1419 1003 1503 ingenio
1050 1415 1155 1482 vel
1201 1438 1276 1482 ex
1325 1414 1469 1481 aliis
1512 1416 1825 1492 fontibus,
1868 1436 2017 1480 cum
2056 1419 2253 1481 etiam
2292 1416 2565 1482 aliorum
2607 1416 3023 1501 quorundam

619 1518 1143 1607 interpolationes
1188 1524 1569 1606 cognovisse
1617 1520 1914 1586 videatur
1960 1527 2106 1585 ante
2168 1542 2233 1586 se
2298 1529 2658 1586 commento
2716 1525 3023 1586 insertas,

619 1626 744 1693 Sed
808 1629 964 1692 haec
1012 1626 1220 1691 adhuc
1267 1632 1364 1691 est
1411 1628 1685 1712 suspicio
1706 1675 1721 1704 ,
1773 1646 1967 1711 quam
2014 1629 2367 1692 accuratior
2415 1626 2799 1692 scholiorum
2846 1632 3025 1691 trac·

619 1735 780 1797 tatio
825 1733 894 1796 in
941 1731 1057 1796 hac
1101 1734 1242 1816 ipsa
1287 1731 1731 1796 dissertatione
1776 1753 1927 1796 mox
1948 1781 1963 1810 ,
2015 1736 2089 1796 ut
2134 1753 2317 1817 spero
2340 1781 2355 1808 ‚
2397 1730 2628 1798 validis
2672 1752 3025 1819 arg-umen-

619 1840 705 1903 tis
751 1835 1168 1902 confirmabit.
2636 1826 2641 1830 ’

711 1943 837 2008 Hic
883 1946 951 2006 in
998 1947 1275 2008 transitu
1319 1964 1547 2009 moneo
1595 1948 1959 2008 commenta
2004 1950 2069 2008 et
2116 1942 2552 2010 addit-amenta
2589 1944 2878 2009 eiusdem
2923 1943 3018 2008 IP

622 2052 901 2114 inveniri
963 2052 1158 2114 etiam
1221 2052 1303 2112 in
1368 2048 1893 2114 scholiorum
1953 2052 2174 2114 serie
2237 2051 2291 2113 A
2355 2055 2421 2114 et
2481 2049 2533 2112 B
2598 2049 2676 2114 ad
2738 2049 3017 2114 Phorm.

627 2155 690 2219 11
753 2153 792 2218 3
841 2153 907 2234 ¹),
980 2155 1149 2219 unde
1211 2157 1505 2239 sequitur
1575 2160 2019 2238 utramque
2088 2161 2473 2240 prognatam
2543 2176 2677 2221 esse
2740 2176 2818 2220 ex
2878 2176 3017 2220 uno

629 2261 975 2344 eodemque
1023 2261 1199 2325 fonte
1245 2262 1324 2325 ab
1371 2259 1455 2324 IP
1501 2263 1635 2325 iam
1682 2259 2082 2346 interpolato.

716 2366 977 2430 Praeter
1013 2367 1184 2431 hunc
1221 2365 1747 2451 Interpolatorem
1780 2369 2161 2453 primarium
2186 2370 2425 2453 passim
2450 2367 3021 2452 deprehenduntur

626 2472 921 2536 breviora
982 2471 1358 2558 plerumque
1423 2479 1488 2536 et
1546 2475 1815 2537 minoris
1876 2475 2192 2538 momenti
2254 2472 2689 2539 scholiuncula
2736 2473 3018 2538 aliorum

626 2580 1126 2664 magistrorum,
1190 2583 1254 2643 in
1321 2600 1594 2664 quorum
1658 2601 1892 2665 genere
1952 2583 2147 2645 etiam
2196 2587 2379 2658 sunt,
2428 2602 2588 2665 quae
2636 2580 2754 2645 sub
2800 2579 2863 2644 H
2908 2602 3019 2645 no-

629 2687 875 2750 minavi
917 2692 1312 2772 excerpta
1356 2689 1610 2771 proprie
1650 2689 1740 2751 sic
1779 2686 1948 2751 dicta
1986 2709 2019 2750 e
2060 2685 2319 2751 scholiis
2360 2685 2697 2763 Donateis,
2736 2706 3018 2771 quorum

629 2812 938 2856 numerus
1002 2812 1196 2875 quam
1259 2813 1496 2877 parvus
1558 2795 1677 2869 sit,
1741 2794 1908 2857 infra
1953 2792 2305 2857 ostendam.
2356 2790 2773 2877 Reliquorum
2822 2812 3017 2876 opera

629 2900 808 2963 varia
867 2918 992 2961 non
1053 2897 1237 2963 facile
1284 2898 1705 2985 dignoscitur,
1752 2901 1875 2962 nisi
1923 2898 2091 2983 quod
2138 2900 2331 2962 etiam
2380 2918 2549 2962 nunc
2596 2917 2779 2982 saepe
2828 2896 3017 2961 offen-

628 3003 854 3067 demus
899 3004 1142 3067 bonum
1189 3001 1378 3068 illum
1425 3005 1790 3083 hominem,
1841 3026 2031 3089 quem
2076 3006 2147 3068 in
2191 3004 2436 3069 Mnem.
2481 3001 2734 3066 XXXII
2773 3025 2835 3087 p.
2876 3000 3011 3068 287

629 3110 945 3193 insignivi
983 3106 1202 3172 littera
1241 3109 1318 3186 A,
1361 3130 1681 3193 quemque
1719 3112 1813 3174 ita
1850 3109 2318 3175 describebam:
2366 3108 2527 3187 „Est
2551 3108 2715 3173 fidus
2739 3108 3015 3173 Achates

632 3214 902 3305 Donati,
968 3214 1318 3298 obsequens
1380 3222 1446 3279 et
1508 3214 1867 3294 modestus,
1932 3219 2045 3300 qui
2105 3215 2289 3280 illius
2352 3215 2793 3281 adnotationes
2838 3218 3015 3281 varie

628 3320 944 3397 adfirmat,
1008 3319 1390 3405 amplificat,
1455 3322 1737 3386 breviter
1799 3324 2067 3405 repetit,
2130 3320 2298 3385 nihil
2358 3324 2508 3387 novi
2554 3324 2693 3406 ipse
2739 3340 3011 3405 usquam

629 3426 857 3492 addere
918 3447 1112 3491 ausus
1171 3429 1296 3491 nisi
1355 3428 1627 3493 inventu
1682 3427 2009 3492 facillima.
2063 3428 2376 3493 Adiunxit
2422 3427 2857 3493 additamenta
2900 3448 3013 3510 per

633 3530 984 3618 particulas
1029 3556 1186 3613 erqo,
1233 3556 1390 3610 nam,
1439 3534 1612 3611 enim,
1662 3540 1719 3597 et
1764 3540 1870 3611 esc,
1917 3534 1987 3597 id
2032 3542 2137 3611 est,
2178 3533 2304 3599 al.”
2348 3532 2721 3600 Cavendum
2761 3539 3009 3612 tamen,

633 3659 712 3702 ne
753 3638 904 3701 huic
943 3637 1188 3702 homini
1225 3638 1641 3723 adsignemus
1680 3640 1894 3703 omnia
1933 3638 2369 3704 additamenta
2407 3639 2484 3704 ab
2523 3638 2841 3704 eiusmodi
2880 3658 3013 3722 par-

633 3742 851 3809 ticulis
898 3744 1295 3822 incohantia,
1344 3764 1494 3809 nam
1540 3748 1604 3808 in
1655 3744 1756 3809 his
1794 3748 2015 3809 insunt
2055 3765 2203 3808 cum
2242 3743 2515 3809 aliorum
2554 3748 3010 3831 mag-istrorum

633 3855 780 3914 tum
827 3852 1024 3914 etiam
1071 3871 1232 3933 quae
1279 3850 1705 3915 characterem
1752 3850 2021 3936 prodant
2068 3855 2173 3915 τοῦ
2218 3849 2339 3916 ΙΡ.

703 4078 758 4141 1)
812 4074 931 4125 Vide
981 4075 1196 4140 exempla
1241 4090 1269 4123 a
1315 4091 1390 4124 me
1433 4076 1562 4124 edita
1595 4076 1646 4125 in
1684 4078 1867 4127 Mnem.
1902 4075 1974 4127 l.l.
2009 4095 2056 4143 p.
2094 4058 2376 4136 2464-25L
2415 4080 2463 4126 et
2494 4092 2614 4141 quae
2646 4080 2811 4142 postes
2846 4077 2894 4125 in
2928 4076 3013 4127 hac

637 4158 969 4207 dissertatione
1005 4172 1032 4205 a
1067 4173 1143 4205 me
1179 4156 1468 4207 citabuntur.
1507 4158 1582 4208 Cf.
1616 4175 1737 4223 quse
1771 4158 1884 4208 ibid.
1922 4160 2160 4224 disputavi
2197 4176 2241 4224 p.
2273 4161 2384 4209 218.
2417 4160 2639 4208 Ceterum
2673 4159 2723 4207 in
2752 4158 2907 4223 prima
2930 4159 3014 4209 illa

637 4239 972 4303 disquisitione
1007 4240 1064 4287 dc
1101 4239 1293 4288 scholiis
1330 4241 1388 4289 ad
1427 4242 1653 4290 Andriam
1688 4242 1897 4290 nondum
1935 4242 2095 4290 omniu
2128 4242 2243 4290 satis
2276 4242 2395 4291 bene
2428 4242 2612 4291 excussi
2644 4241 2881 4304 variisque
2910 4256 3013 4289 suc·

624 4321 811 4371 toribus
862 4321 1101 4370 distribui.
1157 4322 1284 4386 Ergo
1338 4336 1523 4371 errores
1569 4322 1673 4371 illic
1719 4322 1993 4372 commissos
2037 4328 2201 4387 postca
2234 4322 2487 4386 aliquando
2522 4323 2763 4387 corrigere
2799 4321 3003 4373 animum

632 4402 816 4453 induxi.
