3246 5085
614 300 743 367 122
1616 316 1988 365 rumorum.

704 482 781 547 P.
834 479 1057 547 300A.
1125 482 1385 548 Δυνατοὶ
1446 480 1543 548 οὖν
1588 482 1728 560 ὅρέὶν
1779 482 1942 546 ἐστὶν
1989 486 2220 546 ταῦτα.
2273 517 2359 529 -
2412 480 2812 561 ’Τπερφυῶς,
2863 474 3004 554 ἔφη

610 588 638 653 δ
689 588 1077 662 Κτήσιππος.
1146 587 1425 673 Requiro
1476 592 1837 671 ’Τπερφυῶς
1886 588 2083 665 (ὥς).
2139 585 2282 653 Non
2329 606 2545 652 rarum
2583 587 2656 649 in
2699 582 3012 649 Platonis

604 692 930 773 codicibus
980 696 1235 762 vitium.

690 928 767 993 P.
820 925 1049 994 3OOD.
1098 926 1273 1005 μέγα
1323 926 1485 993 πάνυ
1534 926 2184 1007 ἀνακαγχάσας.

691 1033 919 1103 Variae
983 1034 1287 1101 lectiones
1343 1035 1413 1098 in
1462 1034 1728 1118 optimis
1771 1032 1957 1099 libris
2004 1030 2489 1114 άνακαχχάσας
2537 1032 2655 1111 (Β)
2692 1034 2758 1095 et
2802 1029 3008 1093 άνακ-

605 1142 911 1221 καχάσας
975 1140 1081 1222 (Τ)
1144 1161 1341 1207 manu
1402 1139 1647 1205 ducunt
1710 1139 1790 1204 ad
1854 1142 2204 1225 genuinam
2263 1138 2608 1204 lectionem
2635 1138 3008 1223 ,antiquam

602 1246 1069 1327 άνακαχάσας,
1118 1249 1301 1312 euius
1347 1246 1551 1311 forma
1596 1248 1908 1311 recentior
1953 1246 2192 1310 iniuria
2236 1242 2437 1330 vulgo
2482 1248 2735 1327 recepta
2780 1247 2899 1306 est.

696 1353 945 1421 Ibidem
1005 1352 1086 1419 ad
1131 1354 1325 1418 verba
1371 1352 1399 1416 ὃ
1447 1353 1812 1426 Κτήσιππος
1861 1352 2104 1428 ἐγένετο
2153 1358 2434 1415 πλεῖον
2484 1351 2518 1425 ἢ
2570 1347 3006 1419 δεκαπλάσιος

604 1481 683 1529 ex
732 1459 1012 1529 Aristide
1059 1458 1315 1527 affertur
1361 1473 1464 1522 πλ
1486 1466 1622 1538 εἴν,
1676 1458 1848 1543 quod
1893 1458 2102 1523 fuerat
2148 1456 2603 1543 recipiendum.

704 1691 1027 1772 GORGIAS,
1077 1716 1138 1779 p.
1192 1689 1414 1759 4473.
1481 1700 1648 1756 ΧΛΙ.
1713 1690 1907 1757 Οὐδὲν
1970 1694 2275 1770 πρᾶγμα,
2343 1687 2384 1754 ὦ
2451 1690 2809 1770 Σώκρατες·
2873 1691 3004 1768 ἐγὼ

605 1801 734 1880 γὰρ
782 1802 913 1865 καὶ
964 1798 1337 1876 ἰάσομαι.
1492 1871 1499 1877 ,

700 1904 877 1971 Alibi
939 1905 1128 1971 Plato
1190 1910 1417 1970 notum
1487 1905 1899 1989 proverbium
1962 1903 2147 1989 plene
2207 1903 2425 1969 afferre
2476 1902 2639 1969 solet
2682 1901 2920 1968 addens
2969 1903 3002 1969 ὃ

609 2013 940 2093 τρώσας.

702 2246 777 2311 Ρ.
819 2245 949 2311 455
970 2247 1047 2312 A.
1100 2253 1249 2313 ΣΩ.
1302 2244 1453 2310 Οὐδ’
1492 2244 1611 2325 ἄρα
1655 2244 2089 2317 διδασκαλικὸς
2129 2247 2156 2309 ὄ
2197 2246 2385 2328 ῥήτωρ
2427 2244 2560 2311 ἐστὶ
2600 2244 3004 2324 δικαστηρίων

612 2377 683 2418 τε
746 2352 850 2417 καὶ
914 2355 1031 2418 τῶν
1094 2351 1301 2416 ἄλλων
1366 2352 1570 2433 ὄχλων
1617 2351 1862 2416 δικαίων
1910 2377 1978 2417 τε
2029 2351 2159 2431 πέρι
2215 2354 2318 2417 καὶ
2367 2352 2609 2430 άδίκων,
2661 2352 2835 2416 άλλᾶ
2887 2374 3002 2415 πι-

612 2459 891 2531 στικὸς
940 2458 1139 2535 μόνον.

701 2564 842 2632 Imo
889 2586 1039 2632 vero
1085 2562 1545 2643 πειστικός,
1592 2566 1960 2648 persuadere
2003 2564 2272 2632 idoneus.

704 2800 780 2868 P.
823 2799 954 2868 497
973 2801 1045 2866 B.
1100 2810 1294 2866 ΚΑΛ.
1347 2804 1527 2867 Ἀλλ’
1576 2802 1675 2867 ἀεὶ
1725 2801 1992 2875 τοιοῦτός
2032 2803 2198 2866 ἐστιν
2241 2801 2603 2882 Σωκράτης,
2643 2799 2685 2867 ὦ
2727 2803 2960 2880 ΓοργΙα
2987 2848 3006 2868 .

614 2907 844 2986 σμικροὶ
893 2908 995 2971 καὶ
1045 2907 1259 2984 ὀλίγον
1308 2907 1456 2985 ἄξια
1502 2909 1776 2990 άνερωτᾷ
1829 2908 1930 2972 καὶ
1983 2907 2335 2989 ἐξελέγχει.

705 3023 886 3079 ΓΟΡ.
949 3014 1161 3079 Ἀλλὰ
1222 3014 1288 3080 ‘tl
1332 3014 1420 3080 σοὶ
1470 3012 1784 3093 διαφέρει,
1833 3013 2085 3086 πάντως
2133 3016 2199 3078 οὐ
2247 3016 2322 3088 σὺ
2373 3009 2533 3090 αὕτη
2583 3016 2616 3088 ἦ
2663 3014 2901 3091 τιμή,
2955 3009 3001 3076 ὦ

614 3121 1030 3191 Καλλίκλεις·
1082 3121 1229 3185 αλλ’
1280 3120 1557 3200 ὑπόσχες
1607 3120 1918 3198 Σωκράτει
1970 3117 2301 3198 ἐξελέγξαι
2349 3117 2510 3192 ὅπως
2549 3119 2625 3185 ἂν
2663 3118 3004 3196 βούληται.

706 3224 845 3290 Iam
888 3225 1067 3302 olim,
1109 3227 1234 3290 nisi
1272 3224 1476 3304 fallor,
1517 3229 1741 3291 monui
1781 3228 2121 3292 obscurum
2158 3225 2335 3291 istud
2371 3234 2596 3290 TIMH
2637 3230 2827 3292 vetus
2865 3245 3009 3290 esse

612 3329 863 3396 librarii
923 3327 1207 3409 σφάλμα
1254 3353 1368 3416 pro
1412 3340 1726 3410 ZHMIA,
1779 3356 1966 3408 noxa,
2019 3331 2188 3417 quod
2235 3334 2290 3396 si
2331 3336 2696 3416 reponatur,
2745 3351 2815 3396 ea
2859 3332 3010 3415 ipsa

616 3442 914 3502 nascatur
950 3438 1292 3514 sententia,
1328 3457 1521 3522 quam
1557 3440 1690 3502 iam
1733 3437 2079 3515 Heindorf,
2121 3439 2304 3504 cuius
2327 3437 2473 3503 vide
2499 3436 3002 3514 adnotationem,

614 3542 768 3608 huie
814 3541 951 3607 1000
998 3542 1256 3607 subesse
1301 3548 1469 3609 recte
1514 3544 1978 3629 suspicabatur.

706 3775 782 3841 P.
834 3771 1061 3840 507D.
1109 3776 1161 3840 εἰ
1212 3776 1272 3841 δὲ
1322 3773 1485 3840 ἔστιν
1534 3775 1603 3852 (1.
1654 3775 1719 3840 δέ
1770 3777 1961 3856 ἐστιν)
2010 3778 2228 3855 άληθῆ,
2278 3777 2415 3843 τὸν
2460 3777 3006 3856 βουλόμενον,

615 3883 694 3953 ὦς
742 3879 948 3959 ἔοικεν,
995 3880 1450 3958 εὐδαίμονα
1500 3878 1706 3947 εἶναι
1756 3882 2144 3962 σωφροσύνην
2189 3885 2302 3960 μὲν
2348 3884 2623 3950 διωκτέον
2664 3884 2770 3949 καὶ
2812 3885 3010 3957 άσκη-

614 3987 766 4065 τέον,
832 3988 1178 4053 ἀκολασίαν
1238 3989 1301 4051 δὲ
1366 3989 1666 4068 Φευκτέον
1727 3990 1802 4060 ὥς
1869 3988 2001 4069 ἔχει
2071 3989 2260 4054 ποδῶν
2325 3987 2586 4062 ἕκαστος
2649 3992 2836 4070 ᾖμῶν,
2889 3990 3001 4054 καὶ

614 4095 1157 4173 παρασκευαστέον
1221 4095 1513 4171 μάλιστα
1574 4095 1688 4170 μὲν
1751 4095 1939 4171 μηδὲν
2002 4096 2232 4160 δεῖσθαι
2281 4102 2388 4162 τοῦ
2438 4095 2840 4177 κολάζεσθαι,
2890 4096 3006 4160 ἐὰν

618 4200 679 4266 δὲ
740 4201 917 4282 δεηθῇ
982 4199 1016 4275 ἢ
1080 4202 1269 4272 αὐτὸς
1336 4200 1368 4274 ἢ
1438 4200 1634 4273 ἄλλος
1697 4225 1791 4274 τις
1853 4209 1968 4267 τῶν
2029 4203 2274 4280 οἰκείων,
2327 4203 2360 4278 ἣ
2411 4201 2648 4277 ἰδιώτης
2695 4203 2728 4277 ἢ
2780 4202 3007 4280 πόλις,

614 4306 912 4372 ἐπιθετέον
962 4305 1130 4380 δίκην
1178 4307 1279 4371 καὶ
1330 4305 1802 4386 κολαστέον,-εἷ
1855 4307 2151 4385 μέλλει
2204 4310 2617 4386 εὐδαίμων
2667 4305 2903 4373 εἶναι.

704 4414 859 4480 Post
898 4414 1091 4481 verba
1130 4414 1568 4481 antecedentia
1606 4414 1710 4482 τὸν
1747 4414 2118 4496 βουλόμενον
2161 4415 2498 4496 εὐδαίμονα
2537 4411 2689 4482 εἶναι
2716 4416 3008 4490 abundat
