3246 5085
1319 350 1602 399 surms.
2514 332 2641 399 133

258 516 393 581 fere
455 516 532 580 ab
595 514 946 581 editoribus
1005 521 1384 593 recensetur,
1447 536 1573 599 quo
1639 516 1793 579 haec
1856 513 2071 579 evadit
2136 518 2483 581 sententia:
2532 520 2647 579 aut

256 620 474 709 qualia
533 620 791 687 tandem
855 620 987 685 fata
1043 622 1223 686 nobis
1271 617 1558 706 aperies?
1621 616 1873 685 Garrod
1923 626 2139 685 tamen
2186 620 2418 687 codicis
2463 626 2645 685 vetu-

253 730 527 793 stissimi
587 727 868 811 quianam
929 730 1196 791 retinuit
1215 775 1231 804 ,
1293 726 1403 791 sed
1465 747 1579 811 pro
1632 725 1903 789 recludes
1950 730 2255 812 temporis
2298 729 2647 812 praesentis

255 834 534 899 formam
602 836 818 918 posuit
885 832 1148 897 recludis
1217 832 1334 897 hoc
1406 831 1657 897 addito:
1731 834 1775 895 i.
1803 852 1859 896 e.
1924 831 2152 897 celans.
2214 832 2399 897 Hanc
2460 831 2645 898 verbi

254 940 794 1027 significationem
857 938 1084 1003 deinde
1144 938 1394 1003 duobus
1440 937 1596 1002 locis
1642 958 1677 1002 e
1725 936 1923 1002 Silvis
1968 940 2189 1023 petitis
2234 940 2643 1024 comprobare

255 1047 378 1111 sibi
439 1048 618 1111 visus
681 1052 778 1110 est
844 1044 1203 1129 adiecitque
1264 1064 1331 1109 se
1381 1045 1697 1128 suspicari
1747 1043 2017 1108 verbum
2063 1042 2427 1109 recludendi
2472 1043 2645 1129 apud

255 1150 543 1217 Statium
605 1153 866 1215 omnino
931 1171 1054 1215 non
1105 1149 1415 1235 ‘aperire',
1463 1148 1573 1213 sed
1621 1169 1873 1234 semper
1922 1149 2209 1235 ‘operire'
2260 1148 2639 1235 significare.

343 1258 744 1343 Quamquam
783 1259 988 1343 ipsius
1026 1256 1207 1322 verbi
1247 1254 1615 1321 recludendi
1651 1258 1718 1319 in
1761 1253 2114 1320 Achilleide
2138 1254 2327 1340 plura
2347 1254 2644 1342 exempla

253 1384 378 1430 non
439 1368 625 1439 sunt,
690 1362 886 1428 verba
943 1382 1104 1446 quae
1151 1366 1302 1427 sunt
1352 1362 1682 1446 ‘retegere'
1731 1366 1851 1439 (vs.
1904 1359 2070 1425 925:
2122 1360 2506 1446 tandemque
2551 1382 2643 1425 re-

255 1475 501 1534 tectum
543 1466 793 1547 foedus)
838 1474 902 1531 et
954 1465 1270 1531 ‘reserare'
1319 1465 1426 1546 (ΙΙ.
1480 1464 1602 1530 34:
1654 1470 2061 1550 erectumque
2110 1472 2327 1531 manet
2364 1470 2639 1531 reserato

251 1578 320 1639 in
380 1573 607 1639 limine
669 1570 953 1653 Bellum)
1011 1569 1280 1637 Garrodi
1325 1574 1693 1657 opinionem
1740 1572 2011 1635 minime
2057 1570 2453 1636 confirmant.
2517 1568 2640 1635 Sed

252 1680 329 1745 de
387 1678 545 1745 locis
606 1682 674 1744 in
735 1677 933 1743 Silvis
993 1677 1350 1744 videamus,
1421 1675 1585 1741 Silv.
1637 1675 1719 1741 11.
1769 1673 1829 1742 4.
1862 1675 1946 1740 32
1992 1675 2067 1741 de
2115 1679 2384 1760 psittaco
2428 1696 2638 1741 sermo

249 1791 382 1863 est,
445 1806 573 1870 quo
637 1783 882 1850 recluso
943 1782 1180 1848 Melior
1241 1803 1598 1868 numquam
1661 1782 1840 1847 solus
1889 1788 2073 1848 esset.
2122 1780 2367 1848 Garrod
2418 1790 2639 1848 autem

251 1890 578 1957 contendit
624 1890 850 1955 recluso
873 1914 952 1939 =
977 1887 1206 1953 vinclis
1250 1893 1532 1966 retento,
1582 1888 1751 1973 quod
1789 1893 1864 1952 ut
1901 1887 2153 1953 credam
2191 1888 2421 1954 adduci
2457 1910 2639 1953 num-

250 2018 446 2083 quam
483 2002 738 2081 potero,
780 2015 932 2059 nam
972 2000 1116 2059 tum
1158 1993 1420 2059 demum
1459 1996 1585 2058 ista
1621 1995 2063 2078 interpretatio
2088 1992 2336 2079 aliquid
2358 1993 2635 2072 valeret,

247 2106 306 2167 si
369 2108 587 2187 postea
651 2104 964 2188 psittacus
1028 2100 1422 2186 aufugisset,
1487 2098 1846 2177 avolasset,
1891 2099 1999 2164 sed
2044 2121 2167 2164 non
2215 2102 2311 2164 ita
2354 2100 2635 2177 factum,

245 2228 402 2273 nam
463 2212 758 2272 mortuus
820 2213 936 2270 est.
987 2206 1279 2270 Praestat
1321 2206 1550 2291 igitur,
1601 2208 1660 2269 si
1706 2204 1863 2289 quid
1908 2204 2127 2283 videm
2177 2202 2489 2271 Vollmeri
2536 2226 2638 2270 ex-

249 2312 542 2398 plicatio:
609 2334 762 2397 „quo
809 2311 1040 2376 recluso
1088 2332 1269 2375 wenn
1317 2310 1428 2375 der
1474 2310 1671 2396 Ktifig
1715 2310 1992 2396 geoffnet
2040 2310 2257 2375 wurde
2275 2331 2291 2388 ;
2337 2310 2479 2375 dass
2527 2310 2638 2376 der

249 2417 454 2504 Vogel
499 2418 809 2483 zuweilen
853 2416 973 2482 frei
1017 2415 1398 2493 umherlief‚
1447 2419 1617 2502 zeigt
1664 2437 1759 2481 vs.
1810 2414 1851 2480 6
1900 2423 2191 2479 errantem
2237 2414 2451 2480 torio.''

341 2524 460 2590 Est
518 2524 697 2591 locus
758 2522 921 2589 alter
977 2522 1138 2589 Silv.
1185 2522 1299 2588 ΙΙΙ.
1350 2520 1411 2587 4.
1441 2521 1502 2600 5,
1554 2521 1667 2587 ubi
1716 2523 1916 2588 Amor
1962 2520 2296 2607 speculum
2344 2520 2634 2588 attulisse

247 2634 456 2698 fertur
515 2651 782 2696 aureum
849 2632 1257 2716 gemmisque
1325 2635 1619 2693 ornatum
1644 2678 1661 2706 ,
1734 2627 1907 2712 quod
1968 2626 2190 2692 Earini
2253 2626 2497 2712 capillis
2563 2629 2632 2691 in

250 2738 473 2803 Asiam
533 2734 868 2801 mittendis
929 2735 1424 2820 adiungeretur:
1487 2733 1712 2798 laudat
1774 2732 2016 2797 donum
2077 2753 2270 2798 suum
2316 2739 2507 2818 atque
2554 2734 2633 2799 ab

247 2843 484 2909 Eat-ino
530 2845 695 2928 petit
740 2841 928 2906 haec:

520 2955 594 3012 tu
639 2946 828 3012 modo
871 2945 998 3032 fige
1045 2947 1249 3011 aciem
1295 2951 1360 3010 et
1406 2943 1631 3010 vultus
1676 2944 1783 3010 hic
1830 2965 2032 3030 usque
2078 2942 2401 3030 relinque!

244 3076 372 3141 quo
425 3055 590 3119 facto
638 3051 993 3139 ‘speculum
1040 3051 1303 3117 reclusit
1347 3053 1636 3137 imagine
1681 3051 1907 3136 rapta’.

339 3159 534 3225 Hunc
592 3178 845 3244 quoque
889 3155 1108 3222 locum
1155 3154 1560 3221 Vollmerum
1606 3163 1777 3220 recte
1820 3157 2312 3240 interpretatum
2359 3177 2493 3222 esse
2540 3179 2633 3223 ar-

245 3267 480 3331 bitror:
549 3264 838 3342 „reclusit
894 3264 1056 3328 nach
1111 3262 1472 3328 Aufnahme
1521 3261 1630 3326 des
1679 3260 1893 3326 Bildes
1938 3259 2230 3327 schliesst
2277 3263 2476 3328 Amor
2522 3262 2633 3328 das

216 3369 584 3457 ,speculum
649 3367 881 3434 wieder
938 3370 1007 3432 in
1068 3369 1202 3432 sein
1265 3365 1622 3444 Behtiltnis‚
1688 3366 1799 3431 das
1863 3373 2129 3444 λοφεῖον,
2180 3366 2331 3432 oder
2378 3368 2632 3434 machte

252 3478 375 3542 den
435 3479 557 3540 mit
619 3473 1003 3542 Charnieren
1062 3473 1446 3558 befestigten
1493 3469 1736 3537 Deckel
1782 3471 1941 3537 iiber
1986 3471 2132 3537 dem
2178 3470 2441 3559 Spiegel
2486 3474 2629 3539 zu.'’

249 3579 371 3647 Ille
414 3583 623 3666 igitur
667 3600 795 3644 non
843 3598 991 3644 cum
1041 3575 1355 3643 Garrodio
1404 3577 1683 3664 explicat
1723 3576 2075 3641 reclusit=
2097 3580 2383 3663 operuit,
2422 3579 2531 3644 sed
2554 3605 2633 3632 =

247 3707 544 3752 rursus
592 3687 864 3770 operuit.
930 3683 1103 3764 Quae
1149 3704 1298 3748 cum
1344 3686 1437 3748 ita
1483 3685 1646 3760 sint,
1696 3681 1927 3748 editori
1972 3703 2099 3747 non
2141 3686 2450 3748 assentior
2496 3704 2635 3749 ver·
2724 3677 2729 3680 ’

246 3794 408 3858 bum
467 3789 838 3856 recludendi
897 3788 1065 3876 apud
1126 3787 1410 3854 Statium
1457 3791 1716 3855 omnino
1763 3809 1887 3853 non
1938 3787 2295 3872 significare
2345 3789 2631 3874 ‘aperire'

249 3897 362 3963 sed
406 3917 654 3982 semper
704 3896 986 3980 ‘operire'
1037 3897 1410 3979 suspicanti.
1472 3891 1641 3961 Cum
1690 3915 1841 3958 vero
1890 3892 2093 3958 altero
2140 3891 2276 3958 loco
2320 3895 2388 3958 in
2435 3893 2634 3960 Silvis

247 4003 630 4090 significatio
690 4001 1013 4087 aperiendi
1074 4000 1408 4065 manifesta
1463 4001 1584 4077 sit,
1632 4005 1708 4063 ut
1754 4001 1948 4063 etiam
1995 4001 2063 4062 in
2112 3996 2309 4064 Theb.
2360 3999 2410 4064 Ῑ.
2464 3999 2630 4065 385:

248 4107 636 4193 tandemque
698 4105 1063 4171 reclusis
1123 4105 1399 4170 infertur
1457 4107 1697 4190 portis,
1755 4103 1955 4169 altero
2002 4125 2224 4169 rursus
2274 4103 2631 4182 claudendi,

246 4214 525 4279 adducor
582 4218 657 4277 ut
701 4211 953 4277 credam
1001 4209 1139 4276 loco
1188 4216 1408 4276 nostro
1447 4209 1847 4274 retinendam
1894 4230 2030 4274 esse
2078 4208 2369 4275 codicum
2415 4209 2633 4277 lectio-

243 4340 397 4385 nem
457 4318 725 4383 res-ludes
771 4353 854 4366 —
916 4315 1346 4402 recipiendam
1412 4337 1562 4382 vero
1628 4314 1919 4380 codicum
1982 4313 2187 4395 ΕΚΘ
2248 4318 2631 4401 scripturam

246 4447 534 4513 quaenam
580 4445 696 4509 pro
745 4424 1056 4490 Puteanei
1116 4422 1431 4508 quianam,
1497 4419 1948 4487 recensendum
2010 4423 2219 4507 igitur
2263 4418 2429 4506 quod
2478 4419 2633 4487 Wil-
