<?xml version="1.0" encoding="UTF-8"?>
<!DOCTYPE html PUBLIC "-//W3C//DTD XHTML 1.0 Transitional//EN"
    "http://www.w3.org/TR/xhtml1/DTD/xhtml1-transitional.dtd">
<html xmlns="http://www.w3.org/1999/xhtml" xml:lang="en" lang="en">
 <head>
  <title>
</title>
<meta http-equiv="Content-Type" content="text/html;charset=utf-8" />
  <meta name='ocr-system' content='tesseract 3.04.00' />
  <meta name='ocr-capabilities' content='ocr_page ocr_carea ocr_par ocr_line ocrx_word'/>
</head>
<body>
  <div class='ocr_page' id='page_1' title='image "./mnemosynevolume03verdgoog_0318.png"; bbox 0 0 3246 5085; ppageno 0'>
   <div class='ocr_carea' id='block_1_1' title="bbox 632 291 1986 361">
    <p class='ocr_par' dir='ltr' id='par_1_1' title="bbox 632 291 1986 361">
     <span class='ocr_line' id='line_1_1' title="bbox 632 291 1986 361; baseline 0.002 -3"><span class='ocrx_word' id='word_1_1' title='bbox 632 291 766 358; x_wconf 88' lang='lat'><strong>310</strong></span> <span class='ocrx_word' id='word_1_2' title='bbox 1673 309 1986 361; x_wconf 69' lang='lat' dir='ltr'><strong>nom-rus.</strong></span> 
     </span>
    </p>
   </div>
   <div class='ocr_carea' id='block_1_2' title="bbox 567 475 3054 1840">
    <p class='ocr_par' dir='ltr' id='par_1_2' title="bbox 628 475 3054 1095">
     <span class='ocr_line' id='line_1_2' title="bbox 644 475 3054 564; baseline -0 -19"><span class='ocrx_word' id='word_1_3' title='bbox 644 499 805 564; x_wconf 90' lang='lat' dir='ltr'><strong>quae</strong></span> <span class='ocrx_word' id='word_1_4' title='bbox 847 481 939 544; x_wconf 86' lang='lat' dir='ltr'><strong>sic</strong></span> <span class='ocrx_word' id='word_1_5' title='bbox 978 499 1046 544; x_wconf 88' lang='lat' dir='ltr'><strong>se</strong></span> <span class='ocrx_word' id='word_1_6' title='bbox 1083 478 1309 544; x_wconf 87' lang='lat' dir='ltr'><strong>habet:</strong></span> <span class='ocrx_word' id='word_1_7' title='bbox 1363 477 1481 558; x_wconf 90' lang='lat'><strong>„0,</strong></span> <span class='ocrx_word' id='word_1_8' title='bbox 1523 480 1635 564; x_wconf 89' lang='lat' dir='ltr'><strong>qui</strong></span> <span class='ocrx_word' id='word_1_9' title='bbox 1673 498 1896 544; x_wconf 88' lang='lat' dir='ltr'><strong>vocare</strong></span> <span class='ocrx_word' id='word_1_10' title='bbox 1911 475 1980 543; x_wconf 73' lang='lat' dir='ltr'><strong>‘l”</strong></span> <span class='ocrx_word' id='word_1_11' title='bbox 2020 478 2177 545; x_wconf 88' lang='lat' dir='ltr'><strong>Post</strong></span> <span class='ocrx_word' id='word_1_12' title='bbox 2217 478 2340 558; x_wconf 84' lang='lat' dir='ltr'><strong>„o”</strong></span> <span class='ocrx_word' id='word_1_13' title='bbox 2381 479 2640 545; x_wconf 90' lang='lat' dir='ltr'><strong>nomine</strong></span> <span class='ocrx_word' id='word_1_14' title='bbox 2677 483 3054 545; x_wconf 80' lang='lat' dir='ltr'><strong>vocaturus</strong></span> 
     </span>
     <span class='ocr_line' id='line_1_3' title="bbox 634 583 3050 672; baseline 0 -20"><span class='ocrx_word' id='word_1_15' title='bbox 634 608 757 653; x_wconf 86' lang='lat' dir='ltr'><strong>non</strong></span> <span class='ocrx_word' id='word_1_16' title='bbox 804 586 1034 652; x_wconf 89' lang='lat' dir='ltr'><strong>habuit</strong></span> <span class='ocrx_word' id='word_1_17' title='bbox 1079 585 1233 671; x_wconf 86' lang='lat' dir='ltr'><strong>quid</strong></span> <span class='ocrx_word' id='word_1_18' title='bbox 1280 585 1515 652; x_wconf 87' lang='lat' dir='ltr'><strong>diceret</strong></span> <span class='ocrx_word' id='word_1_19' title='bbox 1562 589 1628 651; x_wconf 88' lang='lat' dir='ltr'><strong>et</strong></span> <span class='ocrx_word' id='word_1_20' title='bbox 1671 585 1815 651; x_wconf 88' lang='lat' dir='ltr'><strong>ideo</strong></span> <span class='ocrx_word' id='word_1_21' title='bbox 1863 586 2135 652; x_wconf 89' lang='lat' dir='ltr'><strong>subiecit</strong></span> <span class='ocrx_word' id='word_1_22' title='bbox 2183 587 2338 672; x_wconf 84' lang='lat' dir='ltr'><strong>„qui</strong></span> <span class='ocrx_word' id='word_1_23' title='bbox 2383 607 2610 652; x_wconf 82' lang='lat' dir='ltr'><strong>vocare</strong></span> <span class='ocrx_word' id='word_1_24' title='bbox 2626 583 2695 651; x_wconf 74' lang='lat' dir='ltr'><strong>‘P&#39;</strong></span> <span class='ocrx_word' id='word_1_25' title='bbox 2744 584 2850 652; x_wconf 83' lang='lat' dir='ltr'><strong>Sic</strong></span> <span class='ocrx_word' id='word_1_26' title='bbox 2871 585 3050 652; x_wconf 84' lang='lat' dir='ltr'><strong>Ver-</strong></span> 
     </span>
     <span class='ocr_line' id='line_1_4' title="bbox 628 690 3048 780; baseline -0 -22"><span class='ocrx_word' id='word_1_27' title='bbox 628 692 865 780; x_wconf 80' lang='lat' dir='ltr'><strong>gilius:</strong></span> <span class='ocrx_word' id='word_1_28' title='bbox 930 691 1027 770; x_wconf 88' lang='lat'><strong>„0</strong></span> <span class='ocrx_word' id='word_1_29' title='bbox 1054 729 1140 741; x_wconf 91' lang='lat'><strong>—</strong></span> <span class='ocrx_word' id='word_1_30' title='bbox 1168 712 1365 778; x_wconf 89' lang='lat' dir='ltr'><strong>quam</strong></span> <span class='ocrx_word' id='word_1_31' title='bbox 1426 698 1490 756; x_wconf 88' lang='lat' dir='ltr'><strong>te</strong></span> <span class='ocrx_word' id='word_1_32' title='bbox 1547 712 1900 758; x_wconf 84' lang='lat' dir='ltr'><strong>memorem</strong></span> <span class='ocrx_word' id='word_1_33' title='bbox 1920 741 1936 772; x_wconf 88' lang='lat'><strong>,</strong></span> <span class='ocrx_word' id='word_1_34' title='bbox 1984 690 2216 778; x_wconf 78' lang='lat' dir='ltr'><strong>virgo?</strong></span> <span class='ocrx_word' id='word_1_35' title='bbox 2263 692 2469 759; x_wconf 87' lang='lat' dir='ltr'><strong>Moris</strong></span> <span class='ocrx_word' id='word_1_36' title='bbox 2515 699 2612 758; x_wconf 87' lang='lat' dir='ltr'><strong>est</strong></span> <span class='ocrx_word' id='word_1_37' title='bbox 2657 697 2875 760; x_wconf 86' lang='lat' dir='ltr'><strong>autem</strong></span> <span class='ocrx_word' id='word_1_38' title='bbox 2923 695 3048 758; x_wconf 87' lang='lat' dir='ltr'><strong>in-</strong></span> 
     </span>
     <span class='ocr_line' id='line_1_5' title="bbox 628 797 3051 885; baseline 0.001 -23"><span class='ocrx_word' id='word_1_39' title='bbox 628 800 889 865; x_wconf 86' lang='lat' dir='ltr'><strong>feriores</strong></span> <span class='ocrx_word' id='word_1_40' title='bbox 935 801 1192 885; x_wconf 86' lang='lat' dir='ltr'><strong>proprio</strong></span> <span class='ocrx_word' id='word_1_41' title='bbox 1237 801 1495 864; x_wconf 90' lang='lat' dir='ltr'><strong>nomine</strong></span> <span class='ocrx_word' id='word_1_42' title='bbox 1544 819 1803 882; x_wconf 86' lang='lat' dir='ltr'><strong>vocare,</strong></span> <span class='ocrx_word' id='word_1_43' title='bbox 1853 800 1909 865; x_wconf 90' lang='lat' dir='ltr'><strong>si</strong></span> <span class='ocrx_word' id='word_1_44' title='bbox 1955 797 2231 865; x_wconf 87' lang='lat' dir='ltr'><strong>blandiri</strong></span> <span class='ocrx_word' id='word_1_45' title='bbox 2278 797 2440 865; x_wconf 85' lang='lat' dir='ltr'><strong>velis</strong></span> <span class='ocrx_word' id='word_1_46' title='bbox 2452 819 2471 878; x_wconf 79' lang='lat'>3</span> <span class='ocrx_word' id='word_1_47' title='bbox 2520 799 2628 864; x_wconf 89' lang='lat' dir='ltr'><strong>sed</strong></span> <span class='ocrx_word' id='word_1_48' title='bbox 2677 799 2782 864; x_wconf 91' lang='lat' dir='ltr'><strong>hic</strong></span> <span class='ocrx_word' id='word_1_49' title='bbox 2817 802 3051 865; x_wconf 89' lang='lat' dir='ltr'><strong>nomi-</strong></span> 
     </span>
     <span class='ocr_line' id='line_1_6' title="bbox 628 904 3040 993; baseline 0 -23"><span class='ocrx_word' id='word_1_50' title='bbox 628 909 729 971; x_wconf 89' lang='lat' dir='ltr'><strong>nis</strong></span> <span class='ocrx_word' id='word_1_51' title='bbox 792 905 1065 984; x_wconf 88' lang='lat' dir='ltr'><strong>oblitus,</strong></span> <span class='ocrx_word' id='word_1_52' title='bbox 1121 905 1279 971; x_wconf 90' lang='lat' dir='ltr'><strong>dum</strong></span> <span class='ocrx_word' id='word_1_53' title='bbox 1326 905 1581 971; x_wconf 85' lang='lat' dir='ltr'><strong>dubitat</strong></span> <span class='ocrx_word' id='word_1_54' title='bbox 1629 911 1693 972; x_wconf 93' lang='lat' dir='ltr'><strong>et</strong></span> <span class='ocrx_word' id='word_1_55' title='bbox 1739 908 2046 992; x_wconf 82' lang='lat' dir='ltr'><strong>inquirit,</strong></span> <span class='ocrx_word' id='word_1_56' title='bbox 2093 906 2370 972; x_wconf 78' lang='lat' dir='ltr'><strong>inhaesit</strong></span> <span class='ocrx_word' id='word_1_57' title='bbox 2415 907 2844 993; x_wconf 90' lang='lat' dir='ltr'><strong>pronomini&#39;&#39;.</strong></span> <span class='ocrx_word' id='word_1_58' title='bbox 2891 904 3040 988; x_wconf 84' lang='lat' dir='ltr'><strong>(Cf.</strong></span> 
     </span>
     <span class='ocr_line' id='line_1_7' title="bbox 629 1011 1111 1095; baseline 0 -17"><span class='ocrx_word' id='word_1_59' title='bbox 629 1011 791 1078; x_wconf 92' lang='lat' dir='ltr'><strong>Don.</strong></span> <span class='ocrx_word' id='word_1_60' title='bbox 840 1015 909 1077; x_wconf 90' lang='lat' dir='ltr'><strong>in</strong></span> <span class='ocrx_word' id='word_1_61' title='bbox 954 1013 1049 1095; x_wconf 89' lang='lat' dir='ltr'><strong>(l)</strong></span> <span class='ocrx_word' id='word_1_62' title='bbox 1063 1017 1111 1094; x_wconf 92' lang='lat'><strong>).</strong></span> 
     </span>
    </p>

    <p class='ocr_par' dir='ltr' id='par_1_3' title="bbox 567 1116 3040 1840">
     <span class='ocr_line' id='line_1_8' title="bbox 719 1116 3038 1205; baseline 0 -22"><span class='ocrx_word' id='word_1_63' title='bbox 719 1117 816 1184; x_wconf 92' lang='lat' dir='ltr'><strong>De</strong></span> <span class='ocrx_word' id='word_1_64' title='bbox 864 1119 1087 1185; x_wconf 86' lang='lat' dir='ltr'><strong>eadem</strong></span> <span class='ocrx_word' id='word_1_65' title='bbox 1134 1141 1203 1185; x_wconf 88' lang='lat' dir='ltr'><strong>re</strong></span> <span class='ocrx_word' id='word_1_66' title='bbox 1248 1119 1496 1186; x_wconf 81' lang='lat' dir='ltr'><strong>Wessn.</strong></span> <span class='ocrx_word' id='word_1_67' title='bbox 1543 1120 1611 1185; x_wconf 89' lang='lat' dir='ltr'><strong>in</strong></span> <span class='ocrx_word' id='word_1_68' title='bbox 1658 1119 1822 1205; x_wconf 85' lang='lat' dir='ltr'><strong>App.</strong></span> <span class='ocrx_word' id='word_1_69' title='bbox 1872 1121 2101 1186; x_wconf 88' lang='lat' dir='ltr'><strong>citavit</strong></span> <span class='ocrx_word' id='word_1_70' title='bbox 2145 1118 2306 1184; x_wconf 90' lang='lat' dir='ltr'><strong>Dan.</strong></span> <span class='ocrx_word' id='word_1_71' title='bbox 2356 1117 2436 1184; x_wconf 86' lang='lat' dir='ltr'><strong>ad</strong></span> <span class='ocrx_word' id='word_1_72' title='bbox 2484 1119 2644 1184; x_wconf 82' lang='lat' dir='ltr'><strong>Aen.</strong></span> <span class='ocrx_word' id='word_1_73' title='bbox 2686 1118 2719 1183; x_wconf 95' lang='lat' dir='ltr'>I</span> <span class='ocrx_word' id='word_1_74' title='bbox 2757 1116 2864 1198; x_wconf 81' lang='lat'><strong>38,</strong></span> <span class='ocrx_word' id='word_1_75' title='bbox 2903 1119 3038 1184; x_wconf 88' lang='lat' dir='ltr'><strong>ubi</strong></span> 
     </span>
     <span class='ocr_line' id='line_1_9' title="bbox 628 1225 3036 1315; baseline -0.001 -23"><span class='ocrx_word' id='word_1_76' title='bbox 628 1226 783 1292; x_wconf 87' lang='lat' dir='ltr'><strong>haec</strong></span> <span class='ocrx_word' id='word_1_77' title='bbox 841 1225 1185 1315; x_wconf 79' lang='lat' dir='ltr'><strong>leguntur:</strong></span> <span class='ocrx_word' id='word_1_78' title='bbox 1252 1225 1447 1304; x_wconf 87' lang='lat' dir='ltr'><strong>„Nec</strong></span> <span class='ocrx_word' id='word_1_79' title='bbox 1484 1246 1670 1312; x_wconf 89' lang='lat' dir='ltr'><strong>posse</strong></span> <span class='ocrx_word' id='word_1_80' title='bbox 1733 1225 1923 1291; x_wconf 81' lang='lat' dir='ltr'><strong>Italia</strong></span> <span class='ocrx_word' id='word_1_81' title='bbox 1975 1225 2369 1292; x_wconf 82' lang='lat' dir='ltr'>Teucrorum</span> <span class='ocrx_word' id='word_1_82' title='bbox 2419 1231 2709 1292; x_wconf 88' lang='lat' dir='ltr'><strong>avertere</strong></span> <span class='ocrx_word' id='word_1_83' title='bbox 2752 1226 3036 1311; x_wconf 81' lang='lat' dir='ltr'><strong>regem&#39;&#39;</strong></span> 
     </span>
     <span class='ocr_line' id='line_1_10' title="bbox 630 1331 3040 1399; baseline 0 -1"><span class='ocrx_word' id='word_1_84' title='bbox 630 1338 695 1398; x_wconf 90' lang='lat' dir='ltr'><strong>et</strong></span> <span class='ocrx_word' id='word_1_85' title='bbox 759 1335 921 1397; x_wconf 89' lang='lat' dir='ltr'><strong>mire</strong></span> <span class='ocrx_word' id='word_1_86' title='bbox 987 1333 1269 1399; x_wconf 80' lang='lat' dir='ltr'><strong>Aeneam</strong></span> <span class='ocrx_word' id='word_1_87' title='bbox 1318 1331 1531 1397; x_wconf 85' lang='lat' dir='ltr'><strong>noluit</strong></span> <span class='ocrx_word' id='word_1_88' title='bbox 1576 1334 1929 1399; x_wconf 85' lang='lat' dir='ltr'><strong>nominare.</strong></span> <span class='ocrx_word' id='word_1_89' title='bbox 1979 1331 2396 1399; x_wconf 90' lang='lat' dir='ltr'><strong>Honorantur</strong></span> <span class='ocrx_word' id='word_1_90' title='bbox 2441 1334 2614 1399; x_wconf 90' lang='lat' dir='ltr'><strong>enim</strong></span> <span class='ocrx_word' id='word_1_91' title='bbox 2659 1331 2938 1398; x_wconf 80' lang='lat' dir='ltr'><strong>minores</strong></span> <span class='ocrx_word' id='word_1_92' title='bbox 2995 1352 3040 1398; x_wconf 83' lang='lat' dir='ltr'><strong>a</strong></span> 
     </span>
     <span class='ocr_line' id='line_1_11' title="bbox 630 1437 3038 1524; baseline 0 -21"><span class='ocrx_word' id='word_1_93' title='bbox 630 1439 984 1505; x_wconf 90' lang='lat' dir='ltr'><strong>maioribus</strong></span> <span class='ocrx_word' id='word_1_94' title='bbox 1038 1441 1093 1504; x_wconf 90' lang='lat' dir='ltr'><strong>si</strong></span> <span class='ocrx_word' id='word_1_95' title='bbox 1140 1459 1255 1504; x_wconf 90' lang='lat' dir='ltr'><strong>suo</strong></span> <span class='ocrx_word' id='word_1_96' title='bbox 1302 1440 1557 1505; x_wconf 91' lang='lat' dir='ltr'><strong>nomine</strong></span> <span class='ocrx_word' id='word_1_97' title='bbox 1604 1438 1846 1505; x_wconf 87' lang='lat' dir='ltr'><strong>fuerint</strong></span> <span class='ocrx_word' id='word_1_98' title='bbox 1891 1441 2243 1519; x_wconf 88' lang='lat' dir='ltr'><strong>nominati,</strong></span> <span class='ocrx_word' id='word_1_99' title='bbox 2292 1444 2369 1504; x_wconf 89' lang='lat' dir='ltr'><strong>ut</strong></span> <span class='ocrx_word' id='word_1_100' title='bbox 2419 1437 2691 1518; x_wconf 88' lang='lat' dir='ltr'><strong>,‚Aeole,</strong></span> <span class='ocrx_word' id='word_1_101' title='bbox 2741 1459 3038 1524; x_wconf 88' lang='lat' dir='ltr'><strong>namque</strong></span> 
     </span>
     <span class='ocr_line' id='line_1_12' title="bbox 628 1543 3038 1613; baseline -0.001 -1"><span class='ocrx_word' id='word_1_102' title='bbox 628 1545 814 1613; x_wconf 84' lang='lat' dir='ltr'><strong>tibi’&#39;.</strong></span> <span class='ocrx_word' id='word_1_103' title='bbox 864 1543 1100 1613; x_wconf 89' lang='lat' dir='ltr'><strong>Contra</strong></span> <span class='ocrx_word' id='word_1_104' title='bbox 1144 1543 1533 1612; x_wconf 91' lang='lat' dir='ltr'><strong>contumelia</strong></span> <span class='ocrx_word' id='word_1_105' title='bbox 1579 1551 1679 1611; x_wconf 88' lang='lat' dir='ltr'><strong>est</strong></span> <span class='ocrx_word' id='word_1_106' title='bbox 1723 1547 1780 1611; x_wconf 92' lang='lat' dir='ltr'><strong>si</strong></span> <span class='ocrx_word' id='word_1_107' title='bbox 1825 1547 2098 1612; x_wconf 85' lang='lat' dir='ltr'><strong>maiores</strong></span> <span class='ocrx_word' id='word_1_108' title='bbox 2135 1567 2174 1612; x_wconf 91' lang='lat' dir='ltr'><strong>a</strong></span> <span class='ocrx_word' id='word_1_109' title='bbox 2211 1547 2570 1612; x_wconf 88' lang='lat' dir='ltr'><strong>minoribus</strong></span> <span class='ocrx_word' id='word_1_110' title='bbox 2603 1567 2721 1612; x_wconf 88' lang='lat' dir='ltr'><strong>suo</strong></span> <span class='ocrx_word' id='word_1_111' title='bbox 2759 1547 3038 1613; x_wconf 88' lang='lat' dir='ltr'><strong>nomine</strong></span> 
     </span>
     <span class='ocr_line' id='line_1_13' title="bbox 628 1651 3036 1740; baseline 0 -23"><span class='ocrx_word' id='word_1_112' title='bbox 628 1654 1058 1734; x_wconf 79' lang='lat' dir='ltr'><strong>nominantur,</strong></span> <span class='ocrx_word' id='word_1_113' title='bbox 1122 1657 1199 1718; x_wconf 86' lang='lat' dir='ltr'><strong>ut</strong></span> <span class='ocrx_word' id='word_1_114' title='bbox 1264 1651 1585 1732; x_wconf 59' lang='lat' dir='ltr'><strong>„Iunonis”</strong></span> <span class='ocrx_word' id='word_1_115' title='bbox 1630 1654 1852 1738; x_wconf 80' lang='lat' dir='ltr'><strong>gravis</strong></span> <span class='ocrx_word' id='word_1_116' title='bbox 1912 1652 2077 1731; x_wconf 88' lang='lat' dir='ltr'><strong>ira”,</strong></span> <span class='ocrx_word' id='word_1_117' title='bbox 2139 1659 2206 1719; x_wconf 84' lang='lat' dir='ltr'><strong>et</strong></span> <span class='ocrx_word' id='word_1_118' title='bbox 2274 1673 2540 1740; x_wconf 87' lang='lat' dir='ltr'><strong>„pacem</strong></span> <span class='ocrx_word' id='word_1_119' title='bbox 2585 1658 2650 1719; x_wconf 90' lang='lat' dir='ltr'><strong>te</strong></span> <span class='ocrx_word' id='word_1_120' title='bbox 2695 1655 3036 1739; x_wconf 87' lang='lat' dir='ltr'><strong>poscimus</strong></span> 
     </span>
     <span class='ocr_line' id='line_1_14' title="bbox 567 1759 1218 1840; baseline -0.002 -14"><span class='ocrx_word' id='word_1_121' title='bbox 567 1835 577 1840; x_wconf 47' lang='grc'><strong>,</strong></span> <span class='ocrx_word' id='word_1_122' title='bbox 629 1780 888 1840; x_wconf 89' lang='lat' dir='ltr'><strong>omnes,</strong></span> <span class='ocrx_word' id='word_1_123' title='bbox 938 1759 1218 1826; x_wconf 82' lang='lat' dir='ltr'><strong>Turne’&#39;.</strong></span> 
     </span>
    </p>
   </div>
   <div class='ocr_carea' id='block_1_3' title="bbox 620 1972 3032 4175">
    <p class='ocr_par' dir='ltr' id='par_1_4' title="bbox 620 1972 3032 4175">
     <span class='ocr_line' id='line_1_15' title="bbox 721 1972 3028 2061; baseline -0 -20"><span class='ocrx_word' id='word_1_124' title='bbox 721 1975 1153 2041; x_wconf 79' lang='lat' dir='ltr'><strong>Meminimus</strong></span> <span class='ocrx_word' id='word_1_125' title='bbox 1200 1973 1277 2040; x_wconf 87' lang='lat' dir='ltr'>W</span> <span class='ocrx_word' id='word_1_126' title='bbox 1298 1994 1481 2039; x_wconf 88' lang='lat' dir='ltr'><strong>essn</strong></span> <span class='ocrx_word' id='word_1_127' title='bbox 1500 1993 1729 2039; x_wconf 89' lang='lat' dir='ltr'><strong>erum</strong></span> <span class='ocrx_word' id='word_1_128' title='bbox 1776 1973 1997 2059; x_wconf 88' lang='lat' dir='ltr'><strong>(praef.</strong></span> <span class='ocrx_word' id='word_1_129' title='bbox 2048 1997 2111 2061; x_wconf 90' lang='lat' dir='ltr'><strong>p.</strong></span> <span class='ocrx_word' id='word_1_130' title='bbox 2161 1979 2347 2056; x_wconf 71' lang='lat' dir='ltr'><strong>XLVI)</strong></span> <span class='ocrx_word' id='word_1_131' title='bbox 2391 1973 2438 2040; x_wconf 83' lang='lat' dir='ltr'>S</span> <span class='ocrx_word' id='word_1_132' title='bbox 2458 1974 2552 2041; x_wconf 87' lang='lat' dir='ltr'><strong>ab</strong></span> <span class='ocrx_word' id='word_1_133' title='bbox 2571 1972 2905 2040; x_wconf 89' lang='lat' dir='ltr'><strong>badinii</strong></span> <span class='ocrx_word' id='word_1_134' title='bbox 2951 1981 3028 2040; x_wconf 86' lang='lat' dir='ltr'><strong>et</strong></span> 
     </span>
     <span class='ocr_line' id='line_1_16' title="bbox 626 2081 3030 2169; baseline 0 -21"><span class='ocrx_word' id='word_1_135' title='bbox 626 2082 688 2148; x_wconf 89' lang='lat' dir='ltr'>R</span> <span class='ocrx_word' id='word_1_136' title='bbox 702 2104 738 2150; x_wconf 88' lang='lat' dir='ltr'><strong>a</strong></span> <span class='ocrx_word' id='word_1_137' title='bbox 756 2084 796 2149; x_wconf 95' lang='lat' dir='ltr'>b</span> <span class='ocrx_word' id='word_1_138' title='bbox 811 2084 853 2148; x_wconf 91' lang='lat' dir='ltr'>b</span> <span class='ocrx_word' id='word_1_139' title='bbox 870 2104 906 2148; x_wconf 93' lang='lat' dir='ltr'><strong>o</strong></span> <span class='ocrx_word' id='word_1_140' title='bbox 922 2104 965 2150; x_wconf 81' lang='lat' dir='ltr'><strong>v</strong></span> <span class='ocrx_word' id='word_1_141' title='bbox 983 2084 1050 2148; x_wconf 90' lang='lat' dir='ltr'><strong>ii</strong></span> <span class='ocrx_word' id='word_1_142' title='bbox 1106 2083 1404 2169; x_wconf 81' lang='lat' dir='ltr'><strong>vestigiis</strong></span> <span class='ocrx_word' id='word_1_143' title='bbox 1451 2083 1859 2147; x_wconf 79' lang='lat' dir='ltr'><strong>insistentem</strong></span> <span class='ocrx_word' id='word_1_144' title='bbox 1904 2083 2245 2148; x_wconf 88' lang='lat' dir='ltr'><strong>coniecisse</strong></span> <span class='ocrx_word' id='word_1_145' title='bbox 2261 2131 2280 2160; x_wconf 88' lang='lat'><em>,</em></span> <span class='ocrx_word' id='word_1_146' title='bbox 2327 2081 2718 2148; x_wconf 82' lang='lat' dir='ltr'><strong>scholiorum</strong></span> <span class='ocrx_word' id='word_1_147' title='bbox 2764 2081 3030 2148; x_wconf 83' lang='lat' dir='ltr'><strong>ordines</strong></span> 
     </span>
     <span class='ocr_line' id='line_1_17' title="bbox 628 2186 3030 2275; baseline -0 -20"><span class='ocrx_word' id='word_1_148' title='bbox 628 2191 689 2255; x_wconf 90' lang='lat' dir='ltr'>A</span> <span class='ocrx_word' id='word_1_149' title='bbox 734 2196 799 2255; x_wconf 88' lang='lat' dir='ltr'><strong>et</strong></span> <span class='ocrx_word' id='word_1_150' title='bbox 848 2190 901 2255; x_wconf 93' lang='lat' dir='ltr'><strong>B</strong></span> <span class='ocrx_word' id='word_1_151' title='bbox 948 2195 1420 2275; x_wconf 86' lang='lat' dir='ltr'><strong>repraesentare</strong></span> <span class='ocrx_word' id='word_1_152' title='bbox 1468 2186 1861 2274; x_wconf 85' lang='lat' dir='ltr'><strong>exemplaria</strong></span> <span class='ocrx_word' id='word_1_153' title='bbox 1877 2236 1894 2268; x_wconf 87' lang='lat'>‚</span> <span class='ocrx_word' id='word_1_154' title='bbox 1945 2209 2109 2274; x_wconf 90' lang='lat' dir='ltr'><strong>quae</strong></span> <span class='ocrx_word' id='word_1_155' title='bbox 2153 2193 2486 2274; x_wconf 76' lang='lat' dir='ltr'><strong>excerptor</strong></span> <span class='ocrx_word' id='word_1_156' title='bbox 2531 2209 2700 2254; x_wconf 87' lang='lat' dir='ltr'><strong>unus</strong></span> <span class='ocrx_word' id='word_1_157' title='bbox 2743 2193 2812 2255; x_wconf 90' lang='lat' dir='ltr'><strong>et</strong></span> <span class='ocrx_word' id='word_1_158' title='bbox 2857 2187 3030 2254; x_wconf 88' lang='lat' dir='ltr'><strong>alter</strong></span> 
     </span>
     <span class='ocr_line' id='line_1_18' title="bbox 628 2293 3028 2376; baseline 0 -14"><span class='ocrx_word' id='word_1_159' title='bbox 628 2318 663 2362; x_wconf 91' lang='lat' dir='ltr'><strong>e</strong></span> <span class='ocrx_word' id='word_1_160' title='bbox 732 2301 1093 2362; x_wconf 92' lang='lat' dir='ltr'><strong>commento</strong></span> <span class='ocrx_word' id='word_1_161' title='bbox 1164 2293 1396 2361; x_wconf 89' lang='lat' dir='ltr'><strong>Donati</strong></span> <span class='ocrx_word' id='word_1_162' title='bbox 1466 2301 1722 2361; x_wconf 85' lang='lat' dir='ltr'><strong>servato</strong></span> <span class='ocrx_word' id='word_1_163' title='bbox 1791 2298 2069 2362; x_wconf 89' lang='lat' dir='ltr'><strong>auctoris</strong></span> <span class='ocrx_word' id='word_1_164' title='bbox 2139 2299 2394 2362; x_wconf 89' lang='lat' dir='ltr'><strong>nomine</strong></span> <span class='ocrx_word' id='word_1_165' title='bbox 2461 2295 2876 2376; x_wconf 79' lang='lat' dir='ltr'><strong>confecissent</strong></span> <span class='ocrx_word' id='word_1_166' title='bbox 2947 2317 3028 2362; x_wconf 79' lang='lat' dir='ltr'><strong>ac</strong></span> 
     </span>
     <span class='ocr_line' id='line_1_19' title="bbox 630 2400 3032 2489; baseline 0 -21"><span class='ocrx_word' id='word_1_167' title='bbox 630 2403 821 2489; x_wconf 81' lang='lat' dir='ltr'><strong>„plus</strong></span> <span class='ocrx_word' id='word_1_168' title='bbox 883 2403 1185 2468; x_wconf 83' lang='lat' dir='ltr'><strong>minusve</strong></span> <span class='ocrx_word' id='word_1_169' title='bbox 1246 2400 1698 2466; x_wconf 85' lang='lat' dir='ltr'><strong>transformata</strong></span> <span class='ocrx_word' id='word_1_170' title='bbox 1745 2403 1812 2465; x_wconf 92' lang='lat' dir='ltr'><strong>in</strong></span> <span class='ocrx_word' id='word_1_171' title='bbox 1862 2401 2392 2468; x_wconf 81' lang='lat' dir='ltr'><strong>Terentianorum</strong></span> <span class='ocrx_word' id='word_1_172' title='bbox 2438 2401 2736 2468; x_wconf 90' lang='lat' dir='ltr'><strong>codicum</strong></span> <span class='ocrx_word' id='word_1_173' title='bbox 2781 2405 3032 2488; x_wconf 82' lang='lat' dir='ltr'><strong>margi-</strong></span> 
     </span>
     <span class='ocr_line' id='line_1_20' title="bbox 626 2505 3026 2595; baseline 0 -19"><span class='ocrx_word' id='word_1_174' title='bbox 626 2510 778 2576; x_wconf 82' lang='lat' dir='ltr'><strong>nes&#39;&#39;</strong></span> <span class='ocrx_word' id='word_1_175' title='bbox 837 2506 1314 2575; x_wconf 88' lang='lat' dir='ltr'><strong>transtulissent</strong></span> <span class='ocrx_word' id='word_1_176' title='bbox 1331 2527 1347 2587; x_wconf 90' lang='lat'>;</span> <span class='ocrx_word' id='word_1_177' title='bbox 1412 2505 1812 2595; x_wconf 85' lang='lat' dir='ltr'><strong>Gompilator</strong></span> <span class='ocrx_word' id='word_1_178' title='bbox 1873 2514 2090 2575; x_wconf 89' lang='lat' dir='ltr'><strong>autem</strong></span> <span class='ocrx_word' id='word_1_179' title='bbox 2150 2509 2265 2575; x_wconf 92' lang='lat' dir='ltr'><strong>hos</strong></span> <span class='ocrx_word' id='word_1_180' title='bbox 2327 2507 2576 2575; x_wconf 88' lang='lat' dir='ltr'><strong>ordines</strong></span> <span class='ocrx_word' id='word_1_181' title='bbox 2623 2507 2702 2575; x_wconf 91' lang='lat' dir='ltr'><strong>ad</strong></span> <span class='ocrx_word' id='word_1_182' title='bbox 2747 2507 3026 2576; x_wconf 91' lang='lat' dir='ltr'><strong>Phorm.</strong></span> 
     </span>
     <span class='ocr_line' id='line_1_21' title="bbox 627 2612 3025 2700; baseline -0.001 -17"><span class='ocrx_word' id='word_1_183' title='bbox 627 2616 690 2683; x_wconf 94' lang='lat' dir='ltr'><strong>II</strong></span> <span class='ocrx_word' id='word_1_184' title='bbox 738 2616 779 2683; x_wconf 81' lang='lat'><strong>3</strong></span> <span class='ocrx_word' id='word_1_185' title='bbox 838 2615 1115 2683; x_wconf 87' lang='lat' dir='ltr'><strong>alterum</strong></span> <span class='ocrx_word' id='word_1_186' title='bbox 1179 2618 1325 2700; x_wconf 85' lang='lat' dir='ltr'><strong>post</strong></span> <span class='ocrx_word' id='word_1_187' title='bbox 1385 2612 1663 2680; x_wconf 87' lang='lat' dir='ltr'><strong>alterum</strong></span> <span class='ocrx_word' id='word_1_188' title='bbox 1712 2614 1988 2682; x_wconf 85' lang='lat' dir='ltr'><strong>dedisset</strong></span> <span class='ocrx_word' id='word_1_189' title='bbox 2004 2665 2020 2696; x_wconf 88' lang='lat'>,</span> <span class='ocrx_word' id='word_1_190' title='bbox 2071 2616 2180 2682; x_wconf 91' lang='lat' dir='ltr'><strong>sed</strong></span> <span class='ocrx_word' id='word_1_191' title='bbox 2227 2616 2374 2682; x_wconf 88' lang='lat' dir='ltr'><strong>dein</strong></span> <span class='ocrx_word' id='word_1_192' title='bbox 2421 2615 2502 2681; x_wconf 91' lang='lat' dir='ltr'><strong>ad</strong></span> <span class='ocrx_word' id='word_1_193' title='bbox 2549 2614 2812 2681; x_wconf 88' lang='lat' dir='ltr'><strong>Phorm.</strong></span> <span class='ocrx_word' id='word_1_194' title='bbox 2859 2614 2928 2682; x_wconf 94' lang='lat' dir='ltr'><strong>II</strong></span> <span class='ocrx_word' id='word_1_195' title='bbox 2977 2616 3025 2681; x_wconf 88' lang='lat'>4</span> 
     </span>
     <span class='ocr_line' id='line_1_22' title="bbox 626 2719 3024 2810; baseline -0.001 -19"><span class='ocrx_word' id='word_1_196' title='bbox 626 2746 831 2810; x_wconf 88' lang='lat' dir='ltr'><strong>usque</strong></span> <span class='ocrx_word' id='word_1_197' title='bbox 894 2723 973 2789; x_wconf 90' lang='lat' dir='ltr'><strong>ad</strong></span> <span class='ocrx_word' id='word_1_198' title='bbox 1038 2722 1231 2788; x_wconf 87' lang='lat' dir='ltr'><strong>finem</strong></span> <span class='ocrx_word' id='word_1_199' title='bbox 1293 2719 1544 2787; x_wconf 87' lang='lat' dir='ltr'><strong>fabulae</strong></span> <span class='ocrx_word' id='word_1_200' title='bbox 1606 2721 1902 2809; x_wconf 81' lang='lat' dir='ltr'><strong>neglecto</strong></span> <span class='ocrx_word' id='word_1_201' title='bbox 1963 2722 2165 2789; x_wconf 90' lang='lat' dir='ltr'><strong>altero</strong></span> <span class='ocrx_word' id='word_1_202' title='bbox 2225 2721 2501 2788; x_wconf 87' lang='lat' dir='ltr'><strong>alterum</strong></span> <span class='ocrx_word' id='word_1_203' title='bbox 2563 2724 3024 2789; x_wconf 73' lang='lat' dir='ltr'><strong>tantummodo</strong></span> 
     </span>
     <span class='ocr_line' id='line_1_23' title="bbox 626 2826 3027 2914; baseline -0.001 -17"><span class='ocrx_word' id='word_1_204' title='bbox 626 2832 711 2914; x_wconf 90' lang='lat' dir='ltr'><strong>(A</strong></span> <span class='ocrx_word' id='word_1_205' title='bbox 758 2829 863 2897; x_wconf 83' lang='lat' dir='ltr'><strong>vel</strong></span> <span class='ocrx_word' id='word_1_206' title='bbox 884 2848 889 2851; x_wconf 83' lang='grc'><strong><em>·</em></strong></span> <span class='ocrx_word' id='word_1_207' title='bbox 909 2830 990 2912; x_wconf 90' lang='grc' dir='ltr'><strong>Β)</strong></span> <span class='ocrx_word' id='word_1_208' title='bbox 1053 2826 1434 2895; x_wconf 88' lang='lat' dir='ltr'><strong>rettulisset.</strong></span> <span class='ocrx_word' id='word_1_209' title='bbox 1506 2828 1675 2909; x_wconf 82' lang='lat' dir='ltr'><strong>Quid</strong></span> <span class='ocrx_word' id='word_1_210' title='bbox 1747 2828 1824 2895; x_wconf 89' lang='lat' dir='ltr'><strong>de</strong></span> <span class='ocrx_word' id='word_1_211' title='bbox 1886 2829 2004 2895; x_wconf 84' lang='lat' dir='ltr'><strong>hac</strong></span> <span class='ocrx_word' id='word_1_212' title='bbox 2065 2831 2428 2896; x_wconf 84' lang='lat' dir='ltr'><strong>coniectura</strong></span> <span class='ocrx_word' id='word_1_213' title='bbox 2483 2828 2868 2895; x_wconf 88' lang='lat' dir='ltr'><strong>censendum</strong></span> <span class='ocrx_word' id='word_1_214' title='bbox 2909 2832 3027 2903; x_wconf 72' lang='lat' dir='ltr'><strong>‚sit</strong></span> 
     </span>
     <span class='ocr_line' id='line_1_24' title="bbox 624 2934 3018 3024; baseline -0.001 -21"><span class='ocrx_word' id='word_1_215' title='bbox 624 2958 819 3024; x_wconf 87' lang='lat' dir='ltr'><strong>supra</strong></span> <span class='ocrx_word' id='word_1_216' title='bbox 865 2938 1021 3002; x_wconf 88' lang='lat' dir='ltr'><strong>satis</strong></span> <span class='ocrx_word' id='word_1_217' title='bbox 1065 2936 1416 3022; x_wconf 81' lang='lat' dir='ltr'><strong>disputavi.</strong></span> <span class='ocrx_word' id='word_1_218' title='bbox 1464 2934 1653 3001; x_wconf 91' lang='lat' dir='ltr'><strong>Nunc</strong></span> <span class='ocrx_word' id='word_1_219' title='bbox 1697 2934 1765 3000; x_wconf 92' lang='lat' dir='ltr'><strong>id</strong></span> <span class='ocrx_word' id='word_1_220' title='bbox 1811 2940 2069 3007; x_wconf 86' lang='lat' dir='ltr'><strong>tantum</strong></span> <span class='ocrx_word' id='word_1_221' title='bbox 2108 2957 2338 3002; x_wconf 87' lang='lat' dir='ltr'><strong>moneo</strong></span> <span class='ocrx_word' id='word_1_222' title='bbox 2357 2986 2375 3015; x_wconf 93' lang='lat'><strong><em>,</em></strong></span> <span class='ocrx_word' id='word_1_223' title='bbox 2415 2957 2566 3001; x_wconf 92' lang='lat' dir='ltr'><strong>cum</strong></span> <span class='ocrx_word' id='word_1_224' title='bbox 2603 2938 2672 3001; x_wconf 88' lang='lat' dir='ltr'><strong>in</strong></span> <span class='ocrx_word' id='word_1_225' title='bbox 2712 2934 3018 3001; x_wconf 88' lang='lat' dir='ltr'><strong>ordinum</strong></span> 
     </span>
     <span class='ocr_line' id='line_1_25' title="bbox 622 3039 3019 3128; baseline -0 -19"><span class='ocrx_word' id='word_1_226' title='bbox 622 3042 887 3110; x_wconf 89' lang='lat' dir='ltr'><strong>scholiis</strong></span> <span class='ocrx_word' id='word_1_227' title='bbox 953 3044 1011 3107; x_wconf 89' lang='lat' dir='ltr'>A</span> <span class='ocrx_word' id='word_1_228' title='bbox 1072 3047 1137 3108; x_wconf 90' lang='lat' dir='ltr'><strong>et</strong></span> <span class='ocrx_word' id='word_1_229' title='bbox 1196 3042 1270 3119; x_wconf 90' lang='lat' dir='ltr'><strong>B,</strong></span> <span class='ocrx_word' id='word_1_230' title='bbox 1334 3048 1479 3107; x_wconf 90' lang='lat' dir='ltr'><strong>tum</strong></span> <span class='ocrx_word' id='word_1_231' title='bbox 1538 3042 1608 3106; x_wconf 90' lang='lat' dir='ltr'><strong>in</strong></span> <span class='ocrx_word' id='word_1_232' title='bbox 1669 3039 1937 3128; x_wconf 89' lang='lat' dir='ltr'><strong>reliquis</strong></span> <span class='ocrx_word' id='word_1_233' title='bbox 1995 3042 2074 3108; x_wconf 92' lang='lat' dir='ltr'><strong>ad</strong></span> <span class='ocrx_word' id='word_1_234' title='bbox 2135 3042 2296 3108; x_wconf 93' lang='lat' dir='ltr'><strong>Pho.</strong></span> <span class='ocrx_word' id='word_1_235' title='bbox 2359 3042 2423 3109; x_wconf 93' lang='lat'><strong>11</strong></span> <span class='ocrx_word' id='word_1_236' title='bbox 2472 3042 2512 3105; x_wconf 92' lang='lat'>4</span> <span class='ocrx_word' id='word_1_237' title='bbox 2552 3063 2687 3128; x_wconf 89' lang='lat' dir='ltr'><strong>sqq.</strong></span> <span class='ocrx_word' id='word_1_238' title='bbox 2748 3062 2932 3128; x_wconf 90' lang='lat' dir='ltr'><strong>prors</strong></span> <span class='ocrx_word' id='word_1_239' title='bbox 2941 3064 3019 3108; x_wconf 88' lang='lat' dir='ltr'><strong>us</strong></span> 
     </span>
     <span class='ocr_line' id='line_1_26' title="bbox 624 3147 3020 3237; baseline -0 -20"><span class='ocrx_word' id='word_1_240' title='bbox 624 3148 903 3217; x_wconf 88' lang='lat' dir='ltr'><strong>similem</strong></span> <span class='ocrx_word' id='word_1_241' title='bbox 950 3147 1238 3215; x_wconf 89' lang='lat' dir='ltr'><strong>eiusdem</strong></span> <span class='ocrx_word' id='word_1_242' title='bbox 1282 3147 1762 3235; x_wconf 87' lang='lat' dir='ltr'><strong>Interpolatoris</strong></span> <span class='ocrx_word' id='word_1_243' title='bbox 1820 3169 2078 3235; x_wconf 88' lang='lat' dir='ltr'><strong>operam</strong></span> <span class='ocrx_word' id='word_1_244' title='bbox 2139 3149 2322 3215; x_wconf 86' lang='lat' dir='ltr'><strong>nobis</strong></span> <span class='ocrx_word' id='word_1_245' title='bbox 2381 3147 2730 3215; x_wconf 88' lang='lat' dir='ltr'><strong>identidem</strong></span> <span class='ocrx_word' id='word_1_246' title='bbox 2793 3147 3020 3237; x_wconf 87' lang='lat' dir='ltr'><strong>depre-</strong></span> 
     </span>
     <span class='ocr_line' id='line_1_27' title="bbox 624 3254 3020 3340; baseline 0 -18"><span class='ocrx_word' id='word_1_247' title='bbox 624 3257 889 3322; x_wconf 90' lang='lat' dir='ltr'><strong>hensam</strong></span> <span class='ocrx_word' id='word_1_248' title='bbox 953 3275 1089 3320; x_wconf 91' lang='lat' dir='ltr'><strong>esse</strong></span> <span class='ocrx_word' id='word_1_249' title='bbox 1109 3303 1124 3332; x_wconf 91' lang='lat'><strong><em>,</em></strong></span> <span class='ocrx_word' id='word_1_250' title='bbox 1187 3275 1384 3340; x_wconf 88' lang='lat' dir='ltr'><strong>quam</strong></span> <span class='ocrx_word' id='word_1_251' title='bbox 1444 3260 1631 3321; x_wconf 84' lang='lat' dir='ltr'><strong>antea</strong></span> <span class='ocrx_word' id='word_1_252' title='bbox 1691 3257 2029 3321; x_wconf 87' lang='lat' dir='ltr'><strong>sescenties</strong></span> <span class='ocrx_word' id='word_1_253' title='bbox 2089 3255 2468 3322; x_wconf 86' lang='lat' dir='ltr'><strong>offendimus</strong></span> <span class='ocrx_word' id='word_1_254' title='bbox 2512 3258 2580 3320; x_wconf 91' lang='lat' dir='ltr'><strong>in</strong></span> <span class='ocrx_word' id='word_1_255' title='bbox 2627 3254 2883 3322; x_wconf 89' lang='lat' dir='ltr'><strong>scholiis</strong></span> <span class='ocrx_word' id='word_1_256' title='bbox 2931 3256 3020 3322; x_wconf 88' lang='lat' dir='ltr'><strong>ad</strong></span> 
     </span>
     <span class='ocr_line' id='line_1_28' title="bbox 624 3360 3020 3448; baseline 0.001 -21"><span class='ocrx_word' id='word_1_257' title='bbox 624 3360 901 3447; x_wconf 87' lang='lat' dir='ltr'><strong>reliquas</strong></span> <span class='ocrx_word' id='word_1_258' title='bbox 962 3360 1208 3427; x_wconf 86' lang='lat' dir='ltr'><strong>fabulas</strong></span> <span class='ocrx_word' id='word_1_259' title='bbox 1271 3366 1336 3426; x_wconf 90' lang='lat' dir='ltr'><strong>et</strong></span> <span class='ocrx_word' id='word_1_260' title='bbox 1393 3363 1661 3427; x_wconf 90' lang='lat' dir='ltr'><strong>initium</strong></span> <span class='ocrx_word' id='word_1_261' title='bbox 1721 3361 2126 3428; x_wconf 86' lang='lat' dir='ltr'><strong>Phormionis</strong></span> <span class='ocrx_word' id='word_1_262' title='bbox 2143 3411 2160 3442; x_wconf 88' lang='lat'><strong><em>,</em></strong></span> <span class='ocrx_word' id='word_1_263' title='bbox 2226 3362 2394 3428; x_wconf 90' lang='lat' dir='ltr'><strong>unde</strong></span> <span class='ocrx_word' id='word_1_264' title='bbox 2453 3363 2746 3448; x_wconf 89' lang='lat' dir='ltr'><strong>sequitur</strong></span> <span class='ocrx_word' id='word_1_265' title='bbox 2804 3361 2966 3429; x_wconf 91' lang='lat' dir='ltr'><strong>illo</strong></span> <span class='ocrx_word' id='word_1_266' title='bbox 2987 3385 3020 3429; x_wconf 92' lang='lat' dir='ltr'><strong>s</strong></span> 
     </span>
     <span class='ocr_line' id='line_1_29' title="bbox 626 3466 3017 3556; baseline 0.001 -23"><span class='ocrx_word' id='word_1_267' title='bbox 626 3466 963 3533; x_wconf 89' lang='lat' dir='ltr'><strong>ordines</strong></span> <span class='ocrx_word' id='word_1_268' title='bbox 1022 3472 1105 3532; x_wconf 85' lang='lat' dir='ltr'><strong>et</strong></span> <span class='ocrx_word' id='word_1_269' title='bbox 1165 3470 1690 3534; x_wconf 88' lang='lat' dir='ltr'><strong>rarescentia</strong></span> <span class='ocrx_word' id='word_1_270' title='bbox 1752 3467 2079 3534; x_wconf 87' lang='lat' dir='ltr'><strong>scholia</strong></span> <span class='ocrx_word' id='word_1_271' title='bbox 2141 3470 2226 3533; x_wconf 89' lang='lat' dir='ltr'><strong>in</strong></span> <span class='ocrx_word' id='word_1_272' title='bbox 2285 3467 2716 3556; x_wconf 72' lang='lat' dir='ltr'><strong>reliquam</strong></span> <span class='ocrx_word' id='word_1_273' title='bbox 2763 3470 2930 3535; x_wconf 90' lang='lat' dir='ltr'><strong>Pho</strong></span> <span class='ocrx_word' id='word_1_274' title='bbox 2951 3492 3017 3537; x_wconf 88' lang='lat'><strong>1·-</strong></span> 
     </span>
     <span class='ocr_line' id='line_1_30' title="bbox 626 3561 3018 3662; baseline 0.002 -23"><span class='ocrx_word' id='word_1_275' title='bbox 626 3576 991 3640; x_wconf 90' lang='lat' dir='ltr'><strong>mionem</strong></span> <span class='ocrx_word' id='word_1_276' title='bbox 1056 3572 1150 3637; x_wconf 89' lang='lat' dir='ltr'><strong>ad</strong></span> <span class='ocrx_word' id='word_1_277' title='bbox 1195 3573 1713 3661; x_wconf 86' lang='lat' dir='ltr'><strong>exemplaria</strong></span> <span class='ocrx_word' id='word_1_278' title='bbox 1757 3574 1894 3642; x_wconf 81' lang='lat' dir='ltr'><strong>vel</strong></span> <span class='ocrx_word' id='word_1_279' title='bbox 1940 3561 2369 3662; x_wconf 57' lang='lat' dir='ltr'><strong>ex&#39;emplar</strong></span> <span class='ocrx_word' id='word_1_280' title='bbox 2415 3578 2858 3643; x_wconf 90' lang='lat' dir='ltr'><strong>commenti</strong></span> <span class='ocrx_word' id='word_1_281' title='bbox 2901 3598 3018 3644; x_wconf 90' lang='lat' dir='ltr'><strong>re—</strong></span> 
     </span>
     <span class='ocr_line' id='line_1_31' title="bbox 624 3679 3020 3770; baseline 0.001 -22"><span class='ocrx_word' id='word_1_282' title='bbox 624 3679 993 3748; x_wconf 80' lang='lat' dir='ltr'><strong>vocanda</strong></span> <span class='ocrx_word' id='word_1_283' title='bbox 1054 3701 1267 3759; x_wconf 88' lang='lat' dir='ltr'><strong>esse,</strong></span> <span class='ocrx_word' id='word_1_284' title='bbox 1330 3680 1547 3766; x_wconf 90' lang='lat' dir='ltr'><strong>quod</strong></span> <span class='ocrx_word' id='word_1_285' title='bbox 1594 3682 1929 3761; x_wconf 89' lang='lat' dir='ltr'><strong>abillo,</strong></span> <span class='ocrx_word' id='word_1_286' title='bbox 1977 3702 2216 3768; x_wconf 87' lang='lat' dir='ltr'><strong>quem</strong></span> <span class='ocrx_word' id='word_1_287' title='bbox 2261 3681 2695 3750; x_wconf 83' lang='lat' dir='ltr'><strong>Editorem</strong></span> <span class='ocrx_word' id='word_1_288' title='bbox 2741 3684 3020 3770; x_wconf 89' lang='lat' dir='ltr'><strong>appel-</strong></span> 
     </span>
     <span class='ocr_line' id='line_1_32' title="bbox 624 3786 3020 3876; baseline 0.002 -22"><span class='ocrx_word' id='word_1_289' title='bbox 624 3787 838 3867; x_wconf 88' lang='lat' dir='ltr'><strong>lavi,</strong></span> <span class='ocrx_word' id='word_1_290' title='bbox 921 3786 1767 3872; x_wconf 78' lang='lat' dir='ltr'><strong>interpolationibus</strong></span> <span class='ocrx_word' id='word_1_291' title='bbox 1844 3790 2006 3854; x_wconf 88' lang='lat' dir='ltr'><strong>iam</strong></span> <span class='ocrx_word' id='word_1_292' title='bbox 2085 3809 2592 3876; x_wconf 81' lang='lat' dir='ltr'><strong>magnopere</strong></span> <span class='ocrx_word' id='word_1_293' title='bbox 2673 3796 3020 3859; x_wconf 89' lang='lat' dir='ltr'><strong>auctum</strong></span> 
     </span>
     <span class='ocr_line' id='line_1_33' title="bbox 623 3894 3023 3976; baseline 0.002 -15"><span class='ocrx_word' id='word_1_294' title='bbox 623 3918 659 3961; x_wconf 88' lang='lat' dir='ltr'><strong>e</strong></span> <span class='ocrx_word' id='word_1_295' title='bbox 675 3917 705 3961; x_wconf 88' lang='lat' dir='ltr'><strong>s</strong></span> <span class='ocrx_word' id='word_1_296' title='bbox 722 3916 752 3959; x_wconf 87' lang='lat' dir='ltr'><strong>s</strong></span> <span class='ocrx_word' id='word_1_297' title='bbox 767 3916 803 3961; x_wconf 99' lang='lat' dir='ltr'><strong>e</strong></span> <span class='ocrx_word' id='word_1_298' title='bbox 820 3900 866 3960; x_wconf 88' lang='lat' dir='ltr'><strong>t.</strong></span> <span class='ocrx_word' id='word_1_299' title='bbox 924 3894 1094 3976; x_wconf 82' lang='lat' dir='ltr'><strong>Quid</strong></span> <span class='ocrx_word' id='word_1_300' title='bbox 1140 3899 1359 3960; x_wconf 88' lang='lat' dir='ltr'><strong>autem</strong></span> <span class='ocrx_word' id='word_1_301' title='bbox 1408 3916 1698 3962; x_wconf 89' lang='lat' dir='ltr'><strong>censeam</strong></span> <span class='ocrx_word' id='word_1_302' title='bbox 1746 3896 1824 3961; x_wconf 91' lang='lat' dir='ltr'><strong>de</strong></span> <span class='ocrx_word' id='word_1_303' title='bbox 1871 3896 2171 3963; x_wconf 92' lang='lat' dir='ltr'><strong>ordinum</strong></span> <span class='ocrx_word' id='word_1_304' title='bbox 2216 3895 2482 3963; x_wconf 89' lang='lat' dir='ltr'><strong>illorum</strong></span> <span class='ocrx_word' id='word_1_305' title='bbox 2529 3900 3023 3965; x_wconf 87' lang='lat' dir='ltr'><strong>rarescentium-</strong></span> 
     </span>
     <span class='ocr_line' id='line_1_34' title="bbox 622 4001 3020 4091; baseline 0.003 -25"><span class='ocrx_word' id='word_1_306' title='bbox 622 4022 745 4088; x_wconf 89' lang='lat' dir='ltr'><strong>que</strong></span> <span class='ocrx_word' id='word_1_307' title='bbox 802 4001 1194 4067; x_wconf 90' lang='lat' dir='ltr'><strong>scholiorum</strong></span> <span class='ocrx_word' id='word_1_308' title='bbox 1240 4008 1498 4069; x_wconf 88' lang='lat' dir='ltr'><strong>auctore</strong></span> <span class='ocrx_word' id='word_1_309' title='bbox 1545 4008 1611 4069; x_wconf 86' lang='lat' dir='ltr'><strong>et</strong></span> <span class='ocrx_word' id='word_1_310' title='bbox 1658 4004 1908 4091; x_wconf 79' lang='lat' dir='ltr'><strong>origine</strong></span> <span class='ocrx_word' id='word_1_311' title='bbox 1953 4004 2018 4067; x_wconf 88' lang='lat' dir='ltr'><strong>in</strong></span> <span class='ocrx_word' id='word_1_312' title='bbox 2065 4006 2358 4089; x_wconf 88' lang='lat' dir='ltr'><strong>sequenti</strong></span> <span class='ocrx_word' id='word_1_313' title='bbox 2403 4006 2612 4090; x_wconf 86' lang='lat' dir='ltr'><strong>capite</strong></span> <span class='ocrx_word' id='word_1_314' title='bbox 2651 4005 2771 4071; x_wconf 89' lang='lat' dir='ltr'><strong>sub</strong></span> <span class='ocrx_word' id='word_1_315' title='bbox 2815 4004 3020 4073; x_wconf 88' lang='lat' dir='ltr'><strong>finem</strong></span> 
     </span>
     <span class='ocr_line' id='line_1_35' title="bbox 620 4106 972 4175; baseline -0.006 0"><span class='ocrx_word' id='word_1_316' title='bbox 620 4106 972 4175; x_wconf 87' lang='lat' dir='ltr'><strong>declarabo.</strong></span> 
     </span>
    </p>
   </div>
  </div>
 </body>
</html>
