3246 5085
649 330 734 400 '72
1503 351 1761 399 MAnous
1807 350 2191 400 mronmus,

739 515 904 581 Ibid.
953 515 1064 580 21.
1130 515 1418 581 Perlecto
1480 520 1617 581 toto
1682 494 1887 600 capite
1935 520 2205 601 apparet
2252 516 2519 580 minime
2568 514 2871 580 tentanda
2912 537 3057 581 esse

648 622 843 688 verba
890 625 1111 684 παῦλα
1155 623 1255 684 καὶ
1300 616 1413 685 οἷον
1456 622 1753 697 θάνατος,
1795 623 2029 706 quibus
2068 620 2257 686 solito
2295 640 2472 686 more
2510 625 2773 686 excusat
2819 627 3055 686 auctor

644 730 820 793 vocis
881 728 1141 798 θάνατος
1207 726 1541 792 audaciam
1601 732 1826 812 utpote
1884 748 2113 812 parum
2175 729 2431 812 proprie
2479 727 2554 791 de
2600 727 3048 791 intentionum

646 833 751 898 vel
822 835 1199 917 opinionum
1267 835 1609 897 cessatione
1675 831 2019 896 adhibitae.
2091 832 2288 897 Porro
2350 834 2609 896 omnino
2670 832 3045 917 recipienda

645 943 781 1003 erat
841 937 1035 1003 lectio
1093 938 1270 1002 codd.
1322 937 1459 1017 AD,
1509 941 1622 1022 qui
1668 939 1735 1001 in
1786 938 1999 1003 verbis
2048 931 2297 1009 πολλοῖς
2344 937 2646 1015 διαφορὰς
2694 938 2798 1002 καὶ
2847 961 3053 1013 μετα-

646 1042 845 1119 βολὰς
897 1043 1000 1107 καὶ
1057 1041 1390 1118 άπολήξεις
1443 1044 1723 1121 εὑρίσκων
1772 1047 1920 1128 apte
1966 1043 2297 1120 διαφθορὰς
2347 1043 2668 1107 exhibent.
2744 1041 3043 1128 Denique

646 1170 797 1214 cum
831 1170 1017 1214 suam
1053 1152 1260 1234 ipsius
1300 1151 1504 1214 vitam
1545 1148 2019 1234 contempletur
2058 1154 2275 1214 noster
2312 1148 2419 1228 (cf.
2463 1149 2561 1212 ἐπὶ
2604 1148 2738 1223 βίον
2778 1154 2881 1214 τὸν
2922 1149 3048 1213 ὑπὸ

645 1257 730 1333 τῷ
802 1255 1082 1335 πάππῳ,
1155 1250 1295 1318 εἶτα
1365 1256 1466 1317 τὸν
1532 1257 1646 1320 ὑπὸ
1708 1264 1785 1333 τῇ
1849 1256 2035 1332 μητρί
2099 1254 2305 1339 κακὲ.)
2365 1257 2633 1320 minime
2680 1255 3039 1340 spernenda

645 1360 992 1426 eorundem
1037 1359 1214 1425 codd.
1263 1360 1454 1426 lectio
1500 1367 1534 1437 ἦ
1580 1364 1689 1424 τοῦ
1740 1357 1877 1424 ὅλου
1922 1363 2029 1423 σοῦ
2078 1359 2244 1437 βίου.

736 1577 899 1644 Ibid.
949 1576 1057 1643 29.
1122 1579 1208 1653 μὴ
1274 1581 1383 1653 τὴν
1447 1577 1777 1650 Πλάτωνος
1829 1579 2149 1642 πολιτείαν
2200 1575 2451 1657 ἔλπιζε,
2500 1576 2676 1640 άλλοὶ
2727 1576 2931 1655 άρκοῦ,
2988 1576 3045 1640 εἶ

647 1684 716 1748 τὸ
779 1684 1188 1764 βραχύτατον
1249 1683 1478 1761 πρόεισι
1544 1686 1648 1748 καὶ
1700 1684 1917 1747 τούτου
1965 1685 2153 1747 αὐτοῦ
2202 1686 2311 1758 τὴν
2359 1682 2641 1758 ἔκβασιν,
2693 1682 2765 1752 ὦς
2819 1683 2888 1745 οὐ
2932 1705 3043 1756 μι·

648 1792 780 1868 κρόν
827 1790 894 1854 τί
939 1791 1105 1866 ἐστι,
1156 1789 1410 1854 διανοοῦ.
1458 1790 1674 1866 δόγμα
1723 1789 1850 1868 γὰρ
1900 1789 2100 1852 αὐτῶν
2142 1789 2232 1860 τίς
2276 1786 2677 1865 μεταβαλεῖς
2731 1785 2919 1867 χωρὶς
2972 1787 3043 1850 δὲ

647 1895 980 1973 δογμάτων
1042 1893 1406 1970 μεταβολῆς
1472 1895 1536 1957 τί
1597 1891 1757 1958 ἄλλο
1824 1883 2153 1968 ἣδουλεία
2198 1895 2525 1958 στενόντων
2573 1891 2675 1955 καὶ
2726 1893 3046 1955 πείθεσθαι

647 1998 1186 2079 προσποιουμένων.
1251 1999 1458 2064 Locus
1519 1998 1973 2064 celeberrimus
1995 2047 2011 2074 ,
2073 2002 2141 2063 in
2205 2020 2327 2083 quo
2392 2001 2591 2063 animi
2638 1996 2923 2062 dolorem
2972 2003 3044 2061 et

646 2106 1153 2190 desperationem
1213 2104 1482 2170 effundit
1543 2110 1783 2182 auctor,
1849 2111 1991 2169 tum
2054 2104 2319 2169 demum
2383 2110 2551 2169 recte
2613 2103 2932 2188 procedit,
2982 2105 3045 2168 si

645 2213 956 2296 recipitur
1017 2210 1196 2276 codd.
1245 2208 1377 2274 AD
1436 2208 1627 2274 lectio
1676 2211 1755 2281 ὡς
1801 2210 2010 2288 μικρόν
2058 2211 2122 2274 τί
2168 2211 2300 2273 ἐστι
2345 2212 2387 2274 i.
2416 2230 2468 2275 e.
2516 2209 2777 2292 sufficiat
2824 2207 2939 2271 tibi
2982 2210 3045 2271 si

644 2316 741 2380 vel
798 2316 1036 2379 minime
1096 2338 1192 2379 ree
1241 2314 1600 2396 processerit
1662 2323 1719 2378 et
1764 2315 1941 2378 illim
1982 2315 2180 2397 ipsine
2224 2315 2446 2378 exitum
2491 2337 2668 2400 quam
2714 2315 2841 2378 leve
2888 2315 3044 2398 quid

645 2423 728 2484 sit
791 2420 1121 2484 considera.
1193 2421 1354 2484 Nam
1413 2422 1690 2502 doqma-ta
1752 2420 2048 2483 homimem
2108 2421 2244 2505 quis
2303 2419 2623 2484 mutaverit
2639 2421 2676 2483 ?
2750 2421 3042 2499 doqmati—

645 2527 751 2591 bus
798 2532 992 2591 autem
1035 2515 1154 2591 non
1199 2526 1444 2590 mutatis
1490 2525 1641 2611 quid
1687 2532 1774 2589 eet
1816 2526 1993 2589 aliud
2030 2525 2154 2590 αἰεὶ
2191 2526 2449 2591 servitus
2496 2526 3001 2607 imminentium
3018 2574 3035 2603 ,

646 2640 926 2720 etqseqq.

733 2836 900 2902 Ibid.
950 2835 1057 2903 39.
1108 2836 1141 2911 ἢ
1193 2834 1410 2910 ἄτομοι
1461 2837 1562 2899 καὶ
1613 2833 1779 2899 οὐδὲν
1829 2834 1990 2899 ἄλλο
2040 2835 2074 2910 ἢ
2126 2836 2349 2899 κυκεὼν
2398 2834 2501 2899 καὶ
2542 2833 2931 2912 σκεδασμός·
2972 2836 3043 2899 τί

643 2936 742 3006 οὖν
784 2942 1096 3024 ταράσσῃ3
1140 2944 1223 3021 τῷ
1268 2943 1609 3021 ἡγεμονικῷ
1652 2942 1896 3018 λέγεις·
1942 2940 2269 3017 τέθνηκας,
2302 2935 2626 3019 ἔφθαρται,
2653 2941 3033 3017 τεθηρίασαι.

647 3048 892 3127 „Locus
952 3050 1294 3134 insigniter
1354 3046 1784 3133 depravatus''
1853 3044 2002 3112 Grat.
2069 3046 2418 3112 Memorari
2462 3052 2633 3111 certe
2678 3045 2950 3111 debebat
2995 3068 3034 3111 a

642 3154 886 3221 Stichio
949 3156 1311 3219 coniectura
1369 3152 1667 3218 Salmasii
1686 3202 1702 3229 ‚
1760 3154 1903 3237 qui,
1968 3153 2123 3239 quid
2183 3156 2323 3238 ipsa
2384 3154 2699 3218 sententia
2742 3151 3027 3237 flagitet,

640 3266 808 3325 recte
846 3262 1202 3345 perspexit,
1252 3258 1408 3323 dum
1454 3258 1679 3323 scribit
1728 3258 1979 3336 (μήτι)
2029 3259 2115 3337 τῷ
2164 3260 2504 3338 ἡγεμονικῷ
2555 3257 2797 3336 λέγεις;

736 3476 818 3541 X.
871 3475 931 3541 1.
983 3476 1196 3541 πάντα
1237 3499 1326 3539 σοι
1368 3476 1540 3554 παρὰ
1583 3480 1701 3539 τῶν
1750 3476 1887 3539 θεῶν
1929 3474 2190 3554 πάρεστι
2234 3478 2337 3541 καὶ
2380 3476 2594 3540 πάντα
2633 3500 2722 3540 σοι
2774 3472 2840 3541 εὖ
2888 3474 3027 3556 ἔχει

643 3584 746 3647 καὶ
813 3580 879 3648 εὖ
941 3579 1102 3659 ἕξει,
1163 3576 1283 3646 ὅσα
1341 3581 1526 3659 Φίλον
1583 3583 1795 3654 αὐτοῖς
1846 3582 1949 3645 καὶ
1999 3576 2117 3645 ὅσα
2161 3582 2459 3658 μέλλουσι
2510 3581 2717 3646 δώσειν
2765 3584 2867 3646 ἐπὶ
2916 3607 3031 3645 σω-

641 3688 821 3771 τηρία
869 3692 973 3753 τοῦ
1020 3687 1256 3751 τελείου
1303 3684 1446 3768 ζῴου
1497 3690 1604 3751 τοῦ
1653 3688 1892 3763 άγαθοῦ
1940 3688 2044 3750 καὶ
2088 3686 2320 3751 δικαίου
2361 3686 2465 3751 καὶ
2510 3690 2703 3751 καλοῦ
2746 3686 2851 3751 καὶ
2892 3710 3031 3765 γεν-

641 3801 851 3865 νῶντος
899 3793 1114 3857 πάντα
1163 3792 1266 3857 καὶ
1316 3792 1675 3873 συνέχοντος
1727 3792 1829 3855 καὶ
1882 3793 2263 3871 περιέχοντος
2307 3794 2409 3855 καὶ
2453 3792 3027 3871 περιλαμβάνοντος

643 3886 1022 3974 διαλυόμενα
1085 3900 1169 3968 είς
1233 3896 1470 3975 γένεο-ιν
1535 3897 1748 3974 ἑτέρων
1810 3898 2041 3970 ὁμοίων.
2106 3897 2275 3978 Quid
2334 3896 2567 3963 ultima
2614 3898 2739 3965 sibi
2786 3898 3024 3979 velint,

639 4003 809 4069 haud
872 4002 1054 4069 facile
1115 4003 1385 4080 dixeris;
1433 4004 1681 4089 corrige
1729 4003 2339 4082 παραλαμβάνοντος
2392 4002 2767 4080 διαλυόμενα
2818 4008 2903 4076 εἷς
2954 4030 3024 4082 γ.

639 4110 689 4174 ἕ.
738 4110 787 4175 ὃ.
849 4111 892 4175 i.
918 4130 972 4175 e.
1037 4110 1235 4174 onmia
1294 4133 1421 4174 oum
1479 4109 1599 4173 iam
1642 4109 1736 4171 -in
1796 4130 1861 4171 eo
1920 4114 2080 4191 cunt,
2143 4116 2211 4173 ut
2256 4110 2684 4187 die-solvantur,
2732 4110 3021 4175 adhibes„

637 4216 723 4279 ad
775 4214 1210 4296 qenerationem
1269 4216 1532 4279 aliarum
1593 4236 1807 4278 rernm.
1878 4212 2266 4281 Praecedens
2330 4236 2457 4281 vox
2520 4215 2903 4294 περιέχοντος
2948 4215 3028 4281 li-

639 4320 848 4385 brario
894 4320 1182 4386 fraudem
1227 4320 1447 4385 fecisse
1489 4319 1779 4396 videtur3
1830 4323 2117 4385 ceterum
2162 4322 2705 4405 praepositionum
2746 4320 2918 4395 παρά
2959 4330 3027 4386 et

641 4428 778 4504 περί
813 4428 882 4490 in
917 4425 1090 4490 codd.
1133 4426 1440 4490 Antonini
1476 4424 1773 4509 frequens
1814 4432 1911 4490 est
1949 4428 2357 4509 permutati0‚
2404 4424 2483 4489 cf.
2534 4423 2647 4490 ΙΙΙ.
2680 4424 2783 4491 16.
2820 4422 2929 4490 VI.
2958 4424 3023 4491 3.
