3246 5085
667 341 754 406 32
1590 375 1600 384 ·
1702 356 2011 406 nonnus.

665 527 779 602 (sc.
841 523 910 612 in
974 518 1012 585 Ι7
1081 520 1278 605 „quid
1325 520 1430 584 hic
1477 517 1769 585 stabasP'
1826 541 1919 604 eq.
1968 526 2037 584 et
2079 520 2120 585 8
2172 521 2365 605 „quid
2410 520 2709 603 taces?'’).
2788 523 2875 602 (4)
2924 525 3052 590 Sed

664 626 823 690 bene
867 624 1210 710 intelligit,
1261 628 1372 710 qui
1417 627 1535 690 hoc
1582 647 1620 691 a
1666 629 1995 690 meretrice
2042 626 2287 691 ridente
2332 626 2612 692 molliter
2650 635 2715 692 et
2750 629 3049 694 osculum

666 733 1032 816 porrigente
1079 731 1206 795 dici
1251 733 1480 816 accipit
1526 731 1687 811 (scil.
1739 732 1984 796 Probus
2004 780 2019 808 ,
2071 734 2273 817 Asper
2314 732 2564 799 aliusve
2610 739 2877 814 auctor).

667 836 876 900 Ambo
925 856 1131 900 unum
1181 835 1417 901 Donati
1464 836 1781 901 scholium
1827 836 2143 914 efficiunt,
2193 838 2309 902 hoc
2355 858 2577 902 senen:
2624 839 2744 903 Est
2788 841 3053 924 quidem

670 940 1101 1006 dissimulatio
1149 941 1384 1018 durior,
1435 941 1540 1007 sed
1590 944 1936 1027 mitigatur
1980 941 2197 1007 osculo
2244 947 2308 1006 et
2356 942 2583 1018 vultu,
2634 949 2709 1008 ut
2755 945 2918 1010 bene
2964 949 3059 1010 in-

665 1046 942 1133 telligit,
993 1048 1106 1130 qui
1153 1052 1302 1112 cett.
1331 1073 1356 1084 =
2177 1046 2243 1111 S.
2297 1047 2393 1128 (4)
2440 1070 2491 1114 c.
2541 1069 2877 1134 perperam
2912 1049 2960 1131 ¹)

755 1151 919 1216 Ibid.
973 1150 1056 1215 18
1105 1149 1308 1216 Credo
1354 1157 1428 1216 ut
1473 1151 1547 1215 fit
1593 1153 1826 1216 misera
1870 1173 2020 1236 prae
2065 1172 2281 1217 amore
2320 1152 2595 1218 exclusti
2632 1153 2803 1219 hunc
2839 1155 3007 1220 foras

756 1255 916 1321 Don.
967 1255 1063 1338 (l)
1112 1254 1279 1322 Cum
1325 1256 1441 1321 illa
1489 1277 1524 1321 a
1572 1256 1966 1322 derivatione
2004 1277 2229 1322 causae
2266 1264 2845 1344 argumentaretur,
2884 1263 3057 1325 mire

665 1383 702 1426 a
748 1362 1145 1426 Parmenone
1191 1368 1480 1447 correpta
1528 1367 1659 1439 est,
1708 1361 2062 1427 verisimile
2107 1383 2233 1428 non
2284 1384 2455 1439 esse,
2512 1369 2617 1441 ut,
2666 1384 2859 1448 quem
2910 1368 3061 1449 quis

663 1470 872 1543 amat,
929 1465 1204 1530 eundem
1259 1468 1461 1550 possit
1519 1465 1856 1532 excludere
1882 1463 1952 1546 ²).
2070 1465 2295 1532 Differt
2345 1467 2424 1532 ab
2477 1468 2595 1532 bac
2652 1471 3057 1534 enarratione

663 1570 866 1636 altera
886 1618 901 1647 ,
963 1570 1169 1635 forma
1230 1574 1425 1636 etiam
1487 1571 1817 1658 inelegans
1837 1620 1852 1649 ,
1901 1575 1969 1635 in
2016 1570 2146 1651 (3):
2198 1574 2369 1650 παρὰ
2418 1572 2773 1651 προςδοκίαν
2817 1573 3055 1638 intulit

661 1679 916 1740 intuens
976 1675 1258 1759 puellam
1313 1682 1377 1740 et
1422 1680 1482 1741 ei
1529 1677 1865 1741 ostendens
1910 1676 2289 1742 Phaedriam
2338 1677 2674 1758 (‚,hunc''),
2720 1689 2797 1742 ut
2842 1685 3056 1744 osten·

666 1779 808 1857 dat,
857 1800 1052 1863 quam
1099 1780 1256 1845 falsa
1302 1787 1367 1844 et
1413 1784 1842 1868 repugnantia
1886 1781 2192 1866 loquatur
2236 1785 2559 1848 meretrix.
2654 1782 2795 1848 Hoc
2840 1785 3058 1869 igitur

664 1884 766 1949 IP
812 1889 879 1948 in
927 1885 1077 1951 edit.
1129 1885 1377 1950 Donato
1425 1889 1741 1970 opposuit.
2783 1887 2849 1952 S.
2898 1909 2957 1953 c.

755 1990 914 2054 Ibid.
967 1989 1054 2054 22
1079 1990 1178 2071 (1)
1225 1992 1456 2055 Aetnte
1503 2011 1727 2056 servus
1774 1995 2023 2077 reponit
2069 1991 2298 2056 ‘I'haidi
2345 1995 2590 2069 vicem,
2630 2014 2778 2058 nam
2818 1993 2936 2058 illa
2978 2001 3057 2058 ut

665 2115 979 2180 magnum
1043 2095 1254 2161 voluit
1296 2099 1678 2180 ,exspectari
1737 2097 1907 2181 quod
1968 2097 2218 2163 dictura
2275 2103 2405 2174 est,
2474 2101 2599 2163 iste
2665 2103 2745 2163 ut
2810 2098 3053 2164 falsum

665 2204 1038 2266 contemnit.
2781 2203 2845 2268 S.
2895 2225 2950 2268 c.

755 2306 859 2371 Sic
897 2306 998 2370 IP
1036 2305 1354 2370 scholium
1393 2305 1629 2372 Donati
1664 2309 1901 2392 partim
1936 2310 2230 2393 corrigit,
2271 2310 2509 2392 partim
2535 2311 2848 2392 sequitur.
2918 2308 3051 2373 Hic

664 2416 838 2478 enim
879 2411 966 2476 23
992 2413 1121 2491 (1):
1172 2413 1341 2477 Mire
1375 2415 1585 2477 vicem
1625 2412 1939 2476 Parmeno
1976 2411 2287 2488 reddidit,
2328 2433 2476 2477 nam
2522 2419 2593 2476 ut
2630 2434 2891 2478 servum
2924 2413 3050 2477 dif-

663 2516 829 2583 ficile
868 2523 966 2582 est
1005 2523 1209 2581 tacere
1249 2519 1622 2593 commissa,
1662 2518 1757 2581 ita
1794 2519 2195 2582 meretricem
2236 2537 2452 2583 rarum
2493 2523 2591 2583 est
2627 2538 2778 2584 vera
2816 2518 3047 2583 dicere.

755 2622 981 2687 Editor
1025 2643 1210 2706 saepe
1256 2621 1480 2687 infelix
1527 2628 1625 2686 eet
1668 2624 1737 2685 in
1781 2622 2125 2687 verborum
2174 2643 2329 2699 usu,
2380 2643 2540 2707 quae
2578 2623 2837 2688 adhibet
2870 2626 3047 2689 iusto

662 2731 960 2815 graviora
1021 2734 1086 2792 et
1145 2748 1242 2792 res
1305 2730 1370 2791 in
1417 2729 1629 2792 maius
1675 2730 1997 2813 augentia.
2047 2726 2240 2791 Velut
2283 2728 2347 2792 h.
2374 2726 2419 2791 l.
2468 2749 2583 2811 nec
2629 2726 2824 2792 ‘I'hais
2872 2729 3049 2812 quod

666 2834 912 2899 dictura
973 2838 1070 2897 est
1125 2834 1478 2917 exspectari
1521 2832 1735 2897 voluit
1780 2839 1869 2896 ut
1917 2851 2335 2916 magnum,
2383 2852 2497 2897 nec
2544 2833 2856 2897 Parmeno
2898 2854 3048 2897 eam

663 2946 754 3003 ut
799 2937 1107 3003 falsum
1153 2940 1642 3002 contemnit.

751 3043 783 3107 I
831 3043 894 3108 2.
922 3042 1009 3106 28
1057 3042 1275 3107 Samia
1321 3043 1489 3107 mihi
1533 3048 1739 3107 mater
1783 3042 1909 3106 fuit
1950 3090 1965 3107 .
1996 3090 2055 3107 ..
2105 3041 2360 3107 Parm.
2426 3043 2649 3107 Potest
2688 3044 2886 3107 taceri
2924 3042 3049 3107 hoc

755 3147 917 3213 Don.
966 3145 1062 3226 (3)
1117 3153 1287 3231 „pot.
1329 3153 1375 3210 t.
1401 3146 1512 3211 h.'’
1550 3147 1618 3210 id
1659 3155 1757 3211 est
1796 3146 2149 3212 verisimile
2186 3152 2315 3226 est,
2356 3169 2471 3213 nec
2511 3147 2628 3211 hoc
2666 3146 2747 3211 ad
2780 3147 3047 3212 laudem

662 3252 912 3339 proficit
957 3250 1066 3316 sed
1113 3250 1190 3315 ad
1238 3250 1506 3316 dedecus
1551 3255 1925 3319 meretricis.
2020 3251 2160 3317 Hoc
2207 3251 2307 3315 IP
2355 3255 2422 3316 in
2468 3252 2564 3317 ed.
2606 3272 2721 3317 sua
2759 3254 2849 3316 sic
2890 3252 3051 3317 dila-

663 3362 862 3422 tavit:
929 3355 1026 3435 (2)
1082 3404 1142 3433 ,,.
1171 3362 1218 3421 t.
1243 3357 1352 3421 h.''
1409 3359 1815 3443 peregrinam
1872 3360 2043 3421 nasci
2085 3360 2487 3422 meretricem
2536 3363 2601 3421 et
2646 3356 2786 3422 ideo
2831 3362 3053 3441 potest

661 3464 879 3527 taceri.
2199 3486 2210 3498 ·
2777 3460 2844 3525 S.
2892 3482 2944 3526 c.

751 3564 912 3630 Ibid.
971 3565 1058 3630 43
1083 3566 1178 3646 (2)
1244 3564 1524 3643 „Bonam
1570 3587 2001 3652 magnamque
2046 3572 2294 3651 partem
2344 3566 2422 3631 ad
2466 3571 2529 3629 te
2573 3566 2837 3630 attulit”
2884 3566 3048 3631 haec

664 3670 965 3734 dicuntur
1011 3670 1495 3745 ἰσοδυναμοῦντα
1547 3678 1665 3747 „ut
1710 3672 1821 3736 abs
1866 3679 1929 3736 te
1976 3677 2189 3755 petere
2234 3675 2300 3735 et
2344 3670 2644 3756 poscere’'
2694 3670 2959 3750 (Heaut.
2986 3670 3047 3733 V

667 3775 726 3839 1.
756 3775 890 3855 53).
984 3776 1090 3841 Sic
1152 3776 1312 3841 Don.
1473 3776 1572 3839 IP
1635 3782 1823 3862 roga-t
1884 3775 1981 3857 (3)
2042 3777 2140 3839 An
2202 3778 2417 3861 potius
2466 3775 2783 3852 „bonam”
2836 3778 3051 3860 specie

667 3881 1057 3967 „magnam”
1099 3878 1496 3967 quantitate?
1604 3881 1792 3946 Alius
1838 3881 2047 3946 denuo
2085 3884 2395 3965 magister
2431 3881 2498 3945 id
2536 3882 2627 3946 sic
2666 3881 3049 3946 affirmavit:

663 3985 782 4066 (4)„
819 3986 1004 4050 Nunc
1064 3986 1400 4052 discretive
1463 3986 1708 4051 dictum
1773 3992 1902 4063 eet,
1951 4006 2099 4051 nam
2148 3985 2303 4049 alias
2354 3985 2601 4063 „bona”
2648 4007 2762 4071 pro
2806 4006 3051 4070 magna

663 4093 1010 4173 accipimus
1055 4095 1120 4155 et
1163 4090 1391 4155 multa.
2383 4089 2449 4155 S.
2500 4097 2848 4176 utrumque
2894 4111 2949 4154 c.

731 4269 785 4332 1)
831 4268 988 4318 Etiam
1022 4268 1168 4318 schol.
1207 4270 1267 4317 15
1287 4271 1358 4331 (2)
1392 4274 1442 4319 ct
1474 4272 1544 4332 (3)
1579 4272 1722 4334 atque
1760 4272 1850 4319 111
1874 4270 1958 4333 (8),
1994 4271 2189 4320 eandem
2224 4286 2325 4319 rem
2360 4272 2613 4321 tractanti·
2646 4271 2765 4320 falso
2798 4272 3048 4321 damnavit

659 4348 930 4397 Sabbndini.

727 4432 784 4495 2)
823 4433 889 4479 Do
922 4431 1011 4480 hoe
1042 4432 1223 4483 scholio
1263 4434 1437 4483 Donati
1473 4432 1715 4483 rhetorico
1750 4432 1856 4482 vide
1896 4432 2076 4481 Mncm.
2112 4432 2323 4483 XXXIII
2358 4450 2407 4497 p.
2444 4434 2554 4483 145.
