3246 5085
635 315 770 381 240
1678 333 1988 383 1101111118.

633 500 907 578 diocria,
949 501 1409 584 incipimus
1455 501 1717 585 negotia
1760 499 1967 587 (leg-e:
2014 501 2391 587 negotiosa),
2434 507 2499 568 et
2537 501 2591 566 V
2633 502 2761 569 8.5
2810 505 3023 570 inve-

635 609 817 671 nire
863 607 1166 691 sapientis
1213 611 1345 683 est,
1392 607 1775 690 incipere
1824 605 2117 690 audacis,
2167 607 2600 692 perficere
2647 614 3019 676 constantis.

723 712 886 776 Ibid.
936 711 977 775 4
1047 711 1309 776 Utinam
1359 712 1479 777 tibi
1525 714 1965 799 commitigari
2013 713 2270 778 videam
2318 713 2601 780 sandalio
2650 723 2848 802 caput

723 818 820 900 (2)
864 809 1023 884 Plus
1066 817 1230 883 dixit
1272 817 1548 903 „caput”
1591 838 1787 905 quam
1828 819 2027 884 aliam
2068 826 2318 905 partem
2358 823 2637 907 corporis
2676 822 3021 888 verberari.

633 925 731 1006 (3)
779 931 843 990 et
888 927 1085 990 mire:
1135 924 1554 991 calciamento
1601 930 1815 1011 caput.
1956 926 2324 1012 Utrumque
2369 926 2726 994 inficetum.

724 1139 778 1204 V
799 1205 804 1210 ,
824 1139 888 1205 8.
917 1138 956 1205 6
1026 1139 1164 1206 Scis
1214 1138 1622 1224 Pamphilam
1674 1160 1885 1205 meam

723 1247 819 1327 (1)
861 1247 1189 1312 Amatoris
1229 1245 1396 1310 dixit
1438 1247 1764 1323 „meam'',
1803 1283 1887 1294 —-
1916 1245 2017 1312 vel
2044 1249 2263 1333 potius
2290 1269 2628 1334 „sponsam
2658 1251 2911 1317 meam’'
2936 1291 3021 1302 —

629 1353 697 1418 id
743 1359 842 1420 est
886 1373 1120 1439 quam
1171 1373 1367 1418 amo.
1509 1352 1929 1418 Manifestum
1980 1353 2300 1419 emblema
2346 1359 2597 1422 notavit
2646 1357 2887 1424 Wessn.

706 1459 880 1526 >Ibid.
933 1459 974 1525 9
1043 1459 1237 1525 Thais
1284 1462 1454 1545 patri
1501 1481 1565 1525 se
1615 1459 2094 1525 commendavit
2137 1463 2203 1525 in
2257 1461 2626 1528 clientelam
2673 1472 2739 1530 et
2786 1465 2973 1531 fidem

719 1566 814 1647 (l)
863 1565 1003 1631 Hoc
1051 1573 1181 1644 est,
1233 1565 1400 1651 quod
1449 1566 1696 1650 profuit
1742 1565 2113 1632 Phaedriae.
2298 1567 2395 1649 (2)
2446 1568 2561 1647 „In
2610 1569 3016 1636 clientelam”

517 1685 520 1688 ’
629 1680 706 1739 ut
751 1678 1024 1750 ametur,
1079 1675 1188 1751 „in
1237 1671 1470 1738 fidem''
1523 1677 1599 1736 ut
1644 1671 2038 1738 defendatur.

719 1776 1027 1844 Formula
1091 1777 1575 1855 „commendare
1638 1798 1704 1843 se
1762 1780 1827 1842 in
1876 1777 1954 1843 cl.
2005 1785 2071 1844 et
2117 1779 2221 1845 fid.
2271 1777 2460 1846 alic.’'
2509 1781 2865 1868 significat,
2912 1804 3023 1869 pa-

631 1890 892 1951 tronum
932 1906 1078 1950 eum
1122 1905 1344 1970 capere
1381 1885 1540 1965 (vid.
1584 1906 1680 1949 vs.
1724 1883 1856 1949 886
1907 1892 1972 1951 et
2013 1885 2196 1951 Fab.
2240 1887 2319 1952 ad
2359 1887 2424 1952 h.
2449 1886 2543 1966 1.).
2584 1888 2764 1969 Quod
2800 1896 3021 1956 autem

630 1990 824 2057 Thais
891 1992 1012 2056 hoc
1081 1991 1269 2069 fecit,
1340 1991 1408 2056 id
1477 2012 1602 2056 non
1675 1993 1921 2077 profuit
1988 1992 2375 2072 Phaedriae,
2441 1995 2548 2061 sed
2611 1997 2895 2083 proderit
2952 2001 3018 2064 in

630 2103 979 2184 posterum.
1043 2097 1348 2163 Alterum
1396 2097 1717 2164 scholium
1763 2101 1899 2164 vim
1951 2099 2268 2166 formulae
2315 2122 2439 2166 non
2491 2123 2641 2168 vere
2688 2106 3019 2188 expressit.

627 2204 993 2290 Utrumque
1039 2203 1351 2270 scholium
1403 2211 1775 2291 suspectum
1821 2212 1936 2271 est.

719 2312 881 2378 Ibid.
930 2311 1016 2376 14
1097 2310 1466 2397 Numquid,
1532 2308 1826 2390 Gnatho,
1874 2319 1948 2378 tu
1999 2311 2253 2378 dubitas
2300 2315 2455 2399 quin
2502 2335 2624 2403 ego
2671 2336 2838 2381 nunc
2884 2337 3019 2402 per-

627 2417 823 2507 petu'o
868 2414 1213 2505 perierim?
1282 2414 1418 2483 Gn.
1469 2416 1620 2483 Sine
1670 2418 1903 2497 dubio,
1952 2421 2175 2505 opinor

717 2526 816 2607 (1)
881 2523 1074 2604 „Sine
1136 2523 1362 2603 dubio,
1427 2525 1691 2611 opinor''
1743 2527 1894 2611 quia
1938 2548 2063 2592 non
2111 2527 2257 2611 (11118
2305 2524 2545 2593 dicitur
2584 2534 3009 2615 perpetuo

625 2637 889 2723 periisse
904 2654 921 2713 ;
986 2631 1142 2718 quid
1190 2634 1362 2697 enim
1411 2653 1574 2718 opus
1619 2632 1739 2697 hac
1786 2635 2159 2718 exceptione
2206 2640 2339 2712 est,
2389 2634 2640 2719 quando
2688 2656 2873 2702 nemo
2920 2637 3011 2701 ita

619 2744 792 2829 perit
828 2746 903 2806 ut
940 2737 1383 2824 temporaliter
1420 2741 1640 2824 pereat
1678 2744 1744 2803 et
1780 2743 2000 2825 postea
2038 2738 2149 2804 fiat
2189 2760 2313 2804 non
2338 2737 2673 2825 perditus?
2720 2738 3011 2807 Correxit

615 2850 933 2935 parasitus
978 2844 1167 2912 stulti
1213 2845 1458 2910 dictum
1506 2844 1769 2923 militis,
1818 2866 1944 2910 non
1989 2843 2182 2910 illum
2236 2845 2629 2932 „perpetuo”
2673 2846 2783 2912 sed
2828 2850 3003 2925 „sine

619 2954 855 3021 dubio''
902 2955 1184 3039 periisse.
1339 2950 1435 3032 (2)
1485 2951 1677 3030 „Siue
1723 2950 1951 3029 dubio,
2003 2950 2302 3037 opinor’':
2356 2958 2463 3027 „te
2504 2954 2847 3037 periisse'';
2888 2975 3002 3039 pro

621 3068 793 3127 certo
828 3060 1242 3125 confirmatur
1277 3061 1540 3144 periisse
1579 3057 1799 3135 miles,
1841 3067 1916 3123 ut
1955 3064 2100 3144 post
2140 3065 2236 3123 tot
2276 3078 2545 3123 munera
2568 3080 2648 3124 ex
2675 3058 3001 3146 desperato

623 3165 927 3252 supplex,
977 3186 1054 3230 ex
1102 3163 1393 3250 supplice
1440 3166 1689 3249 patiens
1736 3163 1959 3229 rivalis
2006 3166 2260 3229 existat.

717 3270 1108 3337 Scholiastae
1173 3272 1580 3335 consentiunt
1648 3272 1827 3347 „sine
1891 3270 2127 3335 dubio''
2193 3273 2513 3356 pertinere
2573 3270 2653 3337 ad
2712 3271 2781 3337 id
2846 3272 3009 3359 quod

626 3377 816 3443 miles
865 3376 1028 3441 dixit
1077 3376 1490 3462 „perierim'',
1539 3397 1665 3442 non
1712 3376 1791 3442 ad
1842 3377 2175 3461 „opinor’'.
2223 3376 2329 3443 Sic
2372 3376 2761 3464 simpliciter
2806 3379 3010 3446 Dona-

625 3492 732 3550 tus
791 3484 1104 3549 nimirum
1163 3485 1231 3548 in
1296 3482 1415 3561 (2),
1478 3482 1635 3548 dum
1682 3481 1910 3547 Editor
1955 3482 2021 3547 id
2072 3486 2356 3567 speciosa
2400 3490 2465 3549 et
2508 3483 2777 3551 obscura
2822 3486 3009 3566 („hac

623 3588 1036 3678 exceptione”
1099 3622 1178 3647 =
1243 3595 1592 3675 „perpetuo
1608 3585 1663 3670 Υ)
1723 3590 2207 3655 ratiocinatione
2267 3590 2701 3657 corroboravit
2760 3594 2829 3657 in
2892 3592 3005 3673 (1).

623 3697 949 3764 Donatum
997 3694 1254 3781 quidem
1301 3717 1422 3761 non
1470 3696 1645 3781 fugit
1692 3686 2299 3781 „perpetuo”‘mire
2345 3696 2640 3762 additum
2688 3718 2862 3776 esse,
2904 3696 3008 3763 sed

621 3806 742 3871 hoc
801 3807 958 3869 scite
1018 3800 1331 3887 explicuit
1392 3801 1472 3866 ad
1540 3800 1620 3865 13
1646 3802 1746 3881 (l)
1797 3801 2199 3887 „Perpetuo”
2250 3806 2402 3887 quia
2445 3800 2611 3868 illud
2660 3804 3005 3889 „periisse”

622 3931 814 3996 supra
874 3907 1223 3994 temporale
1277 3907 1637 3973 videbatur.
1692 3944 1769 3956 —
1822 3910 2166 3993 respiciens
2211 3908 2378 3994 quod
2423 3907 2614 3976 miles
2661 3908 2716 3973 V
2764 3906 2827 3977 ’7.
2856 3910 2897 3974 5
2942 3912 3005 3975 111

623 4019 897 4083 transitu
948 4014 1367 4082 exclamavit:
1421 4014 1704 4091 „Perii’'.

711 4122 874 4191 Ibid.
929 4121 1020 4214 152
1036 4142 1169 4208 sqq.
1241 4120 1524 4187 Illumne
1583 4124 1697 4206 qui
1756 4122 1923 4185 mihi
1969 4120 2145 4187 dedit
2192 4120 2531 4188 consilium
2576 4127 2652 4189 ut
2699 4122 2973 4191 facerem

621 4252 700 4298 an
751 4250 854 4295 me
902 4232 1013 4314 qui
1061 4229 1128 4294 id
1173 4249 1367 4294 ausus
1413 4249 1596 4306 sum,
1646 4248 1727 4292 an
1774 4228 2098 4294 fortunam
2140 4227 2536 4307 collaudem,
2578 4250 2743 4315 quae
2779 4231 3009 4316 guber·

619 4338 833 4405 natrix
877 4336 1038 4415 fuit,
1090 4384 1104 4401 .
1138 4384 1152 4401 .
1183 4382 1198 4400 .
1245 4355 1326 4401 an
1375 4337 1504 4401 mei
1550 4336 1753 4421 patris
1798 4334 2222 4401 festivitatem
2272 4341 2338 4401 et
2384 4332 2805 4401 facilitatem?

707 4444 808 4527 (1)
873 4443 1338 4510 Attribuuutur
1396 4444 1683 4529 personis
1742 4440 2042 4520 consilia,
2107 4441 2311 4521 faeta,
2374 4462 2591 4520 casus,
2657 4442 3009 4521 orationes,
