3246 5085
1269 361 1577 432 nonnus.
2525 341 2613 408 23

235 525 536 590 editionis
597 523 871 589 alicuius
929 523 1342 590 Terentianae
1409 525 1702 610 margine
1766 543 1802 588 a
1864 521 2296 610 Compilatore
2352 525 2615 590 inventa

232 635 404 696 sunt.
1900 645 1916 658 ·

324 734 356 799 1
402 734 466 801 2.
493 733 534 800 3
579 733 856 821 Accipe,
897 754 1036 800 em:
1083 734 1327 800 lectum
1373 739 1502 812 est3
1551 737 1881 801 conveniet
1934 753 2243 799 numerus
2296 739 2611 818 quantum

235 840 430 906 debui

323 943 420 1025 (3)
485 943 770 1012 Ordine:
791 946 996 1029 prius
1057 946 1231 1009 enim
1293 943 1605 1029 qualitas,
1669 943 1897 1008 deinde
1955 964 2261 1009 numerus
2305 945 2611 1030 pecuniae

231 1052 506 1136 spectari
563 1048 744 1114 solet.
927 1049 1082 1114 Exc.
1145 1049 1564 1114 manifestum
1628 1069 1663 1114 e
1724 1049 2015 1135 longiore
2072 1048 2156 1114 ·.D
2183 1048 2315 1128 (4).
2380 1048 2612 1114 Tribus

231 1153 442 1222 modis
488 1155 780 1220 debitum
825 1157 1266 1240 pecuniarium
1310 1135 1602 1234 solvitur,
1652 1157 1980 1240 pensione,
2028 1157 2445 1240 spectatione,
2494 1175 2611 1219 nu-

231 1283 428 1326 mero.
611 1259 706 1325 De
749 1259 1016 1345 reliquis
1063 1260 1322 1326 scholiis
1366 1267 1603 1346 postea.

323 1365 486 1431 Ibid.
537 1364 624 1430 24
650 1364 744 1450 (3)
789 1365 960 1430 Β6116
1003 1357 1229 1443 „meo”
1279 1386 1357 1430 ne
1403 1373 1573 1431 esset
1620 1367 2002 1447 ἀμφίβολον.
2142 1365 2311 1430 Item
2356 1386 2435 1430 ex
2480 1365 2611 1431 lon-

230 1473 415 1558 giore
460 1470 537 1536 D.
565 1471 683 1551 (1).
731 1470 826 1536 De
868 1472 1130 1557 reliquis
1178 1477 1414 1558 postea.

322 1576 483 1641 Ibid.
533 1575 620 1640 54
644 1574 740 1655 (3)
787 1576 912 1639 ἆπὸ
959 1587 1072 1650 τῆς
1119 1574 1594 1651 καταπλήξεως.
1747 1576 1915 1641 Item
1964 1597 1997 1640 c
2042 1575 2332 1661 longiore
2378 1574 2456 1640 D.
2486 1577 2603 1654 (1).

321 1681 486 1746 Ibid.
535 1681 619 1746 58
644 1681 740 1762 (3)
799 1682 970 1747 Bene
1035 1681 1622 1768 „exstinguerent”,
1671 1684 1823 1766 quia
1867 1682 2077 1746 form
2097 1700 2134 1744 a
2178 1679 2366 1745 calor.
2512 1679 2610 1758 (4)

232 1787 550 1866 „Forma”
612 1787 692 1851 ab
755 1788 908 1872 igne
969 1792 1035 1852 et
1093 1786 1299 1851 calore
1357 1786 1528 1852 dicta
1589 1793 1707 1850 est.
1846 1767 2211 1869 Utrumque
2256 1784 2611 1850 secundum

229 1890 310 1956 D.
362 1889 446 1957 57
473 1890 590 1971 (3).
637 1890 844 1957 Notae
889 1891 1279 1977 marginales
1323 1893 1392 1955 in
1437 1890 1685 1956 duabus
1731 1887 1956 1956 editt.?

319 1996 480 2061 Ibid.
536 1993 616 2060 71
644 1996 741 2076 (1)
787 1996 962 2061 Β6116
1008 1995 1234 2061 affectu
1279 1996 1444 2060 dixit
1495 1996 1715 2074 „daret
1758 1994 1860 2060 illi
1876 1994 1943 2059 ?”
1991 1995 2164 2060 filius
2212 1997 2385 2060 enim
2431 1994 2613 2060 fami·-

228 2101 352 2166 lias
415 2121 542 2165 non
591 2107 724 2192 tam
769 2100 952 2165 ducit
995 2121 1264 2166 uxorem
1312 2121 1506 2185 quam
1553 2120 1590 2164 a
1636 2104 1817 2184 patre
1862 2101 2130 2184 accipit,
2178 2102 2415 2185 quippe
2461 2119 2610 2163 cum

230 2208 398 2291 patri
439 2208 886 2270 committatur
921 2205 1135 2290 puella
1171 2208 1388 2291 potius
1423 2208 1492 2269 in
1526 2205 1898 2270 huiusmodi
1920 2204 2391 2270 condicionibus
2416 2224 2613 2288 quam

228 2312 484 2374 marito.
621 2309 792 2374 Hinc
837 2331 968 2375 exc.
1016 2309 1145 2391 (4):
1192 2313 1356 2375 mire
1406 2308 1691 2388 ‚,daret”,
1741 2316 1816 2374 ut
1862 2309 2219 2375 ostenderet
2262 2309 2425 2374 nihil
2472 2329 2611 2374 esse

229 2418 568 2501 potestatis
609 2419 680 2480 in
725 2415 880 2482 filio.

321 2518 482 2586 Ibid.
547 2519 632 2585 85
658 2518 756 2601 (4)
815 2518 1140 2585 ἀσύνδετον
1199 2524 1278 2585 ut
1338 2539 1533 2605 supra
1582 2521 1835 2597 „imus,
1882 2523 2217 2599 venimus,
2265 2519 2604 2586 videmus'’

227 2632 358 2706 (vs.
405 2624 539 2705 53).
677 2625 734 2690 E
777 2625 1066 2711 longiore
1113 2623 1190 2689 D.
1218 2625 1336 2705 (5),
1385 2626 1498 2689 ubi
1546 2624 1733 2710 plura
1780 2626 2075 2711 exempla
2121 2629 2422 2691 citantur.

317 2730 352 2795 Ι
390 2729 452 2795 3.
483 2730 561 2795 11
590 2730 690 2810 (3)
711 2729 852 2796 Hoc
876 2751 1024 2795 cum
1048 2732 1561 2815 pronuntiatione
1583 2730 1796 2796 infert.
1888 2730 1943 2794 E
1966 2730 2254 2817 longiore
2277 2729 2354 2795 D.
2388 2731 2465 2793 11
2489 2730 2605 2809 (1).

318 2834 736 2915 111111.18(2)
783 2833 950 2902 011111
995 2835 1204 2900 1116116.
1285 2834 1340 2899 Ε
1383 2834 1672 2922 longiore
1719 2834 1797 2900 D.
1825 2836 1987 2914 (1),
1985 2835 2344 2912 ,”Modeste
2349 2840 2560 2918 ,.cett

315 2938 380 3004 11
429 2938 493 3004 2.
521 2938 606 3005 12
631 2939 728 3020 (2)
773 2939 1012 3005 'Potum
1059 2940 1513 3026 metaphorice.
1607 2940 1761 3005 Ex'c.
1811 2962 1846 3005 e
1890 2939 1970 3005 D.
2022 2938 2142 3071 13.
2190 2944 2606 3020 παρασιτικῶς

225 3050 443 3110 totum
491 3045 1020 3111 translationibus
1068 3044 1374 3129 loquitur,
1424 3050 1574 3111 cett.

317 3148 398 3216 11.
449 3149 512 3214 3.
540 3149 580 3214 3
606 3150 702 3228 (2)
766 3149 1086 3229 „''Adeste
1134 3152 1421 3236 proprie.
1471 3150 1687 3215 adesse
1733 3153 1907 3216 enim
1951 3172 2176 3220 6611666
2221 3152 2472 3237 proprie
2518 3150 2609 3215 di-

223 3260 464 3320 cuntur
505 3257 761 3341 patroni
805 3260 870 3319 et
915 3256 1125 3320 amici.
1310 3254 1482 3320 Hinc
1526 3275 1659 3321 exc.
1707 3254 1807 3336 (6)
1844 3257 1937 3319 A:
1984 3258 2237 3341 proprie
2285 3256 2610 3322 advocetis

227 3359 418 3424 dixit.

322 3463 486 3531 Ibid.
533 3467 592 3529 A
614 3464 713 3544 (2)
775 3464 933 3529 Vide
979 3468 1055 3529 ut
1100 3467 1483 3530 veteratorie
1529 3464 1819 3530 ostendat
1865 3466 2317 3531 contradixisse
2362 3464 2609 3531 adules-

230 3576 502 3636 centem.
611 3570 765 3635 Exc.
814 3590 849 3635 e
895 3569 1186 3656 longiore
1232 3569 1309 3635 D.
1358 3571 1412 3635 B
1435 3570 1556 3654 (2),
1619 3571 1738 3636 ubi
1777 3574 1847 3636 in
1892 3571 2017 3637 fine
2061 3571 2216 3637 haec
2262 3571 2607 3659 leguntur:

321 3722 338 3741 .
367 3724 382 3741 .
448 3676 728 3741 ostendit
788 3675 1278 3761 (Antiphonem)
1339 3675 1793 3743 contradixisse
1862 3679 1987 3742 sibi
2047 3683 2113 3743 et
2171 3680 2483 3743 restitisse
2540 3679 2605 3741 in

221 3780 486 3846 iudicio.

319 3884 601 3950 Delenda
645 3889 796 3950 sunt
841 3906 1004 3970 quae
1051 3884 1127 3950 de
1153 3886 1275 3950 hoc
1319 3885 1559 3951 scholio
1605 3907 1940 3972 perperam
1984 3889 2209 3972 scripsi
2251 3890 2321 3951 in
2358 3888 2607 3953 Mnem.

223 3988 486 4055 XXXII
532 4013 594 4077 p.
643 3990 796 4055 250.
859 3990 1165 4056 Phormio
1218 3991 1518 4057 audiente
1563 3998 1776 4077 patre,
1826 3995 2011 4057 cuius
2056 3998 2270 4058 tamen
2319 4014 2609 4078 praesen-

219 4098 386 4161 tiam
447 4115 515 4160 se
575 4098 816 4161 nescire
877 4095 1147 4161 simulat
1163 4144 1182 4173 ,
1242 4096 1634 4162 mendaciter
1694 4118 1831 4163 rem
1892 4101 1987 4163 ita
2045 4101 2375 4184 proponit,
2424 4102 2607 4185 quasi

219 4200 510 4286 Antipho
557 4203 683 4266 sibi
724 4203 793 4265 in
837 4200 1077 4267 iudicio
1124 4204 1463 4281 restiterit,
1511 4223 1586 4267 eo
1630 4202 1897 4268 consilio
1943 4210 2021 4269 ut
2056 4204 2225 4270 hunc
2262 4208 2431 4291 patri
2464 4227 2611 4291 pur·

220 4310 338 4392 get
382 4311 450 4370 et
493 4304 682 4391 culpa
726 4304 978 4372 liberet.

315 4409 445 4476 Hic
504 4412 716 4497 igitur
771 4432 898 4477 non
957 4411 1270 4477 habemus
1317 4412 1443 4477 duo
1488 4410 1787 4497 excerpta
1830 4434 1864 4479 e
1911 4420 2273 4481 commento
2317 4418 2376 4480 A
2421 4423 2485 4482 et
2530 4417 2605 4494 B,
