3246 5085
607 332 745 400 276
1651 351 1964 400 nonnus.

610 519 677 582 et
735 513 1019 581 definitio
1080 513 1309 582 Graeci
1366 515 1664 582 vocabuli
1725 522 1792 582 et
1837 515 2181 602 explicatio
2227 537 2343 582 cur
2387 519 2704 602 parasitus
2751 517 2842 581 sic
2891 535 3009 600 ap-

609 619 890 708 pellatus
950 621 1182 700 fuerit,
1244 624 1440 687 nimis
1501 621 1801 689 differunt
1863 643 1901 689 a
1962 622 2353 709 praefatione
2370 644 2387 702 3
2451 623 2573 688 hoc
2635 621 2860 688 eadem
2921 621 3006 686 de

611 749 835 806 causa,
882 749 1112 814 nempe
1157 748 1293 793 ero
1339 749 1374 794 e
1421 729 2004 815 significationibus
2050 728 2322 806 Donati,
2364 749 2524 815 quae
2564 731 2772 794 iustae
2811 732 3007 806 sunt,

610 835 879 903 alteram
941 835 1390 901 tantummodo
1451 836 1680 914 refert,
1728 835 1888 901 dum
1933 834 2131 903 altera
2177 838 2524 902 omittitur.
2574 833 2868 921 Denique
2913 833 3010 898 la-

613 944 835 1008 tinitas
896 943 1234 1028 utriusque
1295 940 1573 1008 deterior
1631 946 1731 1007 est
1777 963 1970 1027 quam
2020 941 2259 1008 Donati
2305 963 2441 1008 esse
2487 940 2652 1007 solet
2697 946 2766 1007 et
2808 941 3005 1006 ambo

611 1053 913 1135 repetunt
973 1047 1073 1128 id,
1134 1047 1304 1133 quod
1364 1047 1443 1114 D.
1505 1050 1573 1113 in
1622 1049 2016 1134 praefatione
2063 1047 2231 1113 dixit
2280 1067 2530 1127 „errare
2575 1068 2682 1114 eos
2728 1048 2843 1133 qui
2891 1094 2909 1112 .
2941 1094 2957 1111 .
2988 1094 3004 1111 .

611 1154 733 1220 Ph.
794 1156 1149 1241 parasitum
1196 1159 1427 1241 putant
1473 1176 1511 1220 a
1555 1153 1923 1221 formula
1969 1153 2175 1232 lit-is’',
2221 1155 2336 1220 ubi
2383 1157 2541 1220 scite
2585 1153 2834 1220 addidit
2885 1151 3008 1232 „li-

611 1261 763 1340 tis'’,
803 1261 972 1347 quod
1010 1259 1146 1327 illic
1185 1260 1603 1340 desideratur,
1650 1282 1774 1326 non
1817 1282 1965 1327 sane
2003 1261 2344 1328 brevitatis
2381 1262 2617 1340 studio,
2659 1258 2896 1326 saltem
2936 1262 3008 1324 in

613 1363 699 1433 72
744 1365 841 1448 (2)
912 1365 1341 1454 tautologiam
1403 1366 1717 1433 habemus
1790 1365 2220 1446 „trivialiter”
2287 1387 2408 1445 „ex
2471 1365 3005 1433 consuetudine.”

614 1471 1050 1538 Wessnero
1112 1493 1366 1559 quoque
1425 1473 1629 1539 forma
1690 1475 1759 1537 in
1823 1471 1910 1539 26
1937 1471 2034 1552 (l)
2084 1494 2209 1538 non
2255 1471 2536 1558 placuit,
2586 1473 2702 1538 ubi
2747 1470 3008 1540 lineolis

611 1577 907 1644 distinxit
967 1578 1287 1645 emblema
1334 1615 1419 1629 —
1471 1578 1682 1657 „unde
1733 1627 1748 1645 .
1777 1626 1793 1645 .
1826 1628 1840 1644 .
1891 1580 2164 1665 putant’'
2217 1616 2302 1630 -
2351 1585 2417 1644 et
2474 1581 2568 1644 sic
2613 1579 2880 1665 quidem
2927 1585 3010 1643 ut

611 1685 807 1751 verba
850 1707 1018 1764 „non
1050 1706 1204 1773 ergo
1243 1706 1280 1751 a
1319 1686 1632 1765 formula,
1675 1690 1751 1751 ut
1789 1685 2052 1771 quidam
2090 1685 2364 1772 putant'’
2404 1667 2662 1752 cursiva
2684 1687 3008 1772 scriptura

612 1811 651 1856 a
694 1790 1217 1878 praecedentibus
1263 1791 1471 1858 denuo
1516 1795 1879 1862 secreverit.
2489 1865 2496 1870 ,

705 1897 873 1978 Quid
936 1895 1187 1964 multa?
1250 1897 1541 1965 Donatus
1598 1899 1708 1964 Ph
1731 1901 2140 1965 ormionis
2188 1898 2578 1965 vocabulum
2624 1897 2814 1985 plane
2855 1897 3010 1966 illu·

615 2007 847 2070 stravit
898 1989 977 2069 'in
1038 2005 1429 2090 praefatione
1448 2026 1465 2085 ;
1530 2006 1680 2070 hinc
1742 2003 1910 2070 alius
1957 2008 2270 2093 magister
2315 2007 2721 2071 concinnavit
2765 2003 2854 2070 26
2879 2005 3006 2085 (l),

612 2111 784 2196 quod
846 2133 1052 2178 unum
1114 2113 1496 2177 continuum
1553 2116 1686 2196 est,
1753 2110 1921 2177 alius
1984 2111 2015 2176 l
2059 2110 2123 2176 2.
2151 2109 2236 2178 ’72
2261 2110 2379 2193 (2),
2429 2132 2579 2177 nam
2627 2111 2786 2177 baec
2831 2113 3008 2176 inter

611 2239 679 2284 se
725 2216 1101 2304 discrepant.
1163 2216 1333 2283 Tum
1380 2217 1670 2283 medium
1717 2215 2035 2284 scholium
2082 2215 2168 2284 26
2193 2217 2290 2299 (1)
2335 2219 2568 2283 tertius
2613 2215 2848 2303 aliquis
2895 2236 3008 2282 ex-

614 2327 849 2412 cerpsit
894 2327 963 2389 in
1009 2323 1096 2390 26
1122 2323 1239 2405 (2).
1288 2324 1522 2390 Postea
1566 2329 1784 2390 autem
1833 2322 2176 2390 scholiasta
2223 2323 2600 2390 Bembinius
2639 2323 2896 2404 (Herm.
2937 2322 3006 2388 11

616 2429 777 2512 378)
837 2431 957 2496 boc
1015 2428 1545 2496 conscribillavit:
1612 2429 1934 2507 „Formon
1996 2428 2246 2495 dicatur
2291 2450 2480 2515 grece
2529 2449 2786 2494 saccum
2831 2449 3008 2514 spar-

613 2546 795 2606 teum
840 2538 947 2620 (cf.
995 2538 1188 2624 praef.
1238 2536 1461 2617 Don.);
1504 2537 1582 2603 ab
1623 2537 1744 2603 hoc
1781 2538 2060 2623 parasito
2098 2558 2330 2603 nomen
2370 2542 2468 2602 est
2505 2534 2612 2602 vel
2649 2537 3005 2622 capacitate

612 2646 846 2728 (ibid.),
909 2644 1079 2712 unde
1132 2644 1391 2711 Formio
1439 2665 1597 2710 corr.
1647 2666 1742 2731 pr.
1790 2643 1940 2730 syll.
1991 2665 2092 2730 ap.
2141 2642 2354 2730 Apoll.
2404 2648 2499 2709 est
2518 2691 2537 2722 ,
2584 2665 2707 2709 non
2758 2662 2916 2729 ergo
2965 2662 3004 2707 a

613 2750 928 2830 formula,
990 2756 1068 2817 ut
1128 2751 1394 2837 quidam
1456 2756 1721 2837 putant,
1785 2771 1941 2837 ergo
2001 2750 2150 2816 inde
2211 2770 2346 2836 par.
2409 2748 2522 2815 vil.
2575 2748 2755 2815 cond.
2803 2748 3004 2814 homo

612 2859 719 2940 (cf.
768 2857 855 2924 26
879 2857 1050 2939 (1));
1114 2858 1171 2922 si
1227 2859 1401 2922 enim
1448 2876 1487 2921 a
1530 2855 1812 2922 formula
1855 2861 2023 2922 esset
2070 2877 2244 2921 nom.
2290 2877 2481 2933 com„
2529 2862 3009 2941 protraeremus

613 2967 894 3052 primam
956 2963 1131 3052 syll„
1176 2965 1232 3029 si
1279 2983 1316 3028 a
1361 2963 1707 3041 formione,
1759 2983 1918 3029 corr.
1969 2962 2278 3029 debemus
2325 2963 2430 3042 (cf.
2478 2960 2565 3027 26
2587 2960 2687 3043 (2)
2703 2960 2796 3041 ),”
2847 2966 3008 3029 cett.

703 3069 955 3136 Editori
997 3070 1412 3155 potissimum
1456 3067 1815 3134 addixerim
1861 3067 2057 3134 schol.
2107 3066 2194 3135 26
2221 3068 2320 3148 (1)
2353 3066 2420 3149 ¹).

685 3331 742 3397 1)
790 3331 1156 3379 Wessnerus
1200 3328 1253 3378 in
1296 3327 1553 3394 appendice
1598 3340 1784 3378 mecum
1830 3326 2068 3377 consentit
2101 3326 2153 3376 in
2187 3342 2260 3387 eo,
2294 3326 2420 3391 quod
2453 3325 2519 3375 26
2537 3325 2606 3387 (2)
2635 3323 2830 3383 fluxisse
2863 3326 3010 3390 putat

615 3430 673 3465 ex
704 3413 769 3464 26
788 3414 858 3475 (1)
890 3415 940 3462 et
972 3408 1439 3477 qnod'praefationis
1467 3408 1613 3459 verba
1649 3410 1837 3459 Donato
1870 3408 2104 3473 adsignat.
2144 3407 2215 3457 De
2249 3407 2421 3457 ceteris
2449 3422 2736 3472 magnopere
2765 3406 3012 3455 dissentit.

616 3498 729 3547 Non
764 3494 1081 3562 proficiscitur
1114 3510 1143 3543 a
1175 3493 1469 3559 praefatione
1500 3493 1581 3542 sed
1613 3508 1643 3541 a
1674 3491 1856 3541 scholio
1889 3492 1954 3541 26
1971 3492 2058 3555 (1),
2097 3491 2233 3541 cuius
2263 3490 2456 3540 initium
2489 3493 2538 3540 et
2567 3491 2725 3548 finem,
2767 3489 3006 3554 exemptis

614 3594 703 3645 pro
754 3575 1035 3627 emblemate
1083 3574 1239 3626 verbis
1292 3575 1447 3626 nunde
1480 3610 1495 3625 .
1516 3613 1528 3625 .
1550 3612 1562 3625 .
1598 3573 1805 3640 putaut’'
1857 3574 2086 3624 adscribit
2134 3573 2181 3623 ei
2230 3572 2341 3638 ‚qui
2388 3571 2671 3637 Apollodori
2705 3572 3004 3622 comoediam

613 3675 725 3710 enm
757 3656 1041 3708 Terentiana
1074 3656 1329 3717 contulit”,
1372 3671 1514 3722 quem
1550 3658 1760 3722 Asprum
1793 3654 1938 3705 fuisse
1970 3655 2264 3721 suspicatur;
2304 3654 2414 3704 dein
2445 3653 2688 3704 Donatum
2715 3668 2818 3704 ene
2847 3658 3009 3720 putat,

612 3742 696 3809 qni
730 3757 840 3793 cnm
873 3740 987 3791 huic
1020 3739 1202 3791 scholio
1239 3738 1637 3804 ..originationem
1673 3738 1894 3788 Latinam
1929 3738 2122 3789 aliunde
2149 3736 2238 3788 sibi
2267 3734 2541 3802 cognitam”
2569 3736 2797 3786 intulerit
2823 3738 3008 3799 (made

614 3862 629 3877 .
648 3862 660 3876 .
680 3861 695 3876 .
740 3820 981 3890 putant”),
1031 3826 1137 3872 tum
1190 3820 1498 3885 praefationis
1545 3819 1690 3871 verba
1741 3820 2002 3887 scripserit,
2052 3820 2255 3885 denique
2305 3820 2451 3869 etiam
2494 3818 2522 3867 1
2565 3820 2614 3868 2.
2634 3816 2700 3871 72
2717 3818 2808 3881 (2),
2867 3834 3006 3870 ‚cum

612 3906 907 3975 praefatione
950 3908 1000 3954 et
1045 3919 1154 3954 cum
1198 3902 1357 3953 Schol.
1408 3902 1473 3952 26
1488 3904 1561 3965 (1)
1604 3902 1846 3953 artissime
1880 3901 2240 3952 coniunctum'’.
2291 3902 2360 3949 De
2393 3898 2600 3950 Aemilio
2633 3902 2789 3965 Aspre
2825 3900 3006 3950 Donati

612 3989 665 4039 in
700 3988 897 4038 Graccis
928 3989 1139 4047 auctore,
1173 3988 1228 4037 nt
1262 3986 1320 4034 de
1357 4000 1409 4034 re
1441 3985 1641 4042 incerta.
1676 3983 1801 4034 nihil
1835 4000 1962 4034 nunc
1996 3984 2186 4050 disputo
2195 4003 2210 4043 ς
2241 3997 2316 4032 res
2345 3982 2488 4047 digna
2512 3986 2602 4041 est,
2635 3996 2758 4045 quac
2783 3984 3007 4032 accurate

612 4069 870 4135 aliquando
914 4068 1217 4133 inquiratur;
1265 4068 1345 4116 sed
1390 4066 1533 4117 verba
1579 4065 1906 4133 praefationis,
1954 4065 2109 4116 multo
2143 4064 2361 4130 pleniora
2393 4067 2442 4113 et
2475 4062 2776 4113 accuratiora
2803 4066 2858 4126 (a
2893 4064 3012 4114 lor-

612 4151 778 4202 mula
829 4149 1003 4210 litis,
1054 4165 1233 4215 quam
1284 4148 1643 4200 intenderit
1796 4148 1994 4198 fiscus
2045 4150 2343 4213 sparteus
2383 4148 2445 4195 et
2491 4148 2766 4196 stramen
2801 4144 3010 4195 nauti·

612 4247 748 4283 cum
901 4231 997 4281 vel
1047 4232 1405 4298 capacitate
1456 4230 1555 4280 vel
1608 4231 1915 4291 vilitate),
1966 4230 2247 4279 concinnata
2298 4242 2397 4277 esse
2444 4242 2471 4276 e
2513 4226 2708 4277 scholiis
2753 4226 2912 4291 260)
2955 4230 3006 4277 et

615 4314 681 4369 72
696 4314 766 4379 (2)
800 4318 849 4365 et
877 4314 1003 4365 inter
1038 4330 1087 4364 se
1122 4318 1171 4365 et
1206 4313 1262 4364 ab
1291 4313 1379 4364 illo
1413 4314 1611 4363 diversis
1646 4328 1700 4362 sc
1728 4317 1976 4378 practerea
2001 4311 2176 4361 horum
2204 4311 2419 4361 omnium
2447 4312 2694 4360 auctorem
2720 4324 2820 4359 esse
2849 4324 3002 4360 unum

616 4400 876 4457 Donatum,
920 4412 1015 4447 nou
1049 4396 1203 4446 credo.
1240 4396 1403 4446 Multo
1434 4396 1596 4446 verior
1629 4398 1678 4444 et
1711 4393 1978 4460 simplicior
2013 4393 2128 4443 haec
2160 4398 2234 4443 est
2267 4392 2410 4452 ratio,
2445 4395 2501 4441 ut
2535 4392 2751 4442 Donatus
2783 4390 2834 4442 in
2870 4407 3007 4458 prae-

614 4480 793 4531 rationo
826 4482 1039 4544 (auctore
1071 4480 1242 4545 Aspre,
1270 4478 1312 4528 si
1341 4478 1615 4541 videbitur.)
1645 4481 1800 4528 totam
1829 4492 1932 4527 rem
1959 4476 2227 4527 luculenter
2244 4474 2514 4541 exposuerit
2531 4477 2581 4525 et
2596 4488 3004 4541 supervacaneum
