<?xml version="1.0" encoding="UTF-8"?>
<!DOCTYPE html PUBLIC "-//W3C//DTD XHTML 1.0 Transitional//EN"
    "http://www.w3.org/TR/xhtml1/DTD/xhtml1-transitional.dtd">
<html xmlns="http://www.w3.org/1999/xhtml" xml:lang="en" lang="en">
 <head>
  <title>
</title>
<meta http-equiv="Content-Type" content="text/html;charset=utf-8" />
  <meta name='ocr-system' content='tesseract 3.04.00' />
  <meta name='ocr-capabilities' content='ocr_page ocr_carea ocr_par ocr_line ocrx_word'/>
</head>
<body>
  <div class='ocr_page' id='page_1' title='image "./mnemosynevolume03verdgoog_0312.png"; bbox 0 0 3246 5085; ppageno 0'>
   <div class='ocr_carea' id='block_1_1' title="bbox 648 307 2004 374">
    <p class='ocr_par' dir='ltr' id='par_1_1' title="bbox 648 307 2004 374">
     <span class='ocr_line' id='line_1_1' title="bbox 648 307 2004 374; baseline 0 -2"><span class='ocrx_word' id='word_1_1' title='bbox 648 307 783 372; x_wconf 80' lang='lat'>304</span> <span class='ocrx_word' id='word_1_2' title='bbox 1691 323 2004 374; x_wconf 69' lang='lat' dir='ltr'>nonnus.</span> 
     </span>
    </p>
   </div>
   <div class='ocr_carea' id='block_1_2' title="bbox 638 489 3058 3986">
    <p class='ocr_par' dir='ltr' id='par_1_2' title="bbox 645 489 3058 1216">
     <span class='ocr_line' id='line_1_2' title="bbox 736 489 3051 570; baseline 0.001 -14"><span class='ocrx_word' id='word_1_3' title='bbox 736 491 876 558; x_wconf 88' lang='lat' dir='ltr'>Iam</span> <span class='ocrx_word' id='word_1_4' title='bbox 938 511 1127 569; x_wconf 82' lang='lat' dir='ltr'>vero,</span> <span class='ocrx_word' id='word_1_5' title='bbox 1191 495 1269 556; x_wconf 84' lang='lat' dir='ltr'>ut</span> <span class='ocrx_word' id='word_1_6' title='bbox 1330 489 1410 556; x_wconf 87' lang='lat' dir='ltr'>ad</span> <span class='ocrx_word' id='word_1_7' title='bbox 1474 490 1714 558; x_wconf 87' lang='lat' dir='ltr'>scholia</span> <span class='ocrx_word' id='word_1_8' title='bbox 1778 489 2070 570; x_wconf 77' lang='lat' dir='ltr'><strong>redeam,</strong></span> <span class='ocrx_word' id='word_1_9' title='bbox 2133 490 2382 558; x_wconf 87' lang='lat' dir='ltr'>Donato</span> <span class='ocrx_word' id='word_1_10' title='bbox 2446 513 2595 558; x_wconf 86' lang='lat' dir='ltr'>cum</span> <span class='ocrx_word' id='word_1_11' title='bbox 2643 489 3051 558; x_wconf 88' lang='lat' dir='ltr'>Bentleio</span> 
     </span>
     <span class='ocr_line' id='line_1_3' title="bbox 646 596 3050 685; baseline 0 -22"><span class='ocrx_word' id='word_1_12' title='bbox 646 599 984 663; x_wconf 80' lang='lat' dir='ltr'>tribuerim</span> <span class='ocrx_word' id='word_1_13' title='bbox 1056 596 1153 679; x_wconf 88' lang='lat'>(4)</span> <span class='ocrx_word' id='word_1_14' title='bbox 1224 596 1549 683; x_wconf 87' lang='lat' dir='ltr'>huiusque</span> <span class='ocrx_word' id='word_1_15' title='bbox 1620 605 1993 685; x_wconf 87' lang='lat' dir='ltr'>excerptum</span> <span class='ocrx_word' id='word_1_16' title='bbox 2074 597 2171 679; x_wconf 99' lang='grc'>(2)</span> <span class='ocrx_word' id='word_1_17' title='bbox 2241 601 2560 685; x_wconf 79' lang='lat' dir='ltr'>magistro</span> <span class='ocrx_word' id='word_1_18' title='bbox 2625 602 2835 664; x_wconf 88' lang='lat' dir='ltr'>nescio</span> <span class='ocrx_word' id='word_1_19' title='bbox 2899 601 3050 677; x_wconf 85' lang='lat' dir='ltr'>cui;</span> 
     </span>
     <span class='ocr_line' id='line_1_4' title="bbox 646 703 3054 790; baseline 0.001 -22"><span class='ocrx_word' id='word_1_20' title='bbox 646 710 789 770; x_wconf 92' lang='lat' dir='ltr'>tum</span> <span class='ocrx_word' id='word_1_21' title='bbox 856 705 951 787; x_wconf 93' lang='lat' dir='ltr'>(l)</span> <span class='ocrx_word' id='word_1_22' title='bbox 1012 726 1080 769; x_wconf 91' lang='lat' dir='ltr'>re</span> <span class='ocrx_word' id='word_1_23' title='bbox 1128 714 1193 770; x_wconf 90' lang='lat' dir='ltr'>et</span> <span class='ocrx_word' id='word_1_24' title='bbox 1241 705 1445 770; x_wconf 89' lang='lat' dir='ltr'>forma</span> <span class='ocrx_word' id='word_1_25' title='bbox 1493 707 1650 769; x_wconf 83' lang='lat' dir='ltr'>satis</span> <span class='ocrx_word' id='word_1_26' title='bbox 1698 703 1906 770; x_wconf 89' lang='lat' dir='ltr'>debile</span> <span class='ocrx_word' id='word_1_27' title='bbox 1956 704 2238 784; x_wconf 83' lang='lat' dir='ltr'>Editori3</span> <span class='ocrx_word' id='word_1_28' title='bbox 2289 705 2564 790; x_wconf 88' lang='lat' dir='ltr'>denique</span> <span class='ocrx_word' id='word_1_29' title='bbox 2609 704 2704 787; x_wconf 83' lang='lat'>(3)</span> <span class='ocrx_word' id='word_1_30' title='bbox 2751 704 2864 770; x_wconf 90' lang='lat' dir='ltr'>alii</span> <span class='ocrx_word' id='word_1_31' title='bbox 2913 727 3054 770; x_wconf 84' lang='lat' dir='ltr'>ma-</span> 
     </span>
     <span class='ocr_line' id='line_1_5' title="bbox 645 809 3056 899; baseline 0 -23"><span class='ocrx_word' id='word_1_32' title='bbox 645 815 852 899; x_wconf 82' lang='lat' dir='ltr'>gistro</span> <span class='ocrx_word' id='word_1_33' title='bbox 914 811 1243 898; x_wconf 72' lang='lat' dir='ltr'><strong>supplanti</strong></span> <span class='ocrx_word' id='word_1_34' title='bbox 1305 809 1586 898; x_wconf 77' lang='lat' dir='ltr'>collegae</span> <span class='ocrx_word' id='word_1_35' title='bbox 1637 814 2035 877; x_wconf 87' lang='lat' dir='ltr'>notationem</span> <span class='ocrx_word' id='word_1_36' title='bbox 2085 811 2200 892; x_wconf 90' lang='grc'>(2).</span> <span class='ocrx_word' id='word_1_37' title='bbox 2296 811 2520 898; x_wconf 83' lang='lat' dir='ltr'>Itaque</span> <span class='ocrx_word' id='word_1_38' title='bbox 2566 814 2632 876; x_wconf 87' lang='lat' dir='ltr'>in</span> <span class='ocrx_word' id='word_1_39' title='bbox 2679 819 3056 877; x_wconf 88' lang='lat' dir='ltr'>commento</span> 
     </span>
     <span class='ocr_line' id='line_1_6' title="bbox 645 916 3058 1005; baseline 0 -23"><span class='ocrx_word' id='word_1_40' title='bbox 645 916 980 1004; x_wconf 83' lang='lat' dir='ltr'>legebatur</span> <span class='ocrx_word' id='word_1_41' title='bbox 1047 917 1497 984; x_wconf 89' lang='lat' dir='ltr'>tantummodo</span> <span class='ocrx_word' id='word_1_42' title='bbox 1570 917 1772 983; x_wconf 90' lang='lat' dir='ltr'>schol.</span> <span class='ocrx_word' id='word_1_43' title='bbox 1845 917 1962 998; x_wconf 87' lang='grc'><strong>(4),</strong></span> <span class='ocrx_word' id='word_1_44' title='bbox 2035 918 2186 982; x_wconf 91' lang='lat' dir='ltr'>huic</span> <span class='ocrx_word' id='word_1_45' title='bbox 2254 918 2368 982; x_wconf 86' lang='lat' dir='ltr'>Ed.</span> <span class='ocrx_word' id='word_1_46' title='bbox 2444 921 2855 1005; x_wconf 80' lang='lat' dir='ltr'>praescripsit</span> <span class='ocrx_word' id='word_1_47' title='bbox 2927 919 3058 999; x_wconf 83' lang='lat'>(1),</span> 
     </span>
     <span class='ocr_line' id='line_1_7' title="bbox 647 1021 3056 1110; baseline 0 -22"><span class='ocrx_word' id='word_1_48' title='bbox 647 1023 917 1110; x_wconf 89' lang='lat' dir='ltr'>denique</span> <span class='ocrx_word' id='word_1_49' title='bbox 978 1021 1378 1109; x_wconf 84' lang='lat' dir='ltr'>Compilator</span> <span class='ocrx_word' id='word_1_50' title='bbox 1431 1022 1537 1090; x_wconf 83' lang='lat' dir='ltr'>vel</span> <span class='ocrx_word' id='word_1_51' title='bbox 1586 1046 1664 1090; x_wconf 84' lang='lat' dir='ltr'>ex</span> <span class='ocrx_word' id='word_1_52' title='bbox 1711 1023 1994 1088; x_wconf 82' lang='lat' dir='ltr'>Editoris</span> <span class='ocrx_word' id='word_1_53' title='bbox 2044 1025 2148 1090; x_wconf 85' lang='lat' dir='ltr'>vel</span> <span class='ocrx_word' id='word_1_54' title='bbox 2196 1047 2274 1090; x_wconf 86' lang='lat' dir='ltr'>ex</span> <span class='ocrx_word' id='word_1_55' title='bbox 2323 1023 2489 1090; x_wconf 90' lang='lat' dir='ltr'>alius</span> <span class='ocrx_word' id='word_1_56' title='bbox 2533 1023 2834 1090; x_wconf 83' lang='lat' dir='ltr'>editionis</span> <span class='ocrx_word' id='word_1_57' title='bbox 2881 1045 3056 1089; x_wconf 88' lang='lat' dir='ltr'>mar-</span> 
     </span>
     <span class='ocr_line' id='line_1_8' title="bbox 645 1129 1421 1216; baseline 0 -22"><span class='ocrx_word' id='word_1_58' title='bbox 645 1132 798 1216; x_wconf 85' lang='lat' dir='ltr'>gine</span> <span class='ocrx_word' id='word_1_59' title='bbox 842 1133 1113 1195; x_wconf 87' lang='lat' dir='ltr'>inseruit</span> <span class='ocrx_word' id='word_1_60' title='bbox 1158 1131 1254 1211; x_wconf 87' lang='grc'>(2)</span> <span class='ocrx_word' id='word_1_61' title='bbox 1304 1129 1421 1211; x_wconf 92' lang='grc'>(3).</span> 
     </span>
    </p>

    <p class='ocr_par' dir='ltr' id='par_1_3' title="bbox 644 1235 3054 1430">
     <span class='ocr_line' id='line_1_9' title="bbox 735 1235 3054 1323; baseline 0.001 -23"><span class='ocrx_word' id='word_1_62' title='bbox 735 1235 895 1302; x_wconf 91' lang='lat' dir='ltr'>Ibid.</span> <span class='ocrx_word' id='word_1_63' title='bbox 946 1235 1033 1302; x_wconf 91' lang='grc'>40</span> <span class='ocrx_word' id='word_1_64' title='bbox 1104 1237 1280 1301; x_wconf 86' lang='lat' dir='ltr'>Ant.</span> <span class='ocrx_word' id='word_1_65' title='bbox 1344 1236 1483 1302; x_wconf 88' lang='lat' dir='ltr'>Iam</span> <span class='ocrx_word' id='word_1_66' title='bbox 1538 1257 1613 1302; x_wconf 91' lang='lat' dir='ltr'>ea</span> <span class='ocrx_word' id='word_1_67' title='bbox 1660 1236 1820 1317; x_wconf 90' lang='lat' dir='ltr'>(dies</span> <span class='ocrx_word' id='word_1_68' title='bbox 1867 1239 2249 1323; x_wconf 80' lang='lat' dir='ltr'>praestituta</span> <span class='ocrx_word' id='word_1_69' title='bbox 2295 1236 2452 1303; x_wconf 89' lang='lat' dir='ltr'>olim</span> <span class='ocrx_word' id='word_1_70' title='bbox 2501 1259 2653 1303; x_wconf 89' lang='lat' dir='ltr'>cum</span> <span class='ocrx_word' id='word_1_71' title='bbox 2699 1235 3054 1318; x_wconf 79' lang='lat' dir='ltr'>Phaedria)</span> 
     </span>
     <span class='ocr_line' id='line_1_10' title="bbox 644 1341 2479 1430; baseline 0 -22"><span class='ocrx_word' id='word_1_72' title='bbox 644 1341 1019 1430; x_wconf 81' lang='lat' dir='ltr'>praeteriit?</span> <span class='ocrx_word' id='word_1_73' title='bbox 1089 1343 1267 1410; x_wconf 89' lang='lat' dir='ltr'>Dor.</span> <span class='ocrx_word' id='word_1_74' title='bbox 1320 1343 1495 1422; x_wconf 84' lang='lat' dir='ltr'>Non,</span> <span class='ocrx_word' id='word_1_75' title='bbox 1548 1364 1780 1409; x_wconf 83' lang='lat' dir='ltr'>verum</span> <span class='ocrx_word' id='word_1_76' title='bbox 1829 1343 1982 1410; x_wconf 86' lang='lat' dir='ltr'>haec</span> <span class='ocrx_word' id='word_1_77' title='bbox 2030 1346 2090 1409; x_wconf 90' lang='lat' dir='ltr'>ei</span> <span class='ocrx_word' id='word_1_78' title='bbox 2139 1347 2479 1409; x_wconf 82' lang='lat' dir='ltr'>antecessit</span> 
     </span>
    </p>

    <p class='ocr_par' dir='ltr' id='par_1_4' title="bbox 642 1449 3056 2069">
     <span class='ocr_line' id='line_1_11' title="bbox 737 1449 3054 1535; baseline 0 -21"><span class='ocrx_word' id='word_1_79' title='bbox 737 1451 833 1532; x_wconf 91' lang='grc'>(2)</span> <span class='ocrx_word' id='word_1_80' title='bbox 879 1449 1136 1516; x_wconf 85' lang='lat' dir='ltr'>Urbane</span> <span class='ocrx_word' id='word_1_81' title='bbox 1184 1449 1327 1515; x_wconf 90' lang='lat' dir='ltr'>leno</span> <span class='ocrx_word' id='word_1_82' title='bbox 1380 1450 1577 1528; x_wconf 87' lang='lat' dir='ltr'>„haec</span> <span class='ocrx_word' id='word_1_83' title='bbox 1629 1450 2034 1529; x_wconf 86' lang='lat' dir='ltr'>antecessit’&#39;,</span> <span class='ocrx_word' id='word_1_84' title='bbox 2086 1456 2162 1515; x_wconf 89' lang='lat' dir='ltr'>ut</span> <span class='ocrx_word' id='word_1_85' title='bbox 2208 1449 2320 1516; x_wconf 89' lang='lat' dir='ltr'>alii</span> <span class='ocrx_word' id='word_1_86' title='bbox 2366 1454 2598 1535; x_wconf 89' lang='lat' dir='ltr'>putant</span> <span class='ocrx_word' id='word_1_87' title='bbox 2635 1452 3054 1515; x_wconf 82' lang='lat' dir='ltr'>meretrix</span> 
     </span>
     <span class='ocr_line' id='line_1_12' title="bbox 642 1555 3052 1642; baseline 0 -20"><span class='ocrx_word' id='word_1_88' title='bbox 642 1555 1027 1635; x_wconf 83' lang='lat' dir='ltr'>vendita,</span> <span class='ocrx_word' id='word_1_89' title='bbox 1100 1562 1174 1620; x_wconf 95' lang='lat' dir='ltr'>ut</span> <span class='ocrx_word' id='word_1_90' title='bbox 1242 1555 1353 1621; x_wconf 88' lang='lat' dir='ltr'>alii</span> <span class='ocrx_word' id='word_1_91' title='bbox 1430 1556 1608 1622; x_wconf 90' lang='lat' dir='ltr'>dies</span> <span class='ocrx_word' id='word_1_92' title='bbox 1688 1555 1902 1622; x_wconf 90' lang='lat' dir='ltr'>lenoni</span> <span class='ocrx_word' id='word_1_93' title='bbox 1973 1577 2165 1642; x_wconf 92' lang='lat' dir='ltr'>quam</span> <span class='ocrx_word' id='word_1_94' title='bbox 2237 1559 2666 1622; x_wconf 89' lang='lat' dir='ltr'>constitutum</span> <span class='ocrx_word' id='word_1_95' title='bbox 2729 1556 2875 1623; x_wconf 87' lang='lat' dir='ltr'>fuit.</span> <span class='ocrx_word' id='word_1_96' title='bbox 2959 1594 3052 1604; x_wconf 92' lang='lat'><strong>—</strong></span> 
     </span>
     <span class='ocr_line' id='line_1_13' title="bbox 645 1661 3054 1751; baseline -0 -22"><span class='ocrx_word' id='word_1_97' title='bbox 645 1664 741 1747; x_wconf 85' lang='lat'>(3)</span> <span class='ocrx_word' id='word_1_98' title='bbox 788 1666 889 1729; x_wconf 91' lang='lat' dir='ltr'>An</span> <span class='ocrx_word' id='word_1_99' title='bbox 934 1669 1150 1751; x_wconf 90' lang='lat' dir='ltr'>aperte</span> <span class='ocrx_word' id='word_1_100' title='bbox 1198 1661 1342 1730; x_wconf 91' lang='lat' dir='ltr'>leno</span> <span class='ocrx_word' id='word_1_101' title='bbox 1388 1664 1668 1749; x_wconf 89' lang='lat' dir='ltr'>perfidus</span> <span class='ocrx_word' id='word_1_102' title='bbox 1715 1667 2048 1744; x_wconf 86' lang='lat' dir='ltr'>mentitur,</span> <span class='ocrx_word' id='word_1_103' title='bbox 2091 1664 2260 1729; x_wconf 88' lang='lat' dir='ltr'>unde</span> <span class='ocrx_word' id='word_1_104' title='bbox 2299 1667 2591 1751; x_wconf 90' lang='lat' dir='ltr'>sequitur</span> <span class='ocrx_word' id='word_1_105' title='bbox 2631 1686 2800 1742; x_wconf 89' lang='lat' dir='ltr'>„non</span> <span class='ocrx_word' id='word_1_106' title='bbox 2838 1663 3054 1750; x_wconf 90' lang='lat' dir='ltr'>pudet</span> 
     </span>
     <span class='ocr_line' id='line_1_14' title="bbox 644 1767 3049 1857; baseline 0 -21"><span class='ocrx_word' id='word_1_107' title='bbox 644 1767 1038 1836; x_wconf 83' lang='lat' dir='ltr'>vanitatis”?</span> <span class='ocrx_word' id='word_1_108' title='bbox 1174 1769 1270 1851; x_wconf 89' lang='lat'>(4)</span> <span class='ocrx_word' id='word_1_109' title='bbox 1318 1770 1492 1857; x_wconf 82' lang='lat' dir='ltr'>Ergo</span> <span class='ocrx_word' id='word_1_110' title='bbox 1538 1769 1686 1857; x_wconf 89' lang='lat' dir='ltr'>plus</span> <span class='ocrx_word' id='word_1_111' title='bbox 1735 1778 1832 1836; x_wconf 89' lang='lat' dir='ltr'>est</span> <span class='ocrx_word' id='word_1_112' title='bbox 1876 1771 2298 1849; x_wconf 83' lang='lat' dir='ltr'>„antecessit”</span> <span class='ocrx_word' id='word_1_113' title='bbox 2342 1792 2537 1856; x_wconf 88' lang='lat' dir='ltr'>quam</span> <span class='ocrx_word' id='word_1_114' title='bbox 2575 1773 2926 1857; x_wconf 88' lang='lat' dir='ltr'>praeteriit.</span> <span class='ocrx_word' id='word_1_115' title='bbox 2955 1809 3049 1819; x_wconf 95' lang='lat'>—</span> 
     </span>
     <span class='ocr_line' id='line_1_15' title="bbox 648 1875 3056 1965; baseline 0.001 -25"><span class='ocrx_word' id='word_1_116' title='bbox 648 1877 744 1958; x_wconf 87' lang='lat'>(5)</span> <span class='ocrx_word' id='word_1_117' title='bbox 806 1876 989 1954; x_wconf 92' lang='lat' dir='ltr'>„Non</span> <span class='ocrx_word' id='word_1_118' title='bbox 1052 1875 1204 1962; x_wconf 89' lang='lat' dir='ltr'>pud.</span> <span class='ocrx_word' id='word_1_119' title='bbox 1254 1877 1502 1942; x_wconf 85' lang='lat' dir='ltr'>vanit.&#39;&#39;</span> <span class='ocrx_word' id='word_1_120' title='bbox 1555 1883 1820 1963; x_wconf 89' lang='lat' dir='ltr'>apparet</span> <span class='ocrx_word' id='word_1_121' title='bbox 1867 1899 2058 1964; x_wconf 90' lang='lat' dir='ltr'>supra</span> <span class='ocrx_word' id='word_1_122' title='bbox 2105 1876 2400 1944; x_wconf 89' lang='lat' dir='ltr'>lenonem</span> <span class='ocrx_word' id='word_1_123' title='bbox 2449 1876 2525 1943; x_wconf 92' lang='lat' dir='ltr'>de</span> <span class='ocrx_word' id='word_1_124' title='bbox 2574 1876 2838 1965; x_wconf 88' lang='lat' dir='ltr'>perfidia</span> <span class='ocrx_word' id='word_1_125' title='bbox 2883 1879 3056 1943; x_wconf 85' lang='lat' dir='ltr'>anti-</span> 
     </span>
     <span class='ocr_line' id='line_1_16' title="bbox 646 1983 1813 2069; baseline 0.002 -21"><span class='ocrx_word' id='word_1_126' title='bbox 646 1985 843 2069; x_wconf 90' lang='lat' dir='ltr'>cipati</span> <span class='ocrx_word' id='word_1_127' title='bbox 891 1985 1199 2068; x_wconf 88' lang='lat' dir='ltr'>temporis</span> <span class='ocrx_word' id='word_1_128' title='bbox 1247 2003 1382 2049; x_wconf 89' lang='lat' dir='ltr'>esse</span> <span class='ocrx_word' id='word_1_129' title='bbox 1430 1983 1813 2050; x_wconf 86' lang='lat' dir='ltr'>confessum.</span> 
     </span>
    </p>

    <p class='ocr_par' dir='ltr' id='par_1_5' title="bbox 645 2088 3054 2369">
     <span class='ocr_line' id='line_1_17' title="bbox 738 2088 3052 2179; baseline 0.002 -25"><span class='ocrx_word' id='word_1_130' title='bbox 738 2088 1039 2156; x_wconf 89' lang='lat' dir='ltr'>Dorias</span> <span class='ocrx_word' id='word_1_131' title='bbox 1078 2089 1223 2155; x_wconf 90' lang='lat' dir='ltr'>leno</span> <span class='ocrx_word' id='word_1_132' title='bbox 1265 2089 1436 2155; x_wconf 90' lang='lat' dir='ltr'>diem</span> <span class='ocrx_word' id='word_1_133' title='bbox 1476 2094 1928 2176; x_wconf 80' lang='lat' dir='ltr'>praestituerat</span> <span class='ocrx_word' id='word_1_134' title='bbox 1967 2090 2045 2156; x_wconf 88' lang='lat' dir='ltr'>ad</span> <span class='ocrx_word' id='word_1_135' title='bbox 2087 2111 2283 2177; x_wconf 86' lang='lat' dir='ltr'>quam</span> <span class='ocrx_word' id='word_1_136' title='bbox 2325 2091 2639 2157; x_wconf 85' lang='lat' dir='ltr'>Phaedria</span> <span class='ocrx_word' id='word_1_137' title='bbox 2680 2093 3052 2179; x_wconf 90' lang='lat' dir='ltr'>pecuniam,</span> 
     </span>
     <span class='ocr_line' id='line_1_18' title="bbox 645 2195 3054 2282; baseline 0.002 -21"><span class='ocrx_word' id='word_1_138' title='bbox 645 2195 755 2262; x_wconf 89' lang='lat' dir='ltr'>ille</span> <span class='ocrx_word' id='word_1_139' title='bbox 800 2195 1084 2282; x_wconf 88' lang='lat' dir='ltr'>puellam</span> <span class='ocrx_word' id='word_1_140' title='bbox 1134 2195 1313 2262; x_wconf 89' lang='lat' dir='ltr'>daret</span> <span class='ocrx_word' id='word_1_141' title='bbox 1358 2202 1479 2278; x_wconf 84' lang='lat' dir='ltr'>(vs.</span> <span class='ocrx_word' id='word_1_142' title='bbox 1532 2197 1667 2279; x_wconf 87' lang='grc'>38),</span> <span class='ocrx_word' id='word_1_143' title='bbox 1715 2197 1825 2264; x_wconf 89' lang='lat' dir='ltr'>sed</span> <span class='ocrx_word' id='word_1_144' title='bbox 1871 2201 2340 2264; x_wconf 83' lang='lat' dir='ltr'>interveniente</span> <span class='ocrx_word' id='word_1_145' title='bbox 2380 2197 2594 2264; x_wconf 88' lang='lat' dir='ltr'>milite</span> <span class='ocrx_word' id='word_1_146' title='bbox 2634 2219 2775 2264; x_wconf 90' lang='lat' dir='ltr'>eam</span> <span class='ocrx_word' id='word_1_147' title='bbox 2813 2197 3054 2265; x_wconf 89' lang='lat' dir='ltr'>nihilo·</span> 
     </span>
     <span class='ocr_line' id='line_1_19' title="bbox 645 2303 1301 2369; baseline 0.002 -1"><span class='ocrx_word' id='word_1_148' title='bbox 645 2305 861 2368; x_wconf 88' lang='lat' dir='ltr'>minus</span> <span class='ocrx_word' id='word_1_149' title='bbox 911 2303 1301 2369; x_wconf 85' lang='lat' dir='ltr'>vendiderat.</span> 
     </span>
    </p>

    <p class='ocr_par' dir='ltr' id='par_1_6' title="bbox 642 2408 3046 3028">
     <span class='ocr_line' id='line_1_20' title="bbox 736 2408 3046 2496; baseline -0.001 -20"><span class='ocrx_word' id='word_1_150' title='bbox 736 2409 1232 2488; x_wconf 88' lang='lat' dir='ltr'>Urbanitas,</span> <span class='ocrx_word' id='word_1_151' title='bbox 1298 2409 1417 2476; x_wconf 87' lang='lat' dir='ltr'>hoc</span> <span class='ocrx_word' id='word_1_152' title='bbox 1478 2415 1579 2476; x_wconf 86' lang='lat' dir='ltr'>est</span> <span class='ocrx_word' id='word_1_153' title='bbox 1637 2408 1877 2496; x_wconf 89' lang='lat' dir='ltr'>lepor</span> <span class='ocrx_word' id='word_1_154' title='bbox 1941 2410 2048 2491; x_wconf 86' lang='lat' dir='ltr'>(cf.</span> <span class='ocrx_word' id='word_1_155' title='bbox 2102 2409 2155 2473; x_wconf 91' lang='lat' dir='ltr'><strong>V</strong></span> <span class='ocrx_word' id='word_1_156' title='bbox 2211 2409 2274 2474; x_wconf 86' lang='lat'>8.</span> <span class='ocrx_word' id='word_1_157' title='bbox 2302 2409 2586 2492; x_wconf 85' lang='lat'>95(1)),</span> <span class='ocrx_word' id='word_1_158' title='bbox 2651 2408 2880 2476; x_wconf 88' lang='lat' dir='ltr'>scholii</span> <span class='ocrx_word' id='word_1_159' title='bbox 2944 2409 3046 2490; x_wconf 90' lang='grc'>(2)</span> 
     </span>
     <span class='ocr_line' id='line_1_21' title="bbox 643 2514 3043 2604; baseline -0 -21"><span class='ocrx_word' id='word_1_160' title='bbox 643 2519 710 2583; x_wconf 90' lang='lat' dir='ltr'>in</span> <span class='ocrx_word' id='word_1_161' title='bbox 777 2536 850 2584; x_wconf 91' lang='lat' dir='ltr'>eo</span> <span class='ocrx_word' id='word_1_162' title='bbox 913 2522 1011 2582; x_wconf 86' lang='lat' dir='ltr'>est</span> <span class='ocrx_word' id='word_1_163' title='bbox 1071 2519 1283 2604; x_wconf 88' lang='lat' dir='ltr'>posita</span> <span class='ocrx_word' id='word_1_164' title='bbox 1338 2517 1507 2602; x_wconf 91' lang='lat' dir='ltr'>qnod</span> <span class='ocrx_word' id='word_1_165' title='bbox 1554 2514 1699 2584; x_wconf 91' lang='lat' dir='ltr'>leno</span> <span class='ocrx_word' id='word_1_166' title='bbox 1747 2538 1873 2583; x_wconf 91' lang='lat' dir='ltr'>non</span> <span class='ocrx_word' id='word_1_167' title='bbox 1919 2522 2113 2604; x_wconf 81' lang='lat' dir='ltr'>negat</span> <span class='ocrx_word' id='word_1_168' title='bbox 2160 2515 2420 2604; x_wconf 88' lang='lat' dir='ltr'>quidem</span> <span class='ocrx_word' id='word_1_169' title='bbox 2468 2515 2636 2583; x_wconf 89' lang='lat' dir='ltr'>diem</span> <span class='ocrx_word' id='word_1_170' title='bbox 2686 2516 3043 2583; x_wconf 87' lang='lat' dir='ltr'>Phaedriae</span> 
     </span>
     <span class='ocr_line' id='line_1_22' title="bbox 642 2624 3042 2709; baseline -0.001 -17"><span class='ocrx_word' id='word_1_171' title='bbox 642 2624 925 2691; x_wconf 88' lang='lat' dir='ltr'>nondum</span> <span class='ocrx_word' id='word_1_172' title='bbox 968 2625 1387 2709; x_wconf 84' lang='lat' dir='ltr'>praeteriisse,</span> <span class='ocrx_word' id='word_1_173' title='bbox 1436 2624 1545 2689; x_wconf 89' lang='lat' dir='ltr'>sed</span> <span class='ocrx_word' id='word_1_174' title='bbox 1593 2631 1850 2690; x_wconf 86' lang='lat' dir='ltr'>versute</span> <span class='ocrx_word' id='word_1_175' title='bbox 1902 2631 1968 2689; x_wconf 92' lang='lat' dir='ltr'>et</span> <span class='ocrx_word' id='word_1_176' title='bbox 2003 2625 2180 2690; x_wconf 81' lang='lat' dir='ltr'>vafre</span> <span class='ocrx_word' id='word_1_177' title='bbox 2219 2626 2312 2689; x_wconf 89' lang='lat' dir='ltr'>ait</span> <span class='ocrx_word' id='word_1_178' title='bbox 2351 2624 2622 2689; x_wconf 88' lang='lat' dir='ltr'>alteram</span> <span class='ocrx_word' id='word_1_179' title='bbox 2664 2628 2722 2689; x_wconf 89' lang='lat' dir='ltr'>ei</span> <span class='ocrx_word' id='word_1_180' title='bbox 2763 2630 3042 2690; x_wconf 89' lang='lat' dir='ltr'>anteces-</span> 
     </span>
     <span class='ocr_line' id='line_1_23' title="bbox 642 2728 3044 2816; baseline -0 -20"><span class='ocrx_word' id='word_1_181' title='bbox 642 2734 819 2797; x_wconf 89' lang='lat' dir='ltr'>sisse.</span> <span class='ocrx_word' id='word_1_182' title='bbox 913 2728 1039 2795; x_wconf 81' lang='lat' dir='ltr'>Sed</span> <span class='ocrx_word' id='word_1_183' title='bbox 1080 2730 1235 2815; x_wconf 91' lang='lat' dir='ltr'>qnid</span> <span class='ocrx_word' id='word_1_184' title='bbox 1276 2736 1373 2795; x_wconf 89' lang='lat' dir='ltr'>est</span> <span class='ocrx_word' id='word_1_185' title='bbox 1411 2728 1651 2795; x_wconf 74' lang='lat' dir='ltr'>haec?</span> <span class='ocrx_word' id='word_1_186' title='bbox 1693 2730 2054 2815; x_wconf 88' lang='lat' dir='ltr'>Respondet</span> <span class='ocrx_word' id='word_1_187' title='bbox 2091 2728 2468 2797; x_wconf 81' lang='lat' dir='ltr'>scholiasta:</span> <span class='ocrx_word' id='word_1_188' title='bbox 2515 2735 2633 2807; x_wconf 92' lang='lat' dir='ltr'>„ut</span> <span class='ocrx_word' id='word_1_189' title='bbox 2670 2728 2784 2795; x_wconf 89' lang='lat' dir='ltr'>alii</span> <span class='ocrx_word' id='word_1_190' title='bbox 2807 2736 3044 2816; x_wconf 87' lang='lat' dir='ltr'>putant</span> 
     </span>
     <span class='ocr_line' id='line_1_24' title="bbox 645 2835 3046 2929; baseline -0.001 -26"><span class='ocrx_word' id='word_1_191' title='bbox 645 2839 1051 2905; x_wconf 84' lang='lat' dir='ltr'>meretrix</span> <span class='ocrx_word' id='word_1_192' title='bbox 1115 2836 1465 2902; x_wconf 81' lang='lat' dir='ltr'>vendita</span> <span class='ocrx_word' id='word_1_193' title='bbox 1526 2839 1596 2916; x_wconf 89' lang='lat' dir='ltr'>(i.</span> <span class='ocrx_word' id='word_1_194' title='bbox 1641 2857 1695 2901; x_wconf 94' lang='lat' dir='ltr'>e.</span> <span class='ocrx_word' id='word_1_195' title='bbox 1760 2839 1898 2921; x_wconf 87' lang='lat' dir='ltr'>ipsa</span> <span class='ocrx_word' id='word_1_196' title='bbox 1961 2836 2247 2901; x_wconf 81' lang='lat' dir='ltr'>venditio</span> <span class='ocrx_word' id='word_1_197' title='bbox 2307 2838 2710 2918; x_wconf 89' lang='lat' dir='ltr'>meretricis),</span> <span class='ocrx_word' id='word_1_198' title='bbox 2789 2842 2866 2900; x_wconf 88' lang='lat' dir='ltr'>ut</span> <span class='ocrx_word' id='word_1_199' title='bbox 2909 2835 3046 2929; x_wconf 23' lang='lat' dir='ltr'>‘alii</span> 
     </span>
     <span class='ocr_line' id='line_1_25' title="bbox 645 2941 2079 3028; baseline -0.002 -20"><span class='ocrx_word' id='word_1_200' title='bbox 645 2944 822 3009; x_wconf 90' lang='lat' dir='ltr'>dies</span> <span class='ocrx_word' id='word_1_201' title='bbox 866 2942 1117 3022; x_wconf 92' lang='lat' dir='ltr'>lenoni,</span> <span class='ocrx_word' id='word_1_202' title='bbox 1167 2964 1363 3028; x_wconf 90' lang='lat' dir='ltr'>quam</span> <span class='ocrx_word' id='word_1_203' title='bbox 1411 2944 1840 3007; x_wconf 89' lang='lat' dir='ltr'>constitutum</span> <span class='ocrx_word' id='word_1_204' title='bbox 1887 2941 2079 3006; x_wconf 66' lang='lat' dir='ltr'>suie’.</span> 
     </span>
    </p>

    <p class='ocr_par' dir='ltr' id='par_1_7' title="bbox 638 3047 3045 3665">
     <span class='ocr_line' id='line_1_26' title="bbox 736 3047 3042 3133; baseline -0 -18"><span class='ocrx_word' id='word_1_205' title='bbox 736 3051 1069 3115; x_wconf 88' lang='lat' dir='ltr'>Postrema</span> <span class='ocrx_word' id='word_1_206' title='bbox 1107 3052 1422 3115; x_wconf 89' lang='lat' dir='ltr'>sententia</span> <span class='ocrx_word' id='word_1_207' title='bbox 1460 3049 1711 3114; x_wconf 87' lang='lat' dir='ltr'>laborat</span> <span class='ocrx_word' id='word_1_208' title='bbox 1749 3047 2127 3133; x_wconf 84' lang='lat' dir='ltr'>corruptela.</span> <span class='ocrx_word' id='word_1_209' title='bbox 2169 3048 2464 3115; x_wconf 87' lang='lat' dir='ltr'>Wessn.</span> <span class='ocrx_word' id='word_1_210' title='bbox 2507 3051 2813 3115; x_wconf 84' lang='lat' dir='ltr'>correxit:</span> <span class='ocrx_word' id='word_1_211' title='bbox 2857 3048 2964 3127; x_wconf 81' lang='lat' dir='ltr'>„d.</span> <span class='ocrx_word' id='word_1_212' title='bbox 2993 3048 3042 3115; x_wconf 91' lang='lat' dir='ltr'>l.</span> 
     </span>
     <span class='ocr_line' id='line_1_27' title="bbox 648 3151 3045 3246; baseline -0.001 -25"><span class='ocrx_word' id='word_1_213' title='bbox 648 3154 814 3246; x_wconf 81' lang='lat' dir='ltr'>(in)</span> <span class='ocrx_word' id='word_1_214' title='bbox 865 3178 1057 3241; x_wconf 88' lang='lat' dir='ltr'>quam</span> <span class='ocrx_word' id='word_1_215' title='bbox 1108 3158 1535 3221; x_wconf 87' lang='lat' dir='ltr'>constitutum</span> <span class='ocrx_word' id='word_1_216' title='bbox 1587 3154 1779 3232; x_wconf 89' lang='lat' dir='ltr'>fnit’&#39;‚</span> <span class='ocrx_word' id='word_1_217' title='bbox 1829 3154 1997 3239; x_wconf 90' lang='lat' dir='ltr'>quod</span> <span class='ocrx_word' id='word_1_218' title='bbox 2047 3158 2266 3219; x_wconf 85' lang='lat' dir='ltr'>minus</span> <span class='ocrx_word' id='word_1_219' title='bbox 2311 3154 2629 3241; x_wconf 77' lang='lat' dir='ltr'>intelligo,</span> <span class='ocrx_word' id='word_1_220' title='bbox 2679 3151 3045 3220; x_wconf 82' lang='lat' dir='ltr'>Scholiasta</span> 
     </span>
     <span class='ocr_line' id='line_1_28' title="bbox 641 3259 3042 3347; baseline -0.001 -20"><span class='ocrx_word' id='word_1_221' title='bbox 641 3265 952 3327; x_wconf 90' lang='lat' dir='ltr'>nimirum</span> <span class='ocrx_word' id='word_1_222' title='bbox 1000 3260 1321 3347; x_wconf 84' lang='lat' dir='ltr'>significat</span> <span class='ocrx_word' id='word_1_223' title='bbox 1367 3267 1480 3327; x_wconf 90' lang='lat' dir='ltr'>aut</span> <span class='ocrx_word' id='word_1_224' title='bbox 1526 3262 1744 3347; x_wconf 86' lang='lat' dir='ltr'>ipsum</span> <span class='ocrx_word' id='word_1_225' title='bbox 1791 3259 1963 3326; x_wconf 88' lang='lat' dir='ltr'>diem</span> <span class='ocrx_word' id='word_1_226' title='bbox 2006 3282 2132 3345; x_wconf 92' lang='lat' dir='ltr'>quo</span> <span class='ocrx_word' id='word_1_227' title='bbox 2159 3263 2400 3338; x_wconf 67' lang='lat' dir='ltr'>veniit,</span> <span class='ocrx_word' id='word_1_228' title='bbox 2439 3266 2554 3326; x_wconf 87' lang='lat' dir='ltr'>ant</span> <span class='ocrx_word' id='word_1_229' title='bbox 2593 3261 2798 3337; x_wconf 92' lang='lat' dir='ltr'>diem,</span> <span class='ocrx_word' id='word_1_230' title='bbox 2840 3280 3042 3345; x_wconf 88' lang='lat' dir='ltr'>quam</span> 
     </span>
     <span class='ocr_line' id='line_1_29' title="bbox 643 3364 3042 3453; baseline -0 -20"><span class='ocrx_word' id='word_1_231' title='bbox 643 3389 792 3433; x_wconf 91' lang='lat' dir='ltr'>cum</span> <span class='ocrx_word' id='word_1_232' title='bbox 852 3388 1019 3431; x_wconf 82' lang='lat' dir='ltr'>novo</span> <span class='ocrx_word' id='word_1_233' title='bbox 1079 3373 1366 3453; x_wconf 89' lang='lat' dir='ltr'>emptore</span> <span class='ocrx_word' id='word_1_234' title='bbox 1429 3371 1850 3433; x_wconf 86' lang='lat' dir='ltr'>constituerat</span> <span class='ocrx_word' id='word_1_235' title='bbox 1915 3365 2256 3431; x_wconf 87' lang='lat' dir='ltr'>tradendae</span> <span class='ocrx_word' id='word_1_236' title='bbox 2320 3364 2613 3431; x_wconf 89' lang='lat' dir='ltr'>mulieris</span> <span class='ocrx_word' id='word_1_237' title='bbox 2659 3365 2725 3447; x_wconf 90' lang='lat'>¹).</span> <span class='ocrx_word' id='word_1_238' title='bbox 2808 3365 3042 3451; x_wconf 89' lang='lat' dir='ltr'>Itaque</span> 
     </span>
     <span class='ocr_line' id='line_1_30' title="bbox 642 3470 3038 3559; baseline -0.002 -18"><span class='ocrx_word' id='word_1_239' title='bbox 642 3476 838 3541; x_wconf 82' lang='lat' dir='ltr'>verba</span> <span class='ocrx_word' id='word_1_240' title='bbox 900 3476 991 3538; x_wconf 91' lang='lat' dir='ltr'>sic</span> <span class='ocrx_word' id='word_1_241' title='bbox 1053 3473 1183 3539; x_wconf 87' lang='lat' dir='ltr'>fere</span> <span class='ocrx_word' id='word_1_242' title='bbox 1242 3473 1619 3559; x_wconf 81' lang='lat' dir='ltr'>corrig-enda</span> <span class='ocrx_word' id='word_1_243' title='bbox 1679 3474 1985 3539; x_wconf 84' lang='lat' dir='ltr'>videntur</span> <span class='ocrx_word' id='word_1_244' title='bbox 2000 3494 2017 3552; x_wconf 88' lang='lat'>;</span> <span class='ocrx_word' id='word_1_245' title='bbox 2073 3472 2296 3551; x_wconf 92' lang='lat' dir='ltr'>„dies</span> <span class='ocrx_word' id='word_1_246' title='bbox 2344 3492 2486 3557; x_wconf 89' lang='lat' dir='ltr'>qua.</span> <span class='ocrx_word' id='word_1_247' title='bbox 2515 3470 2650 3552; x_wconf 83' lang='lat' dir='ltr'>(vel</span> <span class='ocrx_word' id='word_1_248' title='bbox 2694 3474 2762 3536; x_wconf 92' lang='lat' dir='ltr'>in</span> <span class='ocrx_word' id='word_1_249' title='bbox 2810 3477 3038 3558; x_wconf 88' lang='lat' dir='ltr'>quam)</span> 
     </span>
     <span class='ocr_line' id='line_1_31' title="bbox 638 3577 2429 3665; baseline -0.002 -19"><span class='ocrx_word' id='word_1_250' title='bbox 638 3580 854 3646; x_wconf 91' lang='lat' dir='ltr'>lenoni</span> <span class='ocrx_word' id='word_1_251' title='bbox 897 3582 1324 3645; x_wconf 86' lang='lat' dir='ltr'>constitutum</span> <span class='ocrx_word' id='word_1_252' title='bbox 1372 3579 1499 3644; x_wconf 89' lang='lat' dir='ltr'>fuit</span> <span class='ocrx_word' id='word_1_253' title='bbox 1546 3578 1710 3659; x_wconf 90' lang='lat' dir='ltr'>(scil.</span> <span class='ocrx_word' id='word_1_254' title='bbox 1761 3580 2007 3645; x_wconf 86' lang='lat' dir='ltr'>tradere</span> <span class='ocrx_word' id='word_1_255' title='bbox 2054 3577 2429 3665; x_wconf 88' lang='lat' dir='ltr'>puellam)’&#39;.</span> 
     </span>
    </p>

    <p class='ocr_par' dir='ltr' id='par_1_8' title="bbox 640 3684 3042 3986">
     <span class='ocr_line' id='line_1_32' title="bbox 734 3684 3036 3773; baseline -0.001 -21"><span class='ocrx_word' id='word_1_256' title='bbox 734 3686 1040 3773; x_wconf 83' lang='lat' dir='ltr'>Sequitur</span> <span class='ocrx_word' id='word_1_257' title='bbox 1084 3685 1245 3752; x_wconf 84' lang='lat' dir='ltr'>falsa</span> <span class='ocrx_word' id='word_1_258' title='bbox 1290 3688 1653 3751; x_wconf 88' lang='lat' dir='ltr'>coniectura</span> <span class='ocrx_word' id='word_1_259' title='bbox 1700 3687 1766 3750; x_wconf 92' lang='lat' dir='ltr'>in</span> <span class='ocrx_word' id='word_1_260' title='bbox 1813 3686 1930 3767; x_wconf 84' lang='lat'>(3),</span> <span class='ocrx_word' id='word_1_261' title='bbox 1979 3706 2130 3751; x_wconf 90' lang='lat' dir='ltr'>nam</span> <span class='ocrx_word' id='word_1_262' title='bbox 2175 3684 2321 3751; x_wconf 90' lang='lat' dir='ltr'>leno</span> <span class='ocrx_word' id='word_1_263' title='bbox 2369 3705 2489 3749; x_wconf 89' lang='lat' dir='ltr'>non</span> <span class='ocrx_word' id='word_1_264' title='bbox 2541 3685 2877 3762; x_wconf 86' lang='lat' dir='ltr'>mentitur,</span> <span class='ocrx_word' id='word_1_265' title='bbox 2924 3706 3036 3751; x_wconf 82' lang='lat' dir='ltr'>ve-</span> 
     </span>
     <span class='ocr_line' id='line_1_33' title="bbox 640 3790 3042 3879; baseline -0.002 -18"><span class='ocrx_word' id='word_1_266' title='bbox 640 3816 788 3861; x_wconf 89' lang='lat' dir='ltr'>rum</span> <span class='ocrx_word' id='word_1_267' title='bbox 836 3796 1075 3861; x_wconf 88' lang='lat' dir='ltr'>urbane</span> <span class='ocrx_word' id='word_1_268' title='bbox 1120 3813 1287 3859; x_wconf 84' lang='lat' dir='ltr'>vana</span> <span class='ocrx_word' id='word_1_269' title='bbox 1332 3797 1397 3858; x_wconf 90' lang='lat' dir='ltr'>et</span> <span class='ocrx_word' id='word_1_270' title='bbox 1442 3792 1684 3879; x_wconf 87' lang='lat' dir='ltr'>perfida</span> <span class='ocrx_word' id='word_1_271' title='bbox 1727 3791 2049 3858; x_wconf 89' lang='lat' dir='ltr'>locutione</span> <span class='ocrx_word' id='word_1_272' title='bbox 2096 3812 2254 3857; x_wconf 85' lang='lat' dir='ltr'>usus</span> <span class='ocrx_word' id='word_1_273' title='bbox 2292 3797 2410 3857; x_wconf 87' lang='lat' dir='ltr'>est.</span> <span class='ocrx_word' id='word_1_274' title='bbox 2472 3790 2697 3877; x_wconf 86' lang='lat' dir='ltr'>Itaque</span> <span class='ocrx_word' id='word_1_275' title='bbox 2740 3790 2837 3873; x_wconf 89' lang='lat'>(3)</span> <span class='ocrx_word' id='word_1_276' title='bbox 2885 3790 3042 3857; x_wconf 87' lang='lat' dir='ltr'>Edi-</span> 
     </span>
     <span class='ocr_line' id='line_1_34' title="bbox 641 3896 3039 3986; baseline -0.001 -18"><span class='ocrx_word' id='word_1_277' title='bbox 641 3904 767 3969; x_wconf 91' lang='lat' dir='ltr'>tori</span> <span class='ocrx_word' id='word_1_278' title='bbox 835 3900 1224 3969; x_wconf 90' lang='lat' dir='ltr'>reddendum</span> <span class='ocrx_word' id='word_1_279' title='bbox 1297 3903 1430 3979; x_wconf 90' lang='lat' dir='ltr'>est,</span> <span class='ocrx_word' id='word_1_280' title='bbox 1500 3920 1617 3965; x_wconf 89' lang='lat' dir='ltr'>nec</span> <span class='ocrx_word' id='word_1_281' title='bbox 1680 3920 1804 3965; x_wconf 92' lang='lat' dir='ltr'>non</span> <span class='ocrx_word' id='word_1_282' title='bbox 1866 3902 2082 3986; x_wconf 89' lang='lat' dir='ltr'>inepta</span> <span class='ocrx_word' id='word_1_283' title='bbox 2146 3896 2467 3964; x_wconf 87' lang='lat' dir='ltr'>conclusio</span> <span class='ocrx_word' id='word_1_284' title='bbox 2528 3919 2641 3984; x_wconf 90' lang='lat' dir='ltr'>per</span> <span class='ocrx_word' id='word_1_285' title='bbox 2700 3919 2912 3964; x_wconf 87' lang='lat' dir='ltr'>caram</span> <span class='ocrx_word' id='word_1_286' title='bbox 2977 3901 3039 3965; x_wconf 90' lang='lat' dir='ltr'>ei</span> 
     </span>
    </p>
   </div>
   <div class='ocr_carea' id='block_1_3' title="bbox 644 4084 1032 4099">
    <p class='ocr_par' dir='ltr' id='par_1_9' title="bbox 644 4084 1032 4099">
     <span class='ocr_line' id='line_1_35' title="bbox 644 4084 1032 4099; baseline 0 986"><span class='ocrx_word' id='word_1_287' title='bbox 644 4084 1032 4099; x_wconf 95' lang='lat' dir='ltr'> </span> 
     </span>
    </p>
   </div>
   <div class='ocr_carea' id='block_1_4' title="bbox 640 4203 3046 4437">
    <p class='ocr_par' dir='ltr' id='par_1_10' title="bbox 640 4203 3046 4437">
     <span class='ocr_line' id='line_1_36' title="bbox 713 4203 3042 4275; baseline -0.002 -16"><span class='ocrx_word' id='word_1_288' title='bbox 713 4212 767 4275; x_wconf 91' lang='lat'>1)</span> <span class='ocrx_word' id='word_1_289' title='bbox 809 4210 989 4259; x_wconf 84' lang='lat' dir='ltr'>Slom</span> <span class='ocrx_word' id='word_1_290' title='bbox 1009 4224 1085 4258; x_wconf 86' lang='lat' dir='ltr'>an</span> <span class='ocrx_word' id='word_1_291' title='bbox 1128 4208 1343 4268; x_wconf 77' lang='lat' dir='ltr'>-haec,</span> <span class='ocrx_word' id='word_1_292' title='bbox 1378 4223 1442 4257; x_wconf 81' lang='grc' dir='ltr'>ιο.</span> <span class='ocrx_word' id='word_1_293' title='bbox 1478 4208 1561 4257; x_wconf 83' lang='lat' dir='ltr'>the</span> <span class='ocrx_word' id='word_1_294' title='bbox 1596 4208 1687 4271; x_wconf 84' lang='lat' dir='ltr'>day</span> <span class='ocrx_word' id='word_1_295' title='bbox 1724 4222 1785 4257; x_wconf 85' lang='lat' dir='ltr'>on</span> <span class='ocrx_word' id='word_1_296' title='bbox 1819 4206 1976 4255; x_wconf 75' lang='lat' dir='ltr'>which</span> <span class='ocrx_word' id='word_1_297' title='bbox 2011 4204 2096 4255; x_wconf 82' lang='lat' dir='ltr'>the</span> <span class='ocrx_word' id='word_1_298' title='bbox 2129 4205 2270 4255; x_wconf 84' lang='lat' dir='ltr'>other</span> <span class='ocrx_word' id='word_1_299' title='bbox 2303 4204 2562 4271; x_wconf 82' lang='lat' dir='ltr'>purchaser</span> <span class='ocrx_word' id='word_1_300' title='bbox 2597 4203 2883 4271; x_wconf 42' lang='lat' dir='ltr'>appeared&amp;</span> <span class='ocrx_word' id='word_1_301' title='bbox 2917 4222 3042 4271; x_wconf 87' lang='lat' dir='ltr'>quae</span> 
     </span>
     <span class='ocr_line' id='line_1_37' title="bbox 640 4286 3042 4355; baseline -0.001 -14"><span class='ocrx_word' id='word_1_302' title='bbox 640 4293 797 4341; x_wconf 79' lang='lat' dir='ltr'>versio</span> <span class='ocrx_word' id='word_1_303' title='bbox 847 4290 969 4341; x_wconf 85' lang='lat' dir='ltr'>hanc</span> <span class='ocrx_word' id='word_1_304' title='bbox 1018 4290 1341 4355; x_wconf 76' lang='lat' dir='ltr'>quaestionem</span> <span class='ocrx_word' id='word_1_305' title='bbox 1388 4306 1485 4340; x_wconf 88' lang='lat' dir='ltr'>non</span> <span class='ocrx_word' id='word_1_306' title='bbox 1532 4290 1736 4339; x_wconf 84' lang='lat' dir='ltr'>dirimit.</span> <span class='ocrx_word' id='word_1_307' title='bbox 1781 4288 1823 4337; x_wconf 74' lang='grc' dir='ltr'>Ε</span> <span class='ocrx_word' id='word_1_308' title='bbox 1856 4303 1995 4338; x_wconf 76' lang='lat' dir='ltr'>versu</span> <span class='ocrx_word' id='word_1_309' title='bbox 2030 4289 2120 4337; x_wconf 73' lang='lat'>45:</span> <span class='ocrx_word' id='word_1_310' title='bbox 2177 4286 2245 4337; x_wconf 71' lang='lat' dir='ltr'>‚C</span> <span class='ocrx_word' id='word_1_311' title='bbox 2265 4302 2375 4337; x_wconf 76' lang='lat' dir='ltr'>raa</span> <span class='ocrx_word' id='word_1_312' title='bbox 2423 4302 2568 4337; x_wconf 87' lang='lat' dir='ltr'>man</span> <span class='ocrx_word' id='word_1_313' title='bbox 2589 4302 2614 4336; x_wconf 86' lang='lat' dir='ltr'>e</span> <span class='ocrx_word' id='word_1_314' title='bbox 2659 4302 2688 4335; x_wconf 88' lang='lat' dir='ltr'>a</span> <span class='ocrx_word' id='word_1_315' title='bbox 2708 4290 2918 4351; x_wconf 74' lang='lat' dir='ltr'>rgent</span> <span class='ocrx_word' id='word_1_316' title='bbox 2940 4303 3042 4338; x_wconf 84' lang='lat' dir='ltr'>um</span> 
     </span>
     <span class='ocr_line' id='line_1_38' title="bbox 640 4368 3046 4437; baseline -0.002 -13"><span class='ocrx_word' id='word_1_317' title='bbox 640 4374 811 4425; x_wconf 84' lang='lat' dir='ltr'>mihi</span> <span class='ocrx_word' id='word_1_318' title='bbox 845 4389 893 4423; x_wconf 87' lang='lat' dir='ltr'>m</span> <span class='ocrx_word' id='word_1_319' title='bbox 912 4372 1047 4422; x_wconf 75' lang='lat' dir='ltr'>iles</span> <span class='ocrx_word' id='word_1_320' title='bbox 1080 4373 1111 4422; x_wconf 79' lang='lat' dir='ltr'>d</span> <span class='ocrx_word' id='word_1_321' title='bbox 1130 4388 1243 4421; x_wconf 84' lang='lat' dir='ltr'>are</span> <span class='ocrx_word' id='word_1_322' title='bbox 1278 4388 1299 4421; x_wconf 80' lang='lat' dir='ltr'>a</span> <span class='ocrx_word' id='word_1_323' title='bbox 1318 4388 1344 4421; x_wconf 90' lang='lat' dir='ltr'>e</span> <span class='ocrx_word' id='word_1_324' title='bbox 1376 4374 1405 4421; x_wconf 83' lang='lat' dir='ltr'>d</span> <span class='ocrx_word' id='word_1_325' title='bbox 1425 4372 1442 4421; x_wconf 90' lang='lat' dir='ltr'>i</span> <span class='ocrx_word' id='word_1_326' title='bbox 1461 4372 1597 4423; x_wconf 81' lang='lat' dir='ltr'>xit”</span> <span class='ocrx_word' id='word_1_327' title='bbox 1633 4374 1854 4437; x_wconf 81' lang='lat' dir='ltr'>apparet,</span> <span class='ocrx_word' id='word_1_328' title='bbox 1888 4371 2092 4421; x_wconf 81' lang='lat' dir='ltr'>alteram</span> <span class='ocrx_word' id='word_1_329' title='bbox 2126 4370 2408 4420; x_wconf 74' lang='lat' dir='ltr'>scholiastae</span> <span class='ocrx_word' id='word_1_330' title='bbox 2440 4369 2838 4433; x_wconf 73' lang='lat' dir='ltr'>significationem</span> <span class='ocrx_word' id='word_1_331' title='bbox 2873 4368 3046 4419; x_wconf 69' lang='lat' dir='ltr'>iustio-</span> 
     </span>
    </p>
   </div>
   <div class='ocr_carea' id='block_1_5' title="bbox 640 4454 1503 4521">
    <p class='ocr_par' dir='ltr' id='par_1_11' title="bbox 640 4454 1503 4521">
     <span class='ocr_line' id='line_1_39' title="bbox 640 4454 1503 4521; baseline -0.003 -13"><span class='ocrx_word' id='word_1_332' title='bbox 640 4473 742 4509; x_wconf 84' lang='lat' dir='ltr'>rem</span> <span class='ocrx_word' id='word_1_333' title='bbox 777 4472 891 4519; x_wconf 79' lang='lat' dir='ltr'>esse,</span> <span class='ocrx_word' id='word_1_334' title='bbox 926 4460 979 4506; x_wconf 86' lang='lat' dir='ltr'>nt</span> <span class='ocrx_word' id='word_1_335' title='bbox 1013 4454 1285 4505; x_wconf 73' lang='lat' dir='ltr'>declaratur</span> <span class='ocrx_word' id='word_1_336' title='bbox 1318 4456 1368 4504; x_wconf 85' lang='lat' dir='ltr'>in</span> <span class='ocrx_word' id='word_1_337' title='bbox 1405 4454 1503 4521; x_wconf 77' lang='lat'>(5).</span> 
     </span>
    </p>
   </div>
  </div>
 </body>
</html>
