3246 5085
629 340 763 407 398
1638 362 2011 411 amomon.

723 524 994 594 Δούλους
1081 524 1111 587 ἔ
1211 572 1225 589 .

721 628 846 694 Vix
905 531 1203 696 Pla'togg
1259 632 1515 698 videtur
1574 632 1965 719 languidum
2020 633 2533 700 additamentum
2580 637 2715 708 τοὺς
2766 636 3047 715 δήμους.

629 736 866 803 Putida
913 741 1150 803 mutati
1197 742 1453 804 numeri
1501 739 1841 826 diligentia
1890 739 2105 825 prodit
2148 744 2674 827 grammaticum.

721 956 774 1022 V
823 956 952 1023 469
971 956 1049 1023 D.
1113 957 1346 1023 Forma
1408 961 1655 1044 poetica
1720 960 2181 1038 ἀποπτΑμένου
2246 960 2555 1027 mutanda
2616 964 2684 1027 in
2732 962 3046 1028 Atticam

628 1064 1113 1144 ἄποπτομένου.

720 1270 806 1336 VI
853 1268 984 1338 497
1003 1267 1073 1337 G.
1140 1270 1277 1336 Οὔκ
1339 1270 1568 1351 ἔγνως,
1634 1270 1788 1353 ἔφη·
1836 1272 1903 1336 οὐ
1950 1272 2077 1351 γὰρ
2120 1275 2295 1337 τοῦτο
2346 1270 2606 1350 ἔμελλον
2656 1274 2834 1353 (ἐρεῖν
2888 1280 3048 1351 δα),

627 1378 776 1444 ἀλλ’
825 1378 878 1443 εΞ
927 1380 1126 1452 αὑτὴ
1178 1368 1246 1452 ἢν
1294 1380 1472 1456 ἡμεῖς
1521 1380 1975 1457 διεληλύθαμεν
2022 1378 2340 1461 οἰκίζοντες
2384 1384 2495 1454 τὴν
2533 1378 2711 1445 πόλιν
2754 1380 2789 1455 ἢ
2827 1378 3045 1454 ἄλλη.

715 1484 823 1549 Τὰ
871 1485 984 1563 μὲν
1029 1483 1242 1564 ἄλλα,
1295 1480 1363 1559 ἦν
1409 1486 1461 1550 δ’
1511 1486 1667 1565 ἐγώ,
1720 1484 1964 1561 αὕτη·
2016 1485 2145 1551 ιιτὲ.

713 1590 786 1657 si
846 1596 1015 1657 recte
1077 1591 1323 1657 Burnes
1373 1595 1581 1677 priore
1630 1591 1769 1658 loco
1815 1592 2161 1659 lectionem
2208 1590 2345 1657 cod.
2392 1592 2449 1657 D
2500 1591 2658 1666 αὑτῆ
2707 1592 3039 1679 praetulit

547 1781 556 1790 ·
623 1700 976 1783 scripturae
1036 1694 1195 1773 αὕτη
1259 1697 1552 1763 codicum
1600 1699 1756 1778 AM,
1825 1701 2020 1764 etiam
2068 1700 2415 1784 posteriore
2460 1701 2553 1765 ita
2597 1700 2871 1766 scribere
2924 1700 3038 1766 de-

625 1804 871 1869 buerat.
921 1804 1081 1869 Utra
1127 1824 1278 1871 vero
1325 1804 1514 1871 lectio
1561 1808 1649 1871 sit
1697 1807 1927 1891 potior,
1976 1827 2165 1871 nemo
2210 1804 2396 1874 facile
2442 1806 2696 1872 dixerit.

715 2022 835 2089 VII
881 2022 1086 2090 533ss
1131 2024 1312 2091 locus
1355 2024 1765 2103 insanabiliS,
1814 2026 1920 2090 cui
1965 2046 2169 2111 neque
2215 2025 2492 2091 ultimus
2528 2024 2734 2091 editor
2772 2025 3034 2091 Burnet

623 2152 829 2217 neque
876 2130 1043 2197 alius
1091 2134 1431 2218 quisquam
1481 2135 1700 2217 potuit
1745 2132 2006 2198 mederi.

719 2335 834 2403 VII
883 2336 1014 2401 552
1033 2335 1111 2402 D.
1177 2336 1685 2415 βαλαντιατόμοι
1734 2336 1876 2419 AF,
1944 2336 2433 2415 βαλαντιοτόμοι
2484 2336 2579 2417 Μ,
2628 2338 3023 2417 βαλλαντιο-

623 2442 800 2521 τόμοι
847 2441 933 2507 A·
952 2442 1028 2508 D.
1077 2442 1280 2508 Unice
1333 2464 1478 2509 vera.
1523 2443 1783 2509 videtur
1827 2444 2033 2508 forma
2077 2442 2349 2523 ultima,
2398 2443 2590 2510 nihili
2630 2466 2779 2511 vero
2818 2446 3025 2525 βαλ·

627 2551 1216 2652 λαντιατόμοι,
1266 2556 1342 2616 ut
1389 2550 1465 2617 de
1513 2573 1629 2617 suo
1678 2549 1881 2616 edidit
1929 2551 2191 2618 Burnet.

717 2769 834 2836 VII
883 2769 1013 2835 559
1033 2769 1109 2835 D.
1159 2767 1308 2836 ὅταν
1355 2769 1516 2850 νέος,
1565 2770 2022 2850 τεθραμμένος,
2072 2773 2150 2843 ὥς
2205 2769 2381 2847 νυνδὴ
2439 2749 2761 2850 ἐλέγομεν,
2819 2775 3020 2839 ἆται·

622 2877 846 2950 δεύτως
908 2901 978 2942 τε
1038 2877 1141 2941 καὶ
1191 2876 1539 2956 Φειδωλῶς,
1589 2881 1899 2954 γεύσηται
1949 2878 2232 2955 κηφήνων
2280 2876 2570 2954 μέλιτος,
2624 2877 2725 2942 καὶ
2776 2877 3020 2957 συγγέ-

623 3008 797 3058 νηται
862 2983 1069 3048 αἴθωσι
1134 2984 1300 3063 θηρσὶ
1361 2984 1465 3047 καὶ
1526 2984 1771 3062 δεινοῖς,
1836 2984 2249 3058 παντοδαπὰς
2299 2985 2509 3059 ἡδονὰς
2562 2985 2666 3048 καὶ
2716 2989 3010 3057 ποικίλας

625 3091 728 3155 καὶ
780 3091 1082 3162 παντοίας
1132 3088 1399 3169 ἐχούσας
1449 3088 1797 3167 δυναμένας
1846 3088 2183 3169 σκευάζειν,
2230 3090 2497 3155 ἐνταῦθα
2540 3114 2657 3154 που
2698 3090 2817 3156 οἵου
2858 3087 3019 3156 εἶναι

622 3199 824 3280 ἀρχὴν
886 3197 1056 3277 αὐτῷ
1120 3196 1486 3275 μεταβολῆς
1541 3244 1555 3261 .
1591 3244 1605 3261 .
1637 3245 1650 3262 .
1702 3199 2115 3278 ὀλιγαρχικῆς
2176 3204 2289 3270 τῆς
2338 3197 2399 3261 ἐν
2446 3197 2644 3277 ἑαυτῷ
2695 3199 2779 3267 εἷς
2828 3197 3017 3274 δημο·

625 3306 934 3384 upon-cmiv.

714 3409 1095 3476 Rectissime
1131 3409 1394 3476 lacunae
1435 3413 1622 3497 signa
1661 3413 1876 3495 posuit
1909 3410 2172 3476 Burnet.
2215 3408 2337 3474 Vix
2377 3414 2595 3475 autem
2636 3408 2811 3474 aliud
2856 3410 3013 3496 quid

621 3516 861 3583 excidit
906 3536 1102 3602 quam
1149 3513 1388 3593 ἕξεως
1437 3517 1754 3583 similisve
1801 3519 2077 3582 notionis
2121 3517 2622 3584 substantivum.

712 3736 774 3802 X
824 3735 1044 3803 619B.
1107 3735 1211 3802 καὶ
1272 3737 1339 3811 δὴ
1389 3731 1490 3802 οὖν
1534 3737 1677 3804 τότε
1727 3739 1754 3804 ὃ
1805 3738 2025 3803 ἐκεῖθεν
2076 3737 2360 3816 ἄγγελος
2408 3736 2695 3816 ἤγγελλε
2740 3737 2845 3802 τὸν
2893 3740 3011 3816 μὲν

619 3845 940 3923 προφήτην
989 3841 1232 3916 οὕτως
1281 3844 1495 3922 εἰπεῖν,
1545 3844 1650 3908 καὶ
1698 3847 2038 3924 τελευταίῳ
2089 3843 2315 3909 ἐπιόντι
2365 3843 2494 3908 xri.

713 3947 949 4017 Contra
1010 3970 1206 4016 usum
1267 3948 1560 4016 Platonis
1620 3955 1688 4016 et
1749 3951 2117 4016 Atticorum
2183 3947 2371 4022 οὕτως
2416 3949 2483 4014 h.
2508 3947 2551 4014 l.
2602 3953 2880 4035 pertinet
2930 3951 3009 4017 ad

619 4060 982 4141 sequentia,
1047 4076 1174 4140 quo
1237 4077 1422 4121 sensu
1485 4055 1867 4142 plerumque
1928 4052 2037 4120 ὦδε
2098 4062 2163 4121 et
2209 4058 2415 4122 rarius
2462 4057 2743 4120 οὑτωσὶ
2796 4058 3011 4124 Attice

618 4166 1031 4248 usurpantur.
1093 4163 1375 4247 Ambigo
1437 4168 1661 4228 utrum
1717 4166 1808 4229 sic
1856 4165 2177 4249 corrigam
2224 4183 2303 4227 an
2353 4161 2542 4234 οὕτως
2588 4163 2868 4228 tribuam
2919 4168 3012 4229 in·

619 4265 1014 4354 terpolatori.

709 4471 1001 4539 TIMAEUS
1051 4471 1132 4538 17
1154 4473 1227 4538 B.
1288 4471 1418 4538 οὐδὲ
1467 4473 1592 4554 γὰρ
1642 4472 1719 4538 ἂν
1765 4473 1856 4548 εἴη
1905 4471 2154 4551 δίκαιον,
2204 4473 2355 4555 χθὲς
2406 4473 2520 4540 ὑπὸ
2568 4478 2673 4540 σοῦ
2719 4472 3013 4551 ξενισθέν-
