3246 5085
1120 938 1267 1031 AD
1326 937 1677 1033 STATII
1733 938 2509 1033 ACHILLEIDEM.

1689 1180 1939 1223 sompsn·

1494 1364 1567 1430 P.
1618 1362 1706 1429 H.
1757 1350 2127 1429 DAMSTE.

1606 1654 2012 1691 —m—

710 1888 903 1955 Statii
962 1889 1351 1956 Achilleidos
1412 1889 1610 1957 editio
1629 1940 1647 1970 ,
1721 1914 1915 1978 quam
1976 1891 2063 1958 H.
2113 1889 2215 1957 W.
2279 1888 2527 1958 Garrod
2587 1911 2650 1957 v.
2699 1887 2759 1955 d.
2824 1910 3003 1956 anno

617 1997 909 2080 proximo
970 2017 1119 2061 cum
1179 1994 1500 2062 Thebaide
1553 2019 1684 2063 uno
1749 2001 2153 2064 coniunctam
2198 1995 2532 2062 volumine
2576 1998 2646 2060 in
2691 2000 3010 2082 typogra-

615 2101 779 2186 pheo
848 2100 1344 2168 Glarendoniano
1412 2101 1784 2190 evulgavit,
1855 2126 2004 2169 cum
2073 2108 2335 2189 propter
2393 2101 2619 2167 edendi
2677 2104 3008 2167 rationem

614 2206 1074 2272 consideratam
1111 2209 1768 2294 circumspectamque
1807 2231 1930 2295 qua
1969 2229 2284 2295 nusquam
2307 2229 2434 2273 non
2457 2210 2560 2273 vir
2584 2198 3008 2273 doctissimus

614 2333 771 2377 usus
830 2318 963 2387 est,
1023 2311 1461 2379 Bibliothecae
1522 2314 1869 2380 Oxoniensi
1927 2315 2136 2381 decori
2195 2320 2293 2379 est
2352 2318 2546 2399 atque
2589 2318 3004 2393 ornamentO,

615 2421 757 2481 tum
818 2438 984 2483 nova
1043 2418 1273 2485 codicis
1341 2418 1678 2486 Etonensis
1723 2420 2073 2509 :collatione
2119 2440 2316 2505 eaque
2363 2422 2752 2486 accuratiore
2799 2440 3005 2505 quam

612 2530 797 2588 antea
866 2523 1108 2589 factum
1180 2529 1316 2590 erat
1383 2528 1684 2591 instituta
1755 2525 2139 2613 dignissima
2206 2525 2469 2592 videtur
2534 2547 2696 2612 quae
2766 2528 3004 2593 ceteris

612 2630 910 2694 omnibus
947 2632 1079 2695 iam
1119 2632 1529 2716 praeferatur.
1580 2631 1884 2698 Ceterum
1929 2635 1998 2697 in
2037 2633 2266 2698 Museo
2303 2638 2518 2697 nostro
2556 2653 2761 2718 nuper
2785 2635 3004 2718 operis

610 2740 841 2800 merita
910 2734 1141 2800 debitis
1206 2736 1505 2802 laudibus
1568 2759 1674 2804 me
1735 2736 2043 2804 extulisse
2101 2740 2345 2824 opinor,
2408 2757 2577 2803 nunc
2637 2757 2789 2802 vero
2852 2735 3001 2803 loca

610 2839 870 2926 singula
907 2862 1229 2907 recensere
1263 2842 1474 2921 lubet,
1518 2845 1750 2929 quibus
1791 2846 2026 2930 partim
2069 2843 2332 2908 editoris
2371 2845 2795 2921 coniecturas,
2831 2863 2998 2929 quas

610 2953 795 3011 caute
856 2947 1327 3033 prudenterque
1389 2951 1457 3012 in
1518 2954 1832 3034 apparatu
1895 2951 2113 3015 critico
2175 2946 2451 3034 protulit
2511 2985 2597 2998 —
2659 2950 2728 3013 in
2769 2950 2996 3033 ipsum

608 3056 862 3118 textum
924 3057 1163 3140 recepit
1223 3057 1582 3134 rarissime,
1631 3054 1788 3121 locis
1833 3054 2157 3121 similibus
2203 3055 2730 3140 argumentisque
2777 3052 2998 3118 allatis

608 3159 746 3223 sive
792 3157 1159 3224 confirmare
1207 3181 1318 3225 seu
1367 3161 1646 3226 refutare
1693 3163 1984 3239 conabor,
2033 3162 2274 3246 partim
2321 3159 2398 3223 de
2445 3179 2589 3224 meo
2636 3179 2838 3244 pauca
2884 3156 2998 3223 ad-

608 3262 754 3327 dere
800 3263 1032 3349 quibus
1079 3267 1189 3330 via
1232 3265 1311 3330 ad
1355 3272 1577 3351 poetae
1622 3286 1892 3332 manum
1938 3264 2400 3332 restituendam
2447 3265 2713 3330 fortasse
2758 3266 2998 3350 aperiri

605 3370 828 3454 possit.

690 3472 903 3539 Semel
947 3474 1139 3540 modo
1185 3475 1495 3542 editorem
1539 3475 1879 3542 lectionem
1926 3479 2186 3542 omnino
2236 3475 2723 3562 improbandam
2760 3479 2990 3560 poetae

605 3579 951 3644 obtrusisse
995 3581 1301 3645 arbitror:
1351 3602 1446 3647 vs.
1498 3583 1630 3647 516
1683 3582 1856 3662 dico,
1907 3584 2022 3648 ubi
2064 3604 2180 3668 pro
2227 3582 2422 3648 verbo
2471 3589 2763 3666 torquens,
2813 3582 2986 3666 quod

602 3684 847 3750 codices
892 3705 1045 3750 mss.
1087 3686 1390 3770 praebent
1429 3687 1507 3752 ad
1546 3708 1752 3752 unum
1793 3709 2012 3753 omnes
2049 3708 2254 3772 neque
2291 3690 2630 3774 quisquam
2671 3707 2983 3772 umquam

602 3789 969 3856 vexandum
1040 3795 1333 3876 putavit,
1412 3794 1642 3859 invitis
1709 3794 1920 3859 Musis
1989 3796 2208 3879 posuit
2275 3801 2514 3875 torpens
2578 3792 2984 3878 addiditque,

602 3893 1017 3962 Calchantem
1063 3917 1213 3982 prae
1260 3901 1411 3983 igne
1460 3919 1720 3964 sensum
1766 3899 2102 3965 oculorum
2147 3901 2472 3975 amisisse,
2521 3898 2632 3963 sed
2669 3898 2988 3984 quomodo

600 4003 731 4065 iam
782 3997 1168 4067 vocabulum
1216 4004 1508 4084 sanquine
1552 4003 2002 4090 explicandum
2050 4004 2174 4069 sibi
2219 4004 2516 4070 videatur
2553 4024 2680 4068 non
2719 4002 2990 4068 addidit.

601 4108 688 4170 At
750 4107 939 4171 verba
1002 4109 1173 4192 ‘igne
1234 4128 1429 4193 genas
1474 4116 1540 4175 et
1588 4113 1900 4195 sanguine
1947 4113 2268 4194 torquens’
2315 4108 2675 4194 significare
2720 4129 2988 4174 moneo:

601 4217 902 4295 torquens
950 4211 1171 4300 oculos
1216 4215 1369 4299 igne
1415 4218 1727 4280 micantes
1774 4221 1840 4281 et
1885 4217 2194 4301 sanguine
2241 4214 2544 4293 suffusos;
2593 4234 2796 4299 neque
2837 4233 2988 4278 ocu-

596 4313 693 4380 los
742 4310 927 4381 modo
946 4365 962 4394 ,
1010 4317 1118 4381 sed
1170 4320 1364 4383 etiam
1412 4327 1653 4386 ceteras
1700 4323 1976 4405 corporis
2015 4327 2226 4406 partes
2266 4317 2534 4386 Calchas
2571 4321 2790 4396 torsit,
2831 4339 2990 4384 nam

597 4418 879 4505 legimus
924 4444 1017 4488 va.
1071 4422 1238 4488 522:
