3246 5085
632 323 767 391 320
918 387 921 389 r
1669 339 1986 390 nomm.

631 509 819 574 tum”
862 509 1181 574 versutiae
1210 508 1281 589 ¹),
1324 509 1652 587 „vanum”
1693 507 2048 575 vecordiae.
2186 506 2284 589 (5)
2325 507 2613 587 „Falsis”
2643 506 3028 594 decipimur,

634 615 881 695 „fictis”
931 614 1347 693 delectamur,
1399 615 1647 693 „vana”
1699 617 2195 681 contemnimus.

720 721 909 787 Facio
970 743 1121 787 cum
1178 720 1732 802 Sabbadinio,
1801 724 1914 808 qui
1975 723 2129 788 haec
2190 723 2408 787 omnia
2461 719 3028 807 interpolatoribus

631 829 841 895 dedit:
888 851 1017 907 „un
1060 831 1342 915 esempio
1384 829 1447 892 di
1487 835 1746 914 quattro
1785 828 2186 894 variazione”
2228 826 2443 909 (Stud.
2483 828 2564 893 It.
2605 826 2702 893 III
2740 850 2804 913 p.
2847 826 3029 908 341).

630 935 856 1001 Dicere
919 937 1030 1001 vix
1092 957 1253 1021 opus
1313 941 1411 1002 est
1471 956 1576 1000 me
1637 933 1834 1001 schol.
1881 934 1980 1016 (2)
2042 956 2156 1021 per
2217 934 2314 998 vel
2357 933 2607 1001 Editori
2654 932 2996 1020 adsignare
3015 954 3030 1011 ;

630 1042 878 1128 reliqua
942 1049 1069 1108 tres
1117 1045 1417 1130 magistri
1463 1042 1782 1108 luserunt.
1922 1040 2020 1110 of.
2071 1041 2286 1109 Gloss.
2333 1065 2397 1129 p.
2447 1040 2579 1107 449
2632 1041 2904 1120 „fictum
2953 1041 3032 1108 ad

630 1155 851 1235 poetas
910 1150 1224 1234 pertinet,
1288 1149 1403 1214 ubi
1463 1169 1626 1235 quae
1689 1149 1854 1215 facta
1915 1169 2040 1214 non
2087 1155 2241 1214 sunt
2289 1149 2454 1214 facta
2501 1148 2826 1226 dicuntur,
2875 1169 3030 1235 ergo

631 1256 852 1322 fictum
916 1256 1153 1321 dicitur
1214 1255 1385 1342 quod
1452 1261 1707 1321 tantum
1769 1254 2123 1322 verisimile
2189 1256 2353 1333 est'',
2402 1276 2683 1341 quocum
2731 1257 3034 1321 convenit

630 1361 856 1428 Isidor.
906 1361 1039 1427 diff.
1089 1361 1243 1428 221.

720 1467 885 1535 Ibid.
942 1468 1023 1534 16
1095 1465 1476 1554 Imprudens
1522 1467 1755 1533 harum
1805 1488 2021 1533 rerum
2069 1469 2460 1554 ignarusque
2506 1470 2803 1535 omnium

722 1575 818 1657 (3)
864 1555 1338 1641 Prude‘ntia
1376 1572 1690 1640 naturalis
1729 1579 1858 1653 est,
1898 1576 2295 1660 gnaritas
2332 1577 2726 1641 extrinsecus
2765 1574 2970 1640 venit.

721 1687 819 1764 (4)
886 1681 1351 1768 „Imprudens”
1403 1702 1516 1768 per
1562 1701 1629 1746 se
1681 1680 2031 1768 „ignarus”
2081 1702 2195 1767 per
2240 1681 2422 1747 alios.
2561 1681 2659 1763 (5)
2705 1679 2850 1746 Hoc
2893 1687 3025 1746 est:

634 1791 746 1874 qui
792 1809 908 1854 nec
957 1789 1316 1874 suspicatus
1362 1789 1449 1852 sit
1492 1807 1698 1873 neque
1747 1807 1827 1852 ex
1875 1785 2088 1873 aliquo
2137 1786 2429 1852 audierit.

724 1894 1057 1961 Manifesti
1095 1899 1247 1962 sunt
1286 1900 1415 1960 tres
1459 1899 1786 1960 auctores:
1829 1892 2148 1972 Donatus,
2189 1896 2296 1959 cui
2335 1892 2452 1975 (5),
2492 1891 2736 1973 Editor,
2777 1895 2882 1958 cui
2903 1891 3026 1974 (3),

634 2005 947 2090 magister
991 2000 1258 2088 aliquiS,
1308 2002 1413 2066 cui
1454 2001 1550 2082 (4)
1591 2000 1826 2068 tribuo.
1899 1999 2134 2066 Sabb.
2176 2001 2548 2087 proscripsit
2587 1998 2704 2081 (4),
2743 2021 2870 2065 11011
2905 1997 3028 2080 (3).

723 2108 885 2175 Ibid.
937 2108 1021 2176 67
1092 2108 1429 2174 Praeterea
1494 2112 1569 2173 ut
1631 2109 1765 2173 suis
1827 2109 2167 2173 restituam
2215 2127 2289 2174 ac
2333 2105 2618 2173 reddam.
2679 2104 2830 2172 Sola
2877 2125 3026 2172 sum

638 2215 842 2282 habeo
887 2216 992 2281 hic
1038 2217 1361 2281 neminem

726 2323 823 2404 (1)
887 2321 1477 2388 Restituimur
1530 2321 1670 2400 his,
1735 2322 1970 2407 quibus
2031 2343 2146 2388 nos
2192 2319 2536 2400 volumus,
2589 2318 3028 2386 reddimur

636 2429 774 2508 his,
840 2431 956 2514 qui
1012 2449 1127 2494 1108
1188 2427 1437 2494 volunt.
1511 2465 1596 2478 -
1670 2425 1768 2509 (2)
1832 2427 2006 2514 Ergo
2075 2429 2636 2494 restituimur
2697 2426 3024 2504 volentes,

636 2534 1068 2604 reddimur
1108 2533 1491 2602 volentibus.
1544 2572 1622 2583 —
1661 2532 1787 2601 Sed
1809 2536 1878 2599 in
1901 2535 2019 2601 hac
2045 2539 2394 2622 utrumque
2420 2539 2539 2601 est.
2663 2533 2760 2619 (3)
2787 2532 3021 2615 „Sola”

636 2642 717 2709 ad
777 2642 1197 2709 familiarium
1260 2642 1536 2708 refertur
1597 2642 1952 2707 absentiam
1973 2690 1988 2719 ,
2055 2641 2302 2719 „habeo
2359 2642 2464 2707 hic
2525 2641 2898 2707 neminem”
2948 2639 3027 2706 ad

636 2748 992 2815 alienorum
1054 2751 1448 2816 amicitiam:
1496 2753 1708 2834 potest
1757 2750 1930 2813 enim
1975 2746 2108 2813 sola
2154 2768 2288 2813 esse
2307 2793 2325 2824 ,
2371 2748 2608 2813 habene
2655 2753 2870 2814 tamen
2915 2746 3026 2812 ali-

636 2878 833 2943 quam
891 2857 1065 2922 foris.
1204 2854 1301 2936 (4)
1364 2854 1448 2921 Et
1513 2855 1757 2933 „habeo
1816 2854 1924 2920 hic
1986 2852 2354 2919 neminem”
2404 2853 2552 2940 plus
2599 2861 2784 2919 sonat
2828 2874 3024 2939 quam

638 2965 1006 3045 „neminem
1052 2964 1157 3029 hic
1201 2963 1470 3028 habeo”.
1610 2962 1708 3041 (5)
1755 2960 1841 3026 Et
1889 2960 2068 3039 „sola
2111 2961 2299 3026 sum’'
2343 2961 2421 3027 ab
2459 2960 2563 3026 his
2601 2981 2762 3046 quos
2798 2964 3028 3026 natura

636 3069 936 3137 conciliat
1005 3090 1116 3155 per
1182 3090 1285 3149 80,
1360 3068 1603 3147 „habeo
1665 3068 1772 3133 hic
1832 3068 2199 3134 neminem”
2262 3088 2486 3134 eorum
2533 3070 2646 3154 qui
2693 3066 3029 3133 voluntate

635 3178 1019 3262 iunguntur.

729 3280 983 3346 Scholia
1030 3280 1125 3361 (1)
1151 3279 1229 3360 -Ι-
1252 3280 1347 3362 (2)
1393 3302 1598 3345 unum
1647 3282 2027 3347 continuum
2079 3278 2318 3345 Donati
2363 3268 2686 3358 efficiunt,
2731 3280 2790 3343 si
2831 3277 3026 3344 demi·

634 3392 747 3453 tur
811 3384 1131 3452 emblema
1197 3389 1498 3474 magistri
1565 3386 1644 3464 A,
1715 3408 1908 3472 quem
1980 3388 2282 3452 novimus
2302 3432 2318 3463 ,
2387 3405 2502 3471 per
2567 3406 2724 3467 cryc.
2807 3383 3018 3449 Etiam

636 3491 837 3561 schol.
886 3491 982 3574 (3)
1042 3496 1323 3579 optimae
1369 3499 1556 3560 notae
1603 3499 1704 3559 est
1749 3500 1814 3559 et
1859 3495 2254 3580 genuinum,
2302 3493 2409 3557 cui
2454 3490 2680 3557 Editor
2724 3489 2802 3556 de
2847 3510 3022 3555 more

637 3601 841 3668 affixit
886 3620 1073 3664 suum
1124 3598 1241 3681 (5),
1288 3600 1402 3666 ubi
1448 3620 1597 3665 cum
1643 3619 1800 3665 voce
1849 3597 2160 3675 „natura”
2209 3596 2424 3663 confer
2467 3595 2564 3671 id.
2618 3595 2790 3681 quod
2833 3594 3020 3661 modo

634 3706 951 3775 scribebat
1012 3706 1092 3772 ad
1155 3728 1248 3771 vs.
1298 3703 1385 3771 56
1448 3703 1846 3783 „naturalis”
1910 3712 1975 3771 et
2034 3703 2065 3768 Ι
2125 3704 2190 3769 2.
2217 3702 2258 3767 4
2306 3702 2402 3786 (2)
2468 3710 2740 3782 „natura
2799 3704 3020 3788 magni

637 3814 931 3891 caloris’',
979 3812 1058 3880 de
1104 3834 1232 3899 quo
1279 3811 1521 3878 scholio
1567 3810 1714 3877 vide
1764 3832 1958 3898 supra
2001 3833 2066 3897 p.
2118 3809 2226 3876 30.

728 3918 937 3986 Schol.
986 3918 1082 4002 (4)
1130 3918 1403 3985 alicuius
1449 3919 1746 4005 magistri
1793 3938 1929 3983 esse
1974 3921 2130 4003 puto
2176 3937 2213 3982 a
2262 3914 2696 4001 Gompilatore
2743 3918 3020 4000 interpo—

636 4030 860 4093 situm.
956 4026 1189 4092 Sabb.
1253 4029 1450 4092 etiam
1511 4024 1844 4091 damnavit
1907 4023 2003 4106 (4)
2050 4031 2115 4090 et
2160 4022 2276 4104 (5),
2339 4044 2454 4089 nec
2499 4044 2624 4088 11011
2671 4020 2790 4105 (2),
2837 4023 3018 4087 0111118

635 4140 854 4199 tamen
902 4139 1227 4218 postrema
1272 4132 1467 4199 verba
1514 4130 1765 4198 Donato
1813 4130 2019 4197 danda
2063 4150 2199 4197 0880
2243 4131 2480 4197 00118111.

706 4444 759 4510 1)
802 4440 997 4508 Elegaus
1031 4439 1264 4491 correctio
1300 4438 1559 4490 Bentlei
1592 4454 1683 4505 pro
1716 4436 1826 4490 libr.
1864 4437 1972 4489 lect.
2015 4432 2286 4489 minutii&
