3246 5085
1096 301 1105 314 '
1130 321 1215 369 1111
1263 321 1584 370 nummus
1628 319 1943 371 mammo,
2583 301 2711 370 357

324 509 474 553 nam
537 508 767 574 parum
824 486 988 552 lucis
1041 487 1311 552 afferunt
1372 489 1731 573 quaestioni
1784 489 1895 573 qui
1947 486 2197 566 dicunt,
2247 479 2716 567 „Alexandrina

322 593 574 660 aetate”
615 594 692 659 de
730 594 847 658 hac
885 591 1103 658 fabula
1144 593 1518 659 dubitatum
1557 614 1712 659 esse.
1763 593 1838 658 Id
1878 596 2050 659 enim
2087 597 2305 680 ipsum
2335 595 2710 682 ambigitur.

412 698 582 767 Cum
628 702 889 765 omnino
933 700 1191 764 fortuna
1230 720 1460 786 parum
1500 698 1775 765 secunda
1816 700 1940 764 fuit
1973 703 2055 765 iis
2093 702 2232 766 sive
2273 700 2541 788 Didymi
2577 703 2713 766 sive

318 806 596 873 aliorum
642 807 1217 892 grammaticorum
1264 804 1449 871 libris
1510 809 1622 890 qui
1679 807 2086 872 continebant
2137 805 2316 872 Vitas
2377 812 2712 893 poetarum

321 915 717 999 tragicorum
740 962 757 991 ,
799 918 941 977 tum
981 915 1357 998 praesertim
1396 915 1464 977 in
1505 912 1652 977 Vita
1693 912 2022 999 Euripidis
2062 912 2324 979 adversa
2363 913 2708 980 admodum

318 1040 454 1084 sors
504 1019 648 1084 fuit.
697 1017 1125 1095 Conturbata,
1176 1023 1503 1104 corrupta,
1542 1021 1611 1083 in
1651 1019 2039 1106 farraginem
2075 1025 2408 1106 congesta,
2449 1024 2714 1108 antiqua

318 1127 681 1192 recentibus
721 1128 1073 1191 commixta
1111 1125 1217 1189 hic
1256 1125 1559 1211 praebent
1593 1125 1839 1190 codices
1858 1147 1874 1204 3
1917 1129 1986 1190 in
2011 1146 2086 1191 ea
2109 1132 2328 1192 autem
2352 1127 2713 1193 conditione

316 1239 657 1298 versantur
714 1233 869 1297 haec
911 1234 1127 1297 omnia
1176 1239 1250 1296 ut
1295 1232 1535 1297 frustra
1580 1231 1933 1316 disquirere
1981 1235 2260 1311 coneris,
2309 1238 2712 1299 contractane

318 1341 484 1418 sint,
549 1359 709 1424 quae
769 1338 1064 1404 breviora
1127 1343 1313 1417 sunt,
1363 1359 1441 1403 ex
1489 1337 1927 1424 longioribus,
1976 1359 2056 1404 an
2103 1339 2415 1424 producta
2463 1338 2713 1426 prolixa

317 1444 591 1530 quadam
635 1442 1025 1530 loquacitate
1062 1441 1356 1530 longiora
1392 1442 1509 1508 illa
1548 1465 1623 1509 ex
1665 1444 2098 1524 brevioribus3
2141 1447 2234 1510 ita
2273 1447 2329 1510 si
2368 1445 2524 1531 quid
2547 1446 2709 1511 forte

316 1572 396 1617 ex
444 1549 713 1637 Didymi
758 1551 1237 1616 commentariis
1288 1553 1659 1635 provenisse
1706 1557 1983 1630 constat,
2033 1573 2158 1617 non
2204 1557 2423 1618 tamen
2469 1554 2710 1638 poteris

317 1656 667 1722 diiudicare
705 1662 930 1721 utrum
976 1655 1279 1722 adiecerit
1326 1656 1483 1742 quid
1530 1657 1605 1722 de
1653 1678 1720 1722 se
1757 1660 2036 1722 narratio
2082 1657 2376 1743 amplior,
2427 1679 2507 1724 an
2553 1661 2711 1724 omi·

315 1766 472 1829 serit
519 1763 673 1848 quid
719 1765 1058 1847 antiquum
1106 1761 1533 1849 Didymeum,
1579 1766 1786 1829 immo
1835 1764 2378 1850 Aristophaneum
2420 1764 2710 1832 Dicaear-

312 1870 626 1934 cheumve
667 1871 839 1934 vitae
876 1871 1190 1934 enarratio
1230 1871 1633 1935 succinctior.
1682 1870 1988 1950 Attamen
2030 1891 2158 1935 808
2197 1891 2458 1956 prorsus
2480 1874 2708 1938 incerti

314 1996 542 2040 sumus
578 1977 647 2038 18
686 1974 1129 2060 comparandis
1167 1977 1259 2040 818
1282 1976 1535 2060 quaein
1563 1973 1754 2053 „Vita
1777 1975 2069 2042 Minore’'
2097 1973 2444 2057 (Schwartz
2469 1975 2706 2043 Scholl.

311 2083 379 2145 in
418 2079 574 2146 Eur.
616 2079 665 2145 I.
710 2100 770 2166 p.
801 2077 863 2145 3.
895 2079 1135 2146 14—4.
1166 2080 1249 2145 12
1289 2086 1478 2166 atque
1516 2083 1583 2146 in
1626 2081 1820 2158 „Vita
1857 2081 2148 2147 Maiore'·'
2182 2081 2363 2163 (ibid.
2391 2104 2451 2169 p.
2485 2081 2544 2147 1.
2575 2082 2702 2146 1—

314 2185 521 2268 3.14)
584 2187 661 2253 (18
722 2186 1086 2252 fabularum
1146 2207 1414 2252 numero
1474 2187 1752 2273 fatisque
1814 2188 2112 2253 adnotata
2156 2188 2472 2254 videmus.
2533 2188 2704 2254 Nam

318 2295 615 2376 universe
679 2293 933 2358 brevior
998 2293 1149 2358 haec
1213 2291 1363 2357 Vita
1424 2295 1636 2378 magis
1682 2293 1960 2358 abstinet
2006 2314 2043 2358 a
2087 2296 2284 2380 nugis
2333 2301 2396 2359 et
2441 2296 2706 2380 ineptiis

311 2406 378 2465 81
446 2401 798 2466 accuratior
858 2398 1120 2465 videtur
1182 2405 1316 2464 tam
1380 2399 1639 2464 iudiciis
1700 2420 1894 2485 quam
1957 2399 2207 2466 dicendi
2252 2403 2516 2466 ratione.
2567 2400 2700 2480 Ita,

311 2506 535 2585 fateor,
598 2505 770 2572 haud
818 2526 1008 2592 aegre
1054 2505 1271 2571 abesse
1319 2505 1505 2572 video
1550 2507 1620 2571 in
1666 2506 1786 2571 hac
1834 2504 1984 2573 Vita
2026 2529 2090 2593 p.
2141 2506 2202 2573 4.
2229 2506 2270 2572 2
2318 2512 2463 2595 post
2509 2509 2702 2575 verba

314 2610 583 2691 »ἤρξατο
646 2612 707 2677 δὲ
756 2608 1061 2676 διδάσκειν
1108 2613 1279 2676 κατὰ
1329 2614 1439 2685 τὴν
1486 2618 1581 2705 {a}
1630 2612 1991 2689 ὀλυμπιάδα
2043 2612 2142 2677 ἐπὶ
2191 2611 2485 2695 ἄρχοντος
2536 2623 2704 2681 Καλ-

308 2719 484 2783 Most
550 2739 623 2783 ea
684 2737 845 2803 quae
907 2717 1083 2783 addit
1132 2717 1283 2783 Vita
1330 2716 1539 2783 Maior
1586 2724 1859 2798 »πρῶτον
1911 2717 1972 2783 δὲ
2021 2717 2260 2794 ἐδίδαξε
2309 2720 2422 2791 τὰς
2475 2718 2703 2785 Πελιά-

306 2824 458 2903 δας,
506 2823 608 2889 ὅτε
656 2824 759 2888 καὶ
812 2822 1008 2903 τρίτος
1060 2822 1385 2901 ἐγένετο”;
1436 2845 1561 2889 non
1608 2824 1778 2909 quod
1827 2824 1903 2889 de
1950 2823 2291 2889 Peliadum
2339 2823 2700 2891 didascaliis

304 2931 561 2997 videam
598 2950 856 2996 causam
897 2929 1261 3009 dubitandi,
1303 2930 1414 2995 sed
1455 2930 1666 2995 forma
1711 2929 2133 2995 additamenti
2178 2930 2371 2996 habet
2416 2931 2698 3016 profecto

302 3036 477 3123 quod
513 3039 944 3121 suspicionem
988 3042 1273 3103 moveat:
1318 3032 1462 3114 »ὅτε
1504 3035 1637 3099 καὶ
1683 3036 1881 3116 τρίτος
1913 3035 2224 3113 effluens&
2265 3033 2696 3104 Oredamusne

301 3146 395 3208 ita
431 3142 704 3219 scribere
743 3144 1025 3227 potuisse
1050 3145 1387 3228 antiquum
1413 3141 1927 3208 Didascaliarum
1953 3149 2282 3208 auctorem
2305 3132 2692 3229 tamquainsi

300 3250 629 3314 nesciisset
689 3269 813 3313 808
860 3247 1140 3336 gloriam
1190 3269 1323 3314 8888
1372 3248 1482 3314 sed
1529 3247 1697 3313 cladi
1743 3250 2115 3334 proximum
2161 3249 2359 3329 τρίτον
2408 3249 2696 3327 γενέσθαι

302 3358 372 3419 18
430 3356 779 3420 certamine
842 3352 1134 3420 scenico?
1198 3354 1335 3435 Qua
1398 3360 1660 3440 propter
1719 3353 1890 3420 haud
1934 3353 2180 3420 nullius
2226 3356 2392 3420 mihi
2442 3355 2700 3423 videtur

302 3463 618 3527 momenti
663 3460 831 3547 quod
876 3464 1017 3546 ipsa
1061 3481 1137 3526 ea
1181 3461 1374 3526 verba
1413 3482 1574 3547 quae
1614 3462 1691 3526 de
1733 3463 1942 3547 primo
1981 3461 2310 3548 Euripidis
2349 3467 2697 3530 certamine

304 3573 506 3654 agant
564 3590 689 3633 non
750 3571 819 3633 in
881 3569 1179 3633 omnibns
1236 3566 1419 3633 Vitae
1482 3568 1750 3634 Maioris
1809 3568 2136 3635 codicibus
2195 3568 2524 3657 leguntur,
2586 3571 2697 3637 sed

303 3674 725 3740 inveniuntur
789 3678 1045 3739 tantum
1107 3676 1173 3738 in
1231 3674 1523 3739 Vaticano
1570 3674 1644 3741 V.
1699 3676 2086 3741 Ambra-riano
2136 3676 2209 3757 Q.
2262 3681 2327 3742 et
2371 3678 2439 3742 in
2486 3676 2698 3743 codice

305 3780 591 3844 Parisino
654 3780 1063 3844 Bibliothecae
1123 3779 1179 3845 S.
1254 3781 1593 3845 Gemovevae
1646 3778 1804 3862 (6.),
1875 3782 2089 3847 8118888
2136 3786 2356 3847 autem
2402 3802 2439 3847 a
2485 3782 2697 3848 codice

320 3886 605 3951 Urbinate
648 3886 725 3952 U.
774 3886 1123 3950 Hauniensi
1169 3886 1254 3951 H.
1321 3887 1375 3952 V
1370 3888 1760 3952 indobonensi
1812 3887 1912 3953 W.

394 3994 665 4059 Prorsus
718 3992 940 4059 eadem
988 3995 1153 4057 ratio
1202 3998 1299 4058 est
1344 3996 1413 4057 in
1462 4015 1534 4060 80
1581 3991 1719 4059 1080
1766 4015 1892 4079 quo
1940 3996 2160 4080 agitur
2208 3992 2284 4058 de
2332 3992 2695 4060 fabularum

300 4118 592 4165 numere.
642 4098 791 4164 Vita
834 4101 1007 4165 enim
1056 4102 1267 4165 minor
1311 4100 1539 4165 habet:
1588 4100 1674 4163 τὰ
1715 4100 1928 4164 πάντα
1971 4099 2032 4165 δὲ
2074 4095 2138 4173 ἦν
2180 4101 2368 4166 αὐτοῦ
2395 4102 2696 4181 δράματα

300 4206 440 4297 φβ’,
488 4204 748 4288 σῴζεται
798 4206 857 4271 δὲ
911 4206 1101 4270 αὐτοῦ
1151 4204 1448 4283 δράματα
1496 4204 1591 4287 ἐξ
1645 4204 1748 4270 καὶ
1801 4210 1867 4284 γ’
1918 4206 2062 4287 πρὸς
2112 4203 2347 4278 τούτοις
2395 4208 2480 4271 τα
2529 4209 2696 4273 ἄντι-

300 4312 656 4391 λεγόμενα,
717 4312 1021 4392 σατυρικὰ
1069 4312 1132 4378 δὲ
1181 4312 1261 4389 η’,
1308 4311 1715 4390 ἀντιλέγεται
1766 4312 1829 4378 δὲ
1876 4312 1982 4377 καὶ
2032 4312 2259 4377 τούτων
2307 4314 2375 4379 τὸ
2425 4320 2488 4379 α’
2535 4317 2698 4400 (qui-

302 4418 577 4485 buscum
637 4422 933 4485 convenit
993 4418 1275 4485 Thomas
1339 4417 1676 4505 Magister,
1743 4428 1807 4485 et
1871 4418 2104 4486 Suidas
2166 4455 2250 4469 -
2313 4420 2418 4487 hic
2464 4420 2696 4487 saltem
