3246 5085
1009 368 1096 418 ms
1142 368 1462 419 nusmms
1508 368 1829 419 namuco.
2469 350 2605 420 36¹7

267 534 511 626 singulos
545 535 793 601 videbis
833 570 917 586 —
960 532 1066 602 vel
1102 534 1324 601 audies
1361 536 1578 621 potius
1597 584 1614 614 ,
1660 555 1809 601 nam
1850 535 2007 602 haec
2048 534 2307 623 quidem
2348 538 2611 623 segnius

267 642 438 710 oculos
488 644 742 709 irritant
802 662 998 729 quam
1057 662 1245 708 aures
1295 676 1374 691 —
1425 662 1733 708 versuum
1798 642 2036 721 frusta,
2099 648 2271 709 certa
2332 640 2607 729 quadam

267 748 650 815 familiaritate
709 751 881 815 inter
942 768 1009 815 se
1072 746 1347 827 similia,
1415 768 1578 834 quae
1642 770 1943 816 sonorum
1990 751 2045 814 si
2090 770 2215 815 non
2263 749 2609 815 verborum

264 855 636 922 similitudine
699 857 1020 943 originem
1083 854 1376 943 prodant.
1456 852 1540 919 Ut
1586 852 1820 921 liberos
1867 856 2223 922 amicorum
2267 876 2611 942 agnoscere

265 960 500 1027 solemus
565 982 736 1027 nunc
805 982 884 1028 ex
954 960 1367 1027 lineamentis
1436 960 1825 1048 quibusdam
1894 961 2119 1039 faciei,
2189 982 2359 1026 nunc
2430 962 2611 1027 vocis

261 1068 492 1155 quadam
535 1067 987 1147 inclinatione,
1033 1088 1432 1135 manuumve
1479 1072 1708 1156 gestu,
1758 1068 2009 1133 incessu
2055 1088 2306 1154 quoque
2352 1074 2417 1133 et
2454 1070 2610 1147 risu,

251 1176 330 1241 ita
361 1197 604 1241 versum
643 1182 874 1262 poetae
913 1174 1318 1241 dilectissimi
1357 1176 1811 1262 notissimique
1851 1178 2107 1241 etiamsi
2145 1176 2314 1241 inter
2336 1174 2613 1241 aliorum

249 1302 438 1347 versus
491 1283 910 1348 intermixtus
970 1284 1178 1348 iaceat
1249 1279 1438 1349 facile
1507 1302 1834 1369 agnoscas.
1904 1280 2217 1369 Exemplo
2286 1282 2565 1368 probabo
2590 1329 2607 1362 ,

247 1387 383 1473 quid
427 1388 643 1455 velim.

329 1493 418 1561 Fr.
463 1493 588 1561 591
657 1496 752 1561 ita
799 1493 1116 1562 Hercules
1165 1496 1450 1562 Aeacum
1495 1494 1868 1581 adloquitur

582 1602 714 1679 ἐμοὶ
764 1602 990 1683 πατρὶς
1037 1602 1153 1679 μὶν
1193 1600 1458 1681 Ἄργος,
1507 1600 1697 1680 ὄνομα
1748 1602 1801 1667 δ’
1848 1604 2157 1682 Ἡρακλῆς
2186 1648 2203 1681 ,

441 1726 452 1735 ·
583 1709 723 1774 θεῶν
772 1708 836 1773 δὲ
885 1708 1133 1774 πάντων
1181 1708 1413 1791 πατρὸς
1465 1706 1692 1791 έξέφυν
1742 1708 1921 1782 Διός·

583 1815 704 1899 ἐμῇ
752 1816 883 1897 γὰρ
930 1810 1074 1889 ἦλθε
1118 1816 1304 1896 μητρὶ
1358 1814 1560 1883 κεδνὸν
1607 1816 1692 1890 εἰς
1744 1814 1933 1895 λέχος

587 1923 778 2001 Ζεύς,
825 1924 904 1996 ὥς
954 1921 1248 1989 λέλεκτκι
1297 1930 1412 1998 τῆς
1458 1923 1758 1998 ἀληθείας
1805 1920 1941 1989 ὕπο.

588 2024 706 2103 ἥξω
754 2028 820 2095 δὲ
867 2027 1030 2110 δεῦρο
1079 2031 1224 2109 πρὸς
1274 2028 1428 2108 βίων
1475 2029 1843 2110 Εὐρυσθέως.

326 2130 502 2199 Color
559 2134 950 2221 Euripideus
1018 2157 1213 2222 quem
1282 2138 1351 2201 in
1412 2136 1587 2202 hisce
1649 2137 1940 2203 versibus
2008 2156 2281 2223 agnosco
2350 2136 2617 2203 debetur

235 2237 488 2305 dictioni
533 2246 946 2327 praesertim,
995 2242 1073 2309 de
1121 2264 1246 2330 qua
1285 2245 1504 2308 statim
1546 2242 1779 2309 dicam.
1828 2240 1953 2308 Sed
1991 2245 2101 2328 qui
2139 2242 2247 2322 fit,
2289 2247 2365 2308 ut
2400 2243 2618 2307 audire

235 2344 603 2433 Euripidem
663 2351 1006 2435 praecipue
1067 2369 1238 2415 nunc
1297 2348 1464 2415 mihi
1527 2346 1792 2416 videar?
1836 2348 2013 2415 Num
2062 2356 2319 2435 propter
2363 2352 2611 2415 exitum

231 2474 448 2518 versus
484 2457 790 2534 extremi,
833 2458 944 2541 qui
981 2458 1049 2520 in
1087 2462 1368 2521 mentem
1409 2462 1666 2521 revocat
1705 2455 1888 2519 Here.
1917 2454 2051 2521 830
2095 2456 2225 2519 ἐπεὶ
2255 2457 2316 2522 δὲ
2342 2455 2616 2536 μόχθους

233 2560 532 2641 διεπέρασ·
595 2563 962 2641 Εὐρυσθέως.
1029 2601 1113 2614 -
1177 2563 1362 2628 Here.
1414 2561 1546 2628 936
1607 2564 1829 2644 πάτερ,
1880 2563 1942 2628 τί
1987 2563 2135 2641 θύω,
2185 2563 2322 2643 πρὶν
2370 2573 2616 2629 κτανεῒν

233 2669 556 2748 Εὐρυσθέα.
607 2707 692 2719 -
740 2671 924 2735 Herc.
967 2668 1098 2736 939
1148 2667 1298 2736 ὅταν
1345 2670 1396 2735 δ’
1441 2669 1667 2746 ἐνέγκω
1706 2670 1872 2749 δεῦρο
1917 2671 2091 2750 κρᾶτ’
2132 2671 2497 2748 Εὐρυσθέως.
2524 2709 2613 2719 -

231 2775 408 2840 Herc.
458 2774 591 2841 982
637 2771 728 2849 εἷς
773 2777 888 2853 μὲν
935 2777 1174 2849 νεοσσὸς
1214 2773 1312 2842 ἴδε
1353 2776 1540 2841 θανὼν
1581 2775 1949 2856 Εὐρυσθέως.
2002 2799 2085 2826 —b
2133 2777 2453 2841 Heraclid.
2480 2761 2613 2842 845

232 2883 439 2960 λαβὼν
487 2881 550 2946 δὲ
597 2883 811 2964 χερσὶν
853 2882 1023 2959 ἡνίας
1064 2883 1432 2964 Εὐρυσθέως.
1485 2921 1568 2934 -
1620 2882 1936 2948 Heraclid.
1982 2881 2115 2949 850
2153 2881 2613 2960 δίωςἊθηνίἐς,

229 2985 372 3068 ἅρμ’
427 2989 562 3054 ἰδὼν
607 2989 972 3068 Εὐρυσθέως.
1023 3027 1108 3039 -·
1155 2989 1476 3055 Heracliti.
1526 2988 1659 3055 859
1711 2989 1875 3068 alpe?
1915 2990 1969 3055 δ’
2012 2989 2039 3053 θ
2090 2990 2321 3062 κλεινὸς
2370 2987 2608 3059 Ἰόλεως

227 3095 570 3175 Εὐρυσθέως
635 3097 742 3178 (cf.
806 3118 1058 3184 quoque
1120 3095 1445 3162 Heraclid.
1509 3094 1616 3162 58.
1671 3093 1779 3162 68.
1834 3093 2032 3177 156)‘e
2094 3095 2217 3160 Vix
2277 3100 2436 3182 puto
2495 3095 2617 3161 hoc

226 3201 541 3280 sufficere,
613 3206 986 3289 praesertim
1057 3205 1126 3268 in
1195 3205 1453 3268 nomine
1523 3205 1803 3290 proprio.
1887 3201 1973 3267 Ni
2042 3200 2231 3268 fallor
2298 3201 2613 3267 secundus

227 3307 574 3397 fragmenti
619 3331 846 3376 versus
894 3317 991 3376 est
1037 3312 1150 3397 qui
1195 3309 1437 3376 indicat
1483 3310 1644 3383 τίνος
1696 3308 1824 3374 ἐστὶ
1875 3309 2104 3390 πατρὸς
2155 3310 2224 3374 τὸ
2274 3309 2533 3376 παιδίον.

592 3419 731 3482 θεῶν
778 3417 842 3481 δὲ
890 3440 1135 3482 παντων
1141 3463 2175 3484 ..........

307 3522 493 3590 Talia
540 3543 690 3589 cum
730 3523 945 3602 audis,
995 3545 1197 3590 nonne
1239 3544 1473 3589 sonum
1511 3543 1735 3588 versus
1775 3522 2106 3609 Euripidei
2146 3523 2614 3610 deprehendere

227 3629 338 3696 tibi
401 3627 687 3698 videris?
747 3630 863 3696 Sat
922 3633 1052 3696 scio
1097 3650 1203 3710 ea,
1254 3651 1380 3716 qua
1423 3629 1564 3708 hic,
1613 3630 1761 3696 sede
1802 3651 2027 3697 versus
2074 3636 2315 3696 ceteros
2363 3649 2618 3717 quoque

227 3739 506 3824 tragicos
567 3757 754 3822 saepe
812 3735 1064 3815 πάντα,
1129 3737 1350 3815 πάντα,
1402 3735 1688 3815 πάντας,
1740 3736 2008 3814 πάντων,
2056 3735 2435 3816 collocasso;
2484 3755 2621 3801 me-

227 3844 381 3909 mini
447 3841 802 3928 Sophoclea
855 3841 973 3908 illa
1019 3841 1122 3907 καὶ
1169 3845 1382 3907 ταῦτα
1430 3841 1645 3907 πάντα
1694 3844 1823 3920 (Ai.
1876 3841 2054 3922 182),
2104 3849 2337 3906 νοσεῖτε
2382 3841 2617 3912 πάντες

229 3946 424 4026 (O.R.
472 3947 607 4030 60),
647 3955 851 4020 καλῶς
893 3945 1152 4014 ἅπαντα
1193 3949 1368 4029 (ibid.
1409 3947 1589 4027 985),
1631 3949 1796 4014 ὠθεῖν
1836 3944 2128 4020 ἅπαντας
2170 3945 2347 4028 (ibid.
2391 3944 2615 4024 1382),

232 4053 350 4120 ἐπεὶ
403 4057 468 4122 δὲ
516 4055 748 4127 παντός
793 4053 994 4136 (0.0.
1048 4055 1268 4136 1604),
1320 4055 1404 4119 τὰ
1456 4053 1508 4120 δ’
1557 4053 1733 4120 ἄλλα
1780 4054 1997 4119 πάντα
2034 4053 2158 4134 (ΕΙ.
2196 4051 2375 4134 657),
2424 4057 2619 4130 τιμᾶν

229 4157 507 4235 ἅπαντες
570 4161 752 4244 (ibid.
803 4160 984 4243 983),
1032 4162 1267 4247 quibus
1314 4163 1586 4228 conferri
1632 4166 1899 4247 possunt
1944 4161 2098 4228 haec
2146 4159 2491 4246 Euripides
2538 4159 2619 4226 ad

231 4287 526 4336 numeros
562 4271 767 4352 ‚nostri
805 4269 1154 4356 fragmenti
1195 4271 1457 4354 propius
1492 4267 1875 4355 plerumque
1914 4267 2275 4334 accedentia
2313 4265 2487 4333 Med.
2532 4264 2617 4332 13

237 4377 382 4451 αὐτή
448 4402 519 4443 τε
570 4377 823 4460 πάντα,
895 4375 975 4440 16
1023 4380 1126 4440 νῦν
1190 4375 1241 4439 δ’
1291 4376 1483 4456 έχθρᾶ
1531 4374 1777 4454 πάντα,
1845 4373 1975 4442 ’794
2025 4373 2207 4452 δόμου
2252 4374 2315 4440 δὲ
2366 4373 2616 4451 πάντα,

237 4475 410 4550 Herc.
466 4481 594 4548 491
647 4482 851 4564 τύχην
895 4482 959 4547 δὲ
1007 4483 1262 4560 πάντα,
1313 4479 1637 4547 Heracliti.
1687 4480 1815 4546 841
1868 4481 2048 4558 μόλις
2097 4481 2157 4545 δὲ
2208 4479 2456 4559 πάντα,
2507 4476 2615 4548 Or.
