3246 5085
685 324 782 389 18
1728 345 2046 416 nonnos.

691 506 921 570 iners
973 507 1386 572 contrarium.
1527 507 1626 589 (4)
1685 508 1852 573 Nam
1904 507 2213 586 „sollers”
2264 511 2447 594 quasi
2490 507 2634 584 ὅλης
2682 510 2904 588 ἀρετῆς
2962 509 3137 576 dio-

693 614 820 688 tae,
871 615 946 673 ut
991 607 1127 674 ὅλον
1173 610 1414 688 solum,
1465 611 1653 688 ἥμισυ
1700 615 1917 691 semis,
1967 609 2037 690 ἕξ
2080 635 2191 680 sex
2238 613 2535 680 dicimus.

781 713 813 778 I
827 715 878 778 P
928 717 995 778 in
1041 716 1137 795 (4)
1183 719 1419 800 partim
1468 715 1798 783 Donatum
1846 726 2105 784 secutus
2150 727 2279 796 est,
2328 722 2564 804 partim
2611 719 2889 785 reddidit
2940 719 3121 784 doc-

691 821 928 884 trinam
987 820 1432 887 scholasticam
1470 821 1548 886 de
1593 822 1817 888 littera
1864 845 1893 888 s
1940 844 2053 909 pro
2102 822 2492 890 Graecorum
2538 827 2922 909 aspiratione
2974 845 3113 908 po-

691 928 834 1003 sita,
879 929 1011 990 iam
1057 947 1094 990 a
1138 925 1322 992 Verri
1368 926 1578 993 Flacci
1626 935 1833 994 aetate
1880 921 2219 1015 vulgatam
2235 950 2251 1008 3
2302 930 2379 994 cf.
2429 928 2552 994 loci
2590 931 2658 994 in
2696 949 2839 1014 app.
2868 928 3112 994 Wess-

691 1034 860 1096 neri:
923 1031 1151 1097 Festus
1213 1032 1366 1098 293.
1415 1032 1572 1100 298.
1622 1033 1755 1098 348
1798 1056 1891 1119 sq.
1971 1035 2173 1101 Prisc.
2234 1033 2295 1100 II
2344 1033 2450 1100 32.
2515 1033 2609 1098 111
2663 1033 2766 1111 16,
2834 1035 3094 1118 quibus

688 1136 850 1202 locis
912 1137 1132 1203 eadem
1179 1138 1472 1224 exempla
1519 1139 1727 1218 ἥμισυ,
1775 1137 1846 1218 ἕξ
1889 1141 2299 1225 proferuntur
2342 1142 2411 1206 in
2457 1138 2853 1226 etymologia
2898 1143 3097 1206 vocis

689 1240 910 1306 sollers
958 1241 1361 1328 aliorumque
1401 1243 1741 1310 similium.

777 1345 864 1411 IV
929 1345 991 1411 2.
1024 1347 1106 1411 14
1153 1347 1251 1428 (3)
1337 1346 1674 1425 „Timida”
1746 1351 2016 1416 timens:
2086 1347 2265 1416 aliud
2332 1347 2620 1414 naturale
2686 1355 2819 1425 est,
2890 1346 3086 1412 aliud

685 1458 951 1518 eventus
1011 1459 1142 1530 est,
1204 1458 1280 1517 ut
1342 1453 1530 1539 Verg.
1581 1453 1683 1534 (Ε.
1733 1453 1821 1520 VI
1868 1453 1983 1534 20)
2032 1454 2254 1531 „addit
2298 1475 2365 1519 se
2412 1456 2649 1519 sociam
2694 1452 3086 1537 timidisque

689 1560 1058 1642 supervenit
1107 1557 1347 1644 Aegle’'
1398 1564 1549 1624 cett.
1579 1556 1632 1638 1)
1768 1559 2034 1624 Phorm.
2082 1557 2115 1624 I
2160 1559 2221 1624 4.
2247 1557 2333 1624 27
2360 1558 2460 1638 (2)
2508 1556 2901 1636 „timidum”
2950 1578 3077 1642 pro

687 1663 1045 1738 timentem,
1096 1669 1174 1727 ut
1221 1662 1441 1739 „addit
1489 1684 1556 1728 se
1603 1663 1700 1728 s.”
1748 1669 1898 1731 cett.
2058 1663 2215 1729 Hec.
2265 1662 2357 1728 111
2404 1661 2465 1728 3.
2493 1661 2532 1727 5
2558 1660 2657 1742 (2)
2708 1660 3073 1740 „timidus”

685 1788 799 1852 pro
844 1769 1078 1832 timens
1097 1816 1115 1845 ,
1162 1787 1396 1833 nomen
1439 1768 1578 1834 loco
1626 1770 1973 1854 participii.

751 1873 996 1937 Primo
1055 1873 1289 1938 obtutu
1337 1874 1532 1939 etiam
1579 1872 1898 1938 scholium
1944 1872 2111 1937 Eun.
2160 1871 2390 1958 aliquis
2437 1871 2684 1938 Donato
2733 1871 3038 1936 tribuerit
3057 1919 3076 1948 ,

685 1977 796 2043 sed
835 1999 983 2043 cum
1021 1977 1355 2063 praecedat
1391 1977 1520 2042 alia
1539 1977 1717 2043 illius
1742 1977 2115 2062 explicatio:
2158 1977 2256 2056 (2)
2285 1975 2600 2054 „timida”
2627 1975 2817 2041 modo
2839 1995 3073 2059 aegra,

685 2089 835 2148 cett.
899 2069 1075 2164 (c'um
1138 2104 1236 2148 ex.
1287 2081 1549 2162 Plaut.),
1613 2082 2109 2169 deprehenditur
2153 2080 2277 2160 IP,
2326 2102 2451 2166 quo
2499 2087 2821 2167 praeterea
2868 2079 3073 2166 digna

686 2195 784 2253 est
827 2189 1164 2253 antithesis
1210 2187 1665 2273 philosophans
1710 2188 1788 2252 de
1836 2186 2198 2264 „naturali”
2250 2193 2315 2252 et
2364 2187 2711 2265 „eventu’'.

776 2292 863 2357 IV
904 2291 965 2357 3.
995 2292 1033 2358 6
1060 2292 1152 2372 (2)
1197 2291 1623 2378 „Unguibus”
1665 2293 1898 2377 quibus
1934 2298 2223 2356 armatur
2236 2291 2349 2362 ,hic
2374 2312 2581 2357 sexus.
2697 2290 2785 2355 IV
2810 2290 2871 2356 6.
2898 2289 2941 2353 2
2966 2287 3069 2370 (2)

691 2395 922 2474 „Oculi
978 2397 1125 2462 ilico
1170 2397 1586 2462 effodientur’'
1636 2403 1702 2462 et
1746 2398 2055 2462 femineae
2100 2399 2312 2461 minae
2356 2402 2508 2462 sunt
2553 2401 2619 2462 et
2660 2399 2729 2461 in
2774 2393 3073 2462 libidino-

687 2521 788 2567 sos
827 2521 1020 2585 quam
1061 2504 1373 2580 maxime;
1415 2523 1566 2568 nam
1604 2503 1778 2568 hunc
1816 2508 2168 2568 amatorem
2207 2505 2570 2588 suspicatur
2607 2521 2744 2567 esse
2771 2501 3067 2587 virginis.

687 2605 794 2671 Sic
854 2613 919 2672 et
974 2606 1160 2672 alibi:
1237 2614 1354 2684 „ut
1414 2628 1535 2694 ego
1595 2606 1738 2671 illi”
1803 2610 1950 2673 cett.
2015 2606 2128 2684 (IV
2191 2607 2252 2672 3.
2281 2606 2369 2688 6),
2437 2610 2503 2671 in
2566 2605 2783 2672 oculos
2840 2612 3067 2670 autem

685 2714 966 2777 maxime
1027 2715 1272 2780 saevire
1333 2714 1604 2778 feminas
1666 2719 1731 2779 et
1793 2714 2156 2799 tragoediae
2219 2713 2350 2783 fere
2400 2718 2466 2777 et
2510 2711 2871 2781 comoediae
2917 2732 3061 2795 pro-

683 2822 1022 2883 testantur.
1205 2817 1260 2882 V
1309 2818 1371 2883 2.
1399 2818 1488 2885 20
1512 2818 1609 2898 (2)
1671 2821 1882 2884 minae
1940 2820 2099 2883 istae
2160 2820 2412 2903 proprie
2472 2818 2857 2883 feminarum
2902 2821 3061 2880 sunt

685 2929 750 2989 et
809 2926 879 2987 in
939 2944 1006 2988 se
1065 2929 1130 2988 et
1178 2926 1247 2988 in
1293 2922 1456 2989 alios
1499 2924 1831 3009 'unguibus
1878 2925 2340 3000 saevientium,
2381 2928 2457 2987 ut
2501 2922 2716 3007 (Verg.
2766 2918 2852 2986 IV
2900 2918 3065 2999 673)

686 3027 1103 3113 „unguibus”
1151 3033 1299 3093 cett.
1349 3066 1434 3076 —
1480 3028 1578 3110 (3)
1621 3029 1747 3094 Sed
1796 3027 2162 3107 „involem”
2211 3028 2289 3093 ab
2337 3028 2568 3093 avibus
2614 3033 2891 3092 tractum
2928 3031 3063 3103 est,

683 3138 759 3197 ut
798 3132 967 3217 apud
1005 3131 1193 3218 Verg.
1235 3131 1356 3213 (111
1381 3132 1540 3212 233)
1582 3132 1927 3217 „praedam
1967 3132 2235 3218 pedibus
2266 3131 2688 3199 circumvolet
2711 3130 2941 3195 unus’'.
2973 3166 3063 3179 -—

683 3236 780 3317 (4)
826 3236 1000 3321 Ergo
1047 3238 1165 3302 hoc
1209 3244 1402 3324 gestu
1447 3243 1514 3303 et
1558 3238 1763 3322 digito
1806 3244 1873 3302 et
1917 3243 2097 3303 motu
2148 3239 2425 3321 corporis
2470 3236 2901 3302 adiuvandum
2940 3241 3061 3300 est.

772 3340 1205 3426 Repetitiones
1251 3363 1470 3408 omnes
1515 3344 1719 3427 ipsius
1767 3341 1847 3406 D.
1895 3362 2029 3407 esse
2075 3341 2393 3407 videntur.
2459 3343 2548 3406 At
2607 3362 2763 3406 vero
2824 3338 3062 3405 scholia

681 3445 760 3510 ad
808 3444 863 3509 V
913 3445 974 3511 2.
1002 3446 1089 3513 20
1136 3450 1422 3531 primum
1469 3468 1637 3511 nunc
1683 3446 1868 3512 nobis
1913 3445 2287 3531 exemplum
2324 3446 2659 3529 praebent,
2700 3445 2868 3531 quod
2904 3465 3059 3510 mox

679 3550 1000 3636 permulta
1046 3552 1286 3617 similia
1325 3558 1691 3636 sequentur,
1730 3571 1856 3636 qua
1895 3554 2139 3616 ratione
2180 3550 2280 3615 IP
2316 3553 2383 3613 in
2426 3550 2663 3615 edendo
2702 3556 3055 3616 commento

678 3675 862 3739 saepe
910 3662 1203 3720 versatus
1249 3659 1368 3720 sit:
1417 3654 1659 3721 scholia
1706 3655 1783 3720 de
1828 3662 2019 3741 gestu
2066 3659 2319 3735 tantum
2360 3676 2487 3719 non
2524 3656 2740 3719 omnia
2776 3655 3050 3740 genuina

678 3764 863 3837 sunt,
927 3762 1145 3844 itaque
1189 3763 1258 3825 in
1302 3766 1665 3825 commento
1715 3760 1811 3839 (4)
1859 3760 2367 3843 subsequebatur
2412 3757 2527 3839 (2),
2574 3779 2803 3825 verum
2850 3756 3048 3823 editor

677 3862 776 3928 ΙΡ
837 3884 1022 3929 suam
1075 3864 1646 3931 correctiunculam
1692 3863 1769 3929 de
1812 3862 2154 3931 involando
2198 3865 2469 3929 inseruit
2514 3884 2626 3948 per
2672 3860 3044 3949 particulam

677 3970 784 4032 sed
801 4016 817 4047 ‚
863 3968 1077 4035 addito
1123 3970 1418 4057 exemplo
1471 3974 1709 4055 inept0.

751 4260 804 4321 1)
841 4259 995 4308 Aliter
1027 4258 1385 4316 Isidorus,
1419 4258 1519 4306 diff.
1553 4254 1683 4306 verb.
1720 4257 1815 4304 5⁶4
1852 4252 2079 4304 'rimis
2100 4270 2170 4304 ua
2202 4254 2387 4318 estqui
2415 4268 2599 4318 semper
2628 4240 2784 4312 timet,
2812 4252 3044 4302 Timent

679 4356 794 4390 vero
827 4342 910 4405 qni
938 4342 997 4390 ad
1023 4348 1210 4404 tempus
1236 4339 1462 4389 formidat
1490 4354 1544 4387 ex
1573 4353 1726 4387 causa.
1759 4336 1869 4385 ‘Pali
1897 4336 2143 4385 intellectu
2171 4336 2535 4399 distinguuntur
2562 4335 2762 4399 pavida·
2788 4338 2836 4385 at
2864 4348 3043 4399 pavens,

679 4423 906 4489 providus
940 4426 989 4471 et
1023 4421 1290 4487 provident,
1326 4423 1416 4469 eto.
