3246 5085
594 317 725 384 406
1524 276 1541 297 ’
1630 334 1942 384 noturus.

684 504 1039 568 Particulae
1084 504 1373 567 diversae.

682 608 854 673 Prol.
906 608 944 673 9
972 608 1070 690 (3)
1118 608 1298 674 Unde
1341 606 1593 674 fabulae
1639 607 1920 673 Phasma
1964 627 2198 673 nomen
2246 612 2364 672 est.
2414 604 2542 685 (W.
2585 612 2689 687 c.).

680 715 710 781 I
757 715 889 780 2.5
931 715 1025 796 (1)
1097 715 1183 780 Ει
1252 736 1459 780 avara.
1523 713 1653 795 (W.
1708 722 1815 793 c.).
1985 713 2067 779 15
2109 713 2205 795 (3)
2270 713 2412 778 Hoc
2480 720 2576 778 εει
2607 714 2654 792 ¹)
2724 714 2997 777 animus

590 841 773 885 meus
812 819 983 903 (AY).
1127 820 1214 887 >35
1242 822 1337 903 (1)
1375 821 1461 885 Et
1502 823 1658 906 „qui
1697 817 1862 885 scis?
1903 818 2098 885 Modo
2133 840 2168 884 e
2193 818 2376 884 Davo
2401 819 2692 884 audivi”.
2718 818 2849 898 (W.
2879 826 2994 897 c.).

590 925 676 990 43
704 926 801 1008 (4)
848 926 933 991 Et
982 927 1209 992 multa.
1258 926 1379 1008 (W.
1411 932 1509 1007 c.).
1656 926 1743 991 50
1767 925 1862 1006 (3)
1909 921 1984 990 Id
2031 930 2161 990 est:
2211 923 2380 990 illud
2435 925 2708 990 desinite
2755 929 2820 990 et
2861 925 2990 989 hoc

586 1034 917 1100 attendite.
1087 1034 1171 1101 74
1212 1034 1307 1115 (2)
1390 1034 1463 1099 ld
1535 1042 1634 1099 est
1701 1035 2012 1118 persensit
2080 1031 2385 1097 dolorem.
2564 1030 2651 1096 87
2687 1030 2798 1112 (3)
2862 1029 2988 1096 Vel

590 1139 801 1205 multo
849 1147 1013 1225 post.

680 1246 744 1311 ΙΙ
794 1247 851 1313 1.
884 1246 965 1311 13
992 1245 1089 1328 (2)
1136 1244 1279 1311 Ηοε
1324 1251 1422 1310 εει
1468 1245 1547 1311 ad
1592 1246 1822 1310 urbem
1859 1250 2072 1331 agent.
2196 1244 2280 1308 14
2308 1243 2404 1326 (2)
2441 1243 2662 1309 Etiam
2699 1250 2984 1309 coactus.

592 1352 654 1417 2.
683 1352 767 1417 19
792 1353 888 1434 (1)
934 1352 1005 1417 Id
1047 1358 1145 1417 est
1182 1352 1447 1437 obsequi
1489 1355 1692 1417 venio.
1735 1350 1860 1432 (W.
1887 1358 1990 1431 c.).
2157 1349 2244 1415 26
2271 1350 2367 1431 (2)
2407 1349 2512 1416 Sic
2543 1358 2608 1415 et
2632 1348 2986 1415 macellum

590 1480 629 1524 a
666 1458 1019 1524 mactandis
1057 1458 1389 1544 pecoribus
1428 1457 1694 1524 dictum.
1739 1458 1867 1538 (W.
1895 1462 1998 1533 c.).
2119 1455 2204 1523 4¹7
2248 1455 2430 1536 Quod
2470 1464 2566 1522 est
2602 1456 2862 1533 laboris,
2895 1492 2983 1505 —

590 1566 759 1652 quod
805 1571 903 1631 est
948 1567 1152 1630 exitii.
1173 1561 1272 1645 (Τ).
1414 1563 1473 1629 3.
1507 1563 1588 1628 15
1614 1565 1713 1645 (4)
1762 1562 1834 1629 Id
1875 1569 1973 1628 est
2012 1570 2158 1628 ante
2198 1584 2482 1630 versum.
2615 1562 2699 1627 21
2727 1562 2825 1644 (3)
2865 1561 2988 1627 Vel

589 1674 764 1738 satis.
806 1670 933 1750 (W.
959 1678 1061 1750 c.).
1178 1667 1264 1737 2¹7
1291 1669 1385 1750 (1)
1425 1669 1649 1755 Neque
1691 1670 1964 1736 fucatae.
1992 1669 2122 1750 (W.
2149 1676 2252 1746 c.).
2373 1669 2460 1735 34
2484 1670 2580 1750 (4)
2620 1668 2706 1734 Et
2745 1688 2987 1756 magna

592 1776 893 1855 ἔμφασις,
934 1776 1099 1862 quod
1146 1773 1565 1853 „felicitates”
1592 1774 1937 1863 pluraliter
1960 1777 2178 1861 posuit
2200 1774 2330 1856 (W.
2357 1796 2412 1840 c.
2438 1774 2730 1841 Fortasse
2754 1774 2985 1855 Belia).

595 1882 680 1947 48
728 1882 814 1947 Et
858 1881 1021 1947 nihil
1066 1886 1203 1947 tam
1250 1880 1594 1947 moraliter.
1646 1881 1774 1960 (W.
1802 1890 1882 1963 c).
2045 1881 2130 1945 55
2176 1880 2301 1946 Sed
2348 1882 2428 1946 ad
2476 1881 2594 1946 hoc
2641 1902 2982 1967 quaerere,

593 1997 669 2055 ut
716 1989 884 2075 quod
931 1990 1053 2053 scit
1090 1987 1438 2053 confirmet.
1483 1986 1612 2066 (W.
1639 1994 1740 2067 c.).
1861 1986 1944 2053 63
1971 1986 2067 2068 (1)
2104 1986 2178 2051 Id
2219 1994 2344 2065 est,·
2378 1987 2694 2053 Phaedria
2731 1985 2982 2053 rivalis.

594 2097 802 2177 80(1)
866 2095 940 2160 Id
998 2101 1094 2159 est
1156 2093 1449 2159 libenter.
1588 2092 1674 2158 83
1702 2093 1799 2174 (3)
1861 2094 1960 2159 Ita
2020 2100 2096 2158 ut
2157 2096 2445 2159 numeris
2503 2100 2569 2159 et
2627 2094 2984 2179 generibus

591 2205 746 2269 haec
791 2204 1171 2289 pronomina
1216 2201 1469 2266 infinita
1515 2204 1664 2266 sint.
1715 2201 1841 2280 (W.
1869 2223 1922 2266 c.
1971 2200 2051 2267 cf.
2102 2202 2317 2286 App.).

682 2308 779 2374 ΙΙΙ
828 2310 885 2373 1.
916 2308 1077 2393 3(2)
1125 2305 1197 2372 Id
1246 2315 1342 2372 est
1389 2307 1826 2392 productionis
1870 2305 2050 2372 locus
2098 2312 2216 2372 est.
2263 2307 2390 2389 (W.
2419 2312 2524 2387 c.).
2643 2306 2733 2384 6(
2744 2308 2811 2387 1)
2855 2305 2986 2371 Sed

592 2438 761 2481 nunc
821 2436 922 2481 res
985 2414 1160 2479 dicit.
1302 2413 1387 2478 32
1414 2414 1507 2494 (2)
1570 2414 1735 2494 Quia
1798 2419 1862 2478 et
1910 2412 2315 2501 (memoria)
2365 2412 2804 2499 intelligentia
2863 2425 2988 2478 est.

592 2522 733 2603 (Ed.
752 2518 821 2607 ?).
941 2520 1026 2586 38
1054 2522 1150 2602 (1)
1196 2520 1370 2602 Quae
1417 2520 1497 2586 ad
1543 2541 1681 2586 rem
1729 2526 1928 2607 agant
1965 2520 2092 2601 (W.
2121 2527 2222 2601 c.).
2343 2520 2430 2585 40
2457 2518 2554 2602 (2)
2599 2519 2684 2585 Ει
2729 2518 2990 2585 dictum

592 2630 1009 2715 participium
1071 2634 1201 2705 est,
1263 2627 1330 2693 id
1376 2631 1474 2692 est
1520 2627 1691 2714 quod
1739 2627 1962 2692 dixisti
2011 2627 2137 2707 (W.
2165 2633 2270 2708 c.).
2413 2625 2715 2705 2.16(1)
2764 2624 2838 2690 ld
2883 2635 2992 2690 est

593 2733 964 2802 Chaeream.
1084 2733 1145 2798 3.
1178 2733 1261 2798 13
1313 2732 1453 2799 Hoc
1497 2738 1596 2798 est
1642 2753 1837 2820 quam
1883 2753 2262 2810 amoenum,
2313 2754 2509 2819 quam
2549 2734 2987 2798 maritimum.

594 2841 889 2922 5.15(1)
936 2840 1080 2906 Hoc
1125 2847 1223 2906 est
1267 2841 1446 2905 visus
1495 2843 1628 2905 oris
1675 2847 1739 2905 et
1785 2843 2086 2925 corporis.
2249 2838 2333 2904 36
2359 2838 2456 2919 (2)
2503 2837 2740 2906 Contra
2787 2843 2994 2923 parsi-

592 2951 879 3014 moniam
926 2953 1141 3013 autem
1164 2995 1180 3026 ‚
1229 2952 1451 3011 contra
1497 2946 1920 3031 dignitatem,
1971 2951 2190 3011 contra
2235 2945 2618 3034 pudicitiam
2657 2943 2784 3024 (W.
2811 2954 2918 3024 c.).

594 3055 701 3120 41.
728 3054 826 3133 (2)
876 3052 1020 3118 Hoc
1065 3058 1164 3118 est
1208 3051 1473 3116 insidias
1521 3063 1585 3116 et
1634 3050 1948 3116 fraudem.

682 3159 765 3226 IV
810 3161 872 3224 4.
901 3157 988 3223 48
1013 3159 1109 3239 (1)
1154 3157 1239 3223 Ει
1281 3163 1379 3222 εει
1417 3156 1767 3242 deploratio
1807 3157 1885 3222 ab
1923 3159 2014 3222 eis
2054 3159 2145 3223 sic
2170 3157 2360 3222 dicta.
2503 3155 2563 3223 7.
2591 3155 2678 3222 39
2703 3155 2801 3238 (2)
2837 3156 2986 3223 Hoc

592 3271 690 3332 est
734 3263 923 3351 apud‘
951 3271 1328 3349 praetorem.
1422 3312 1427 3318 .
1653 3271 1666 3281 “

683 3370 736 3436 V
787 3369 1083 3451 1.16(2)
1145 3369 1232 3435 Et
1278 3374 1375 3435 est
1420 3370 1837 3456 proverbium
1887 3390 2122 3447 „ovem
2167 3368 2321 3456 lupo
2367 3368 2814 3434 commisisti”.

597 3477 635 3543 7
661 3477 757 3558 (1)
816 3475 889 3542 Id
950 3483 1081 3542 est:
1147 3475 1497 3562 fatigatus,
1560 3475 1766 3542 lassus
1829 3483 1896 3541 et
1941 3474 2292 3562 languidus
2339 3497 2516 3553 sum,
2567 3475 2724 3540 dum
2769 3476 2980 3561 fugit).

589 3586 728 3664 (vix
786 3584 1195 3670 genuinum).
1315 3582 1379 3647 2.
1407 3582 1494 3647 60
1518 3581 1617 3662 (2)
1677 3583 1768 3648 Ut
1829 3581 2120 3648 Lucilius
2185 3585 2540 3661 „vicimus,
2588 3604 2625 3648 o
2672 3585 2860 3660 socii,
2908 3589 2982 3648 et

590 3711 897 3778 magnam
942 3691 1384 3777 pugnavimus
1426 3689 1780 3774 pugnam'’.
1831 3686 2022 3770 (Ed.?
2063 3689 2163 3754 W.
2189 3697 2294 3769 c.).
2427 3689 2490 3754 3.
2520 3688 2599 3753 11
2629 3687 2726 3768 (3)
2765 3687 2838 3753 Id
2879 3696 2982 3754 eet

591 3805 665 3864 ut
705 3797 873 3864 volo.
893 3793 992 3877 (?).
1134 3793 1196 3862 5.
1226 3795 1264 3860 5
1292 3795 1389 3877 (2)
1436 3795 1581 3860 Hoc
1629 3801 1726 3860 εει
1764 3797 2048 3881 obsequi.
2168 3794 2330 3877 8(3)
2377 3795 2562 3860 Nunc
2599 3795 2982 3861 adverbium

590 3911 687 3970 est
735 3903 1043 3989 producta
1085 3902 1141 3966 E
1184 3900 1422 3967 littera.
1467 3900 1594 3980 (W.
1622 3906 1725 3978 c.).
1870 3899 1933 3966 6.
1963 3899 2044 3966 19
2090 3900 2270 3965 Unde
2314 3899 2626 3967 dilatio
2673 3907 2770 3966 est
2807 3887 2984 3966 dicta

590 4010 717 4075 diei
761 4009 1033 4094 prolatio
1080 4009 1225 4094 (Ed.
1276 4007 1373 4073 W.
1402 4015 1483 4088 c.)
1621 4006 1683 4072 8.
1715 4007 1754 4072 6
1779 4007 1878 4088 (2)
1933 4006 2042 4072 Vel
2079 4010 2294 4093 potius
2337 4029 2678 4094 „sponsam
2715 4009 2978 4074 meam”

590 4113 732 4194 (Ed.
778 4113 875 4178 W.
902 4121 1004 4196 c.).
1148 4115 1236 4182 28
1276 4112 1454 4196 Quod
1496 4113 1726 4194 „fanda
1764 4112 2095 4193 nefanda”‚
2143 4116 2356 4192 „iusta
2393 4115 2699 4192 iniusta”,
2739 4115 2984 4202 „digna

660 4373 715 4440 1)
766 4371 893 4423 Hoc
938 4377 1053 4432 est,
1101 4373 1159 4422 id
1204 4375 1329 4432 est,
1373 4373 1476 4422 eim.
1514 4377 1563 4422 et
1600 4371 1753 4422 multa
1787 4371 1932 4421 etiam
1971 4371 2242 4421 huiusmodi
2278 4371 2458 4421 scholia
2493 4387 2578 4437 per
2612 4389 2724 4422 nan
2755 4373 2880 4424 enin
2917 4375 2980 4424 ad

590 4457 872 4523 magistrum
908 4459 947 4508 Δ
982 4460 1225 4507 auctorem
1262 4457 1507 4506 referenda
1541 4455 1782 4506 videntur.
1817 4454 1892 4506 cf.
1931 4457 2110 4506 Mnem.
2147 4454 2334 4505 XXXII
2368 4471 2416 4520 p.
2450 4453 2550 4507 287
2569 4470 2672 4520 sqq.
