3246 5085
599 325 686 391 '74
1455 341 1712 390 maneus
1758 340 2137 388 fflroumus.

695 510 864 576 Ibid.
915 509 1020 575 30.
1096 509 1284 589 τούτῳ
1347 509 1473 586 γὰρ
1535 508 1898 585 ἐπιβάλλων
1960 505 2206 586 ταχέως
2271 507 2530 584 ε’πιλῆση
2594 514 2702 580 τῆς
2766 508 2993 585 ὀργῆς,

595 618 1054 693 συμπίπτοντος
1115 621 1242 693 τοῦ,
1292 615 1383 679 ὅτι
1429 611 1763 693 βιάζεται·
1814 614 1877 678 τί
1922 614 2047 692 γὰρ
2094 615 2363 692 tonicam
2411 613 2580 693 Quid
2628 616 2715 678 sit
2758 616 2997 690 συμπί-

595 746 770 787 πτειν
840 728 905 787 et
977 723 1339 806 σύμπτωμα
1418 720 1643 786 docent
1711 719 1871 797 loci,
1945 718 2164 804 quales
2228 727 2381 785 sunt
2444 718 2496 784 I.
2566 716 2668 797 1¹7,
2718 717 2825 782 VI.
2876 717 2993 796 48,

613 827 786 894 VIII.
835 827 942 892 46.
992 827 1320 894 Sententia
1363 833 1582 892 autem
1628 825 1913 911 flagitat:
1945 825 2307 908 praesertim
2350 826 2406 888 ει·
2451 848 2573 888 una
2612 824 2724 888 aba·
2758 845 2999 887 succur-

611 934 782 1012 rerit,
833 933 1002 1019 quod
1048 938 1144 998 est
1189 932 1828 1013 συμπροσπίπτοντος,
1874 930 1952 996 cf.
1992 929 2131 995 VII.
2173 931 2279 1008 22,
2320 930 2403 995 X.
2444 929 2553 1009 31,
2594 929 2742 996 XII.
2782 928 2893 994 28.

691 1151 854 1218 Ibid.
904 1149 1011 1216 31.
1078 1151 1435 1228 Σατυρίωνα
1497 1150 1630 1216 ἰδὼν
1694 1149 2077 1229 Σωκρατικὸν
2136 1149 2462 1230 Φανταζου
2516 1150 2549 1224 ῆ
2598 1148 2897 1230 Εύτύχην
2948 1149 2984 1224 ἢ

595 1247 879 1334 ‘Taeter
945 1257 1049 1326 καὶ
1114 1256 1464 1335 Εὐφράτην
1525 1257 1657 1321 ἰδὼν
1722 1256 2091 1334 Εὔτυχίωνα
2159 1255 2193 1329 ῆ
2244 1255 2572 1320 Σιλουανόν
2621 1254 2991 1336 φαντάζου·

596 1365 699 1429 καὶ
751 1364 1136 1440 ἈλκίΦρονα
1185 1361 1648 1441 ΤροπαιοΦόρον
1697 1361 2058 1442 Φαντοὶζου·
2110 1361 2216 1428 καὶ
2268 1369 2628 1440 Ξενοφῶντα
2676 1361 2807 1425 ἰδὼν
2852 1360 2993 1439 Κρί·

598 1495 760 1534 τωνα
819 1468 853 1543 ῆ
903 1477 1158 1545 Σευῆρον
1205 1467 1568 1550 φανταζου·
1618 1469 1721 1532 καὶ
1783 1469 1868 1538 εἷς
1916 1468 2175 1531 σεαυτὸν
2220 1467 2452 1531 ἀπιδὼν
2500 1474 2615 1532 τῶν
2664 1468 2991 1546 Καισάρων

596 1576 733 1640 τινὰ
797 1573 1142 1656 φανταζου.
1205 1574 1279 1639 In
1326 1575 1644 1640 eiusmodi
1691 1559 2278 1640 enumerationibus
2324 1575 2659 1639 nominum
2710 1577 2995 1660 proprio-

596 1702 743 1745 rum
790 1680 1186 1746 recensendis
1231 1684 1416 1746 caute
1464 1701 1598 1745 esse
1647 1679 2119 1764 procedendum
2166 1701 2281 1764 per
2326 1700 2391 1745 se
2436 1685 2637 1764 patet.
2684 1677 2991 1764 Suspicor

596 1784 896 1851 lacunam
955 1789 1162 1850 inesse
1223 1788 1290 1849 in
1352 1785 1562 1851 verbis
1628 1787 1731 1849 καὶ
1800 1832 2043 1851 ......
2108 1783 2339 1862 (ἰδὼν)
2403 1786 2781 1864 Ἀλκίφρονα
2844 1783 2987 1864 (ἢ)

597 1891 1055 1970 Τροπαιοφόρον
1114 1890 1459 1971 φαντάζου,
1547 1896 1614 1956 at
1684 1890 2104 1957 confidentius
2176 1890 2485 1955 ulteriora
2553 1893 2643 1955 sic
2703 1889 2987 1974 refingo:

600 1996 706 2060 καὶ
759 2005 1016 2076 Σευῆρον
1066 1994 1197 2060 ἰδὼν
1247 1997 1520 2076 Κρίτωνα
1570 1995 1604 2070 ἢ
1658 2003 2017 2076 Ξενοφῶντα
2066 1994 2408 2077 Φανταζου.

691 2214 849 2279 Ibid.
903 2213 1010 2279 36.
1074 2213 1396 2284 σπουδαῖος
1460 2214 1563 2278 καὶ
1630 2214 1821 2292 σοφὸς
1870 2208 1974 2286 ἦν·
2024 2214 2094 2277 τὸ
2144 2213 2539 2279 πανύστατον
2585 2214 2761 2281 ἔσται
2809 2239 2905 2287 τις
2958 2215 2989 2278 ὃ

603 2323 738 2384 καθ’
780 2319 965 2384 αὑτὸν
1005 2320 1241 2399 λέγων·
1285 2320 1749 2396 ἀναπνεύσομέν
1788 2344 1937 2385 ποτε
1980 2321 2105 2386 ἀπὸ
2146 2323 2363 2385 τούτου
2403 2327 2509 2386 τοῦ
2543 2320 2987 2399 παιδαγωγοῦ.

599 2425 892 2504 χαλεπὸς
949 2427 1061 2502 μὲν
1126 2426 1314 2490 οὐδενὶ
1382 2427 1548 2502 ἡμῶν
1610 2421 1697 2504 ἦν,
1764 2427 1937 2491 ἀλλὰ
1988 2427 2351 2508 ᾐσθανόμην,
2396 2423 2486 2492 ὅτι
2537 2429 2739 2510 ἡσυχῆ
2789 2451 2992 2492 κατα-

485 2604 492 2613 ,
603 2529 882 2609 γινώσκει
932 2531 1115 2607 ἡμῶν.
1165 2531 1400 2597 Malim
1441 2532 1596 2597 haec
1636 2553 1747 2618 per
1784 2535 2356 2621 interrogationem
2395 2533 2645 2599 efferre:
2687 2534 2991 2599 ἀναπνεύ-

605 2637 788 2712 σομέν
853 2661 1001 2702 ποτε
1066 2638 1191 2701 ἀπὸ
1255 2638 1470 2703 τούτου
1533 2643 1641 2701 τοῦ
1691 2640 2142 2720 παιδαγωγοῦ;
2208 2642 2286 2706 cf.
2352 2662 2408 2705 e.
2430 2662 2531 2726 gr.
2592 2641 2789 2705 huius
2835 2638 2993 2705 libri

604 2764 658 2807 c.
713 2743 769 2808 1.
818 2744 892 2808 In
938 2742 1189 2810 ultimis
1237 2746 1692 2822 κατεγίνωσκεν
1738 2748 2006 2831 corrige.

693 2945 807 3011 XI.
859 2946 920 3011 6.
984 2948 1088 3012 καὶ
1141 2942 1267 3027 ὅτι,
1318 2943 1404 3021 οἷς
1453 2947 1551 3012 ἐπὶ
1602 2957 1712 3022 τῆς
1760 2954 1980 3021 σκηνῆς
2030 2950 2563 3032 ψυχαγωγεῖσθε,
2614 2951 2844 3022 τούτοις
2893 2954 2985 3027 μῆ

602 3048 871 3132 ἄχθεσθε
920 3053 1019 3116 ἐπὶ
1071 3061 1183 3127 τῆς
1231 3053 1500 3135 μείζονος
1547 3064 1789 3128 σκηνῆς.
1840 3055 2053 3134 δρᾶται
2104 3055 2249 3133 γὰρ,
2298 3050 2387 3117 ὅτι
2436 3053 2589 3118 οὕτω
2639 3054 2734 3119 δεῖ
2774 3060 2986 3120 ταῦτα

599 3158 1006 3236 περαίνεσθαι.
1057 3158 1274 3223 Lectio
1322 3158 1622 3245 vulgatae
1670 3160 1849 3240 ὂρᾶτε
1867 3208 1884 3238 ,
1932 3164 2158 3246 utpote
2202 3158 2414 3224 multo
2454 3160 2685 3225 fortius
2724 3167 2789 3225 et
2826 3163 2989 3227 vivi-

602 3262 746 3327 dius
792 3283 1084 3347 expressa
1105 3312 1120 3341 ,
1168 3265 1426 3329 omnino
1473 3265 1803 3330 retinenda
1846 3270 2012 3342 erat3
2063 3265 2266 3331 codici
2311 3272 2527 3331 autem
2574 3267 2633 3331 A
2680 3266 2988 3332 sollemne

601 3375 698 3432 est
741 3371 1161 3453 imperativos
1207 3373 1269 3433 in
1321 3370 1674 3435 infinitivos
1720 3377 2007 3450 mutare,
2051 3376 2125 3436 ut
2161 3371 2281 3436 hoc
2316 3374 2457 3456 ipso
2498 3371 2639 3437 loco
2678 3372 2985 3453 ἄχθεσθαι

601 3495 715 3559 pro
755 3472 1057 3553 ἄχθεσθε,
1107 3496 1292 3559 porro
1337 3475 1444 3541 IV.
1496 3475 1536 3541 6
1586 3483 1650 3541 et
1698 3475 1835 3542 VII.
1887 3476 1972 3541 22
2022 3474 2405 3551 τεθνήξεσθαι
2455 3498 2567 3562 pro
2609 3477 2982 3556 τεθνηξεσθε,

600 3577 707 3644 VI.
759 3578 844 3643 45
895 3580 1334 3655 λαμβάνεσθαι
1384 3602 1498 3667 pro
1547 3581 1983 3659 λαμβανέσθω.
2026 3582 2250 3668 Itaque
2291 3582 2509 3648 locum
2546 3586 2637 3649 sic
2676 3587 2981 3651 restitue:

603 3685 704 3749 καὶ
771 3681 896 3762 ὅτι,
959 3680 1042 3756 οἷς
1108 3686 1209 3751 ἐπὶ
1272 3693 1384 3759 τῆς
1433 3694 1659 3761 σκηνῆς
1704 3690 2240 3767 ψυχαγωγεῖσθε,
2296 3690 2526 3761 τούτοις
2577 3694 2665 3765 μῆ
2715 3688 2983 3769 ἄχθεσθε

603 3791 703 3854 ἐπὶ
766 3797 875 3862 τῆς
940 3791 1208 3872 μείζονος
1272 3800 1528 3867 σκηνῆς·
1591 3792 1773 3872 δρᾶτε
1836 3795 2001 3873 γὰρ,
2065 3788 2156 3857 ὅτι
2222 3793 2371 3859 οὕτω
2420 3792 2516 3861 δεῖ
2558 3797 2983 3887 περαίνεσθαι,

603 3918 731 3981 quo
775 3897 943 3963 facto
984 3919 1187 3983 neque
1223 3901 1602 3965 coniecturis
1641 3898 1890 3964 Reiskii
1930 3906 1994 3964 et
2034 3899 2353 3967 Rendallii
2390 3922 2595 3987 neque
2635 3904 2989 3968 tentamine

604 4000 836 4067 Stichii
883 4024 1045 4087 opus
1091 4011 1205 4069 est.

692 4204 854 4270 Ibid.
903 4205 1058 4270 ibid.
1109 4206 1276 4279 μετὰ
1325 4209 1534 4270 ταῦτα
1583 4207 1678 4278 τίς
1728 4210 1762 4282 ἧ
1810 4207 1971 4283 μέση
2024 4207 2345 4287 κωμῳδία,
2396 4210 2502 4274 καὶ
2550 4211 2760 4275 λοιπὸν
2800 4214 2833 4285 ῆ
2876 4214 2987 4275 νέα

603 4313 746 4389 πρὸς
809 4313 873 4375 τί
937 4334 1087 4375 ποτε
1149 4313 1611 4391 παρείληπται;
1662 4311 1819 4379 Cod.
1872 4316 1931 4378 A
1978 4320 2233 4380 ‘tantum
2280 4317 2451 4389 μετὰ.
2498 4317 2768 4395 ταύτης,
2818 4317 2988 4382 unde

603 4424 864 4502 apparet
924 4437 1035 4501 per
1095 4416 1598 4504 dittographiam
1657 4417 1824 4484 illud
1888 4422 1985 4492 τίς
2030 4423 2355 4505 irrepsisse
2400 4424 2467 4485 in
2518 4420 2670 4489 God.
2710 4423 2764 4485 P
2810 4425 2982 4498 μετὰ
