3246 5085
562 328 700 393 400
1575 344 1952 392 rma-omos.

657 510 744 575 46
763 511 837 575 E.
887 512 972 575 τοὶ
1021 510 1132 587 μὲν
1179 505 1277 575 οὖν
1319 516 1436 574 τῶν
1484 510 1788 588 ὀμμάτων
1836 509 2425 587 συμμεταίτια
2474 489 2620 586 προς
2662 512 2729 574 τὸ
2770 516 2987 590 σχεῖν

565 618 674 691 τὴν
723 616 981 693 δύναμιν
1031 606 1096 689 ἣν
1146 620 1245 681 νῦν
1295 615 1550 697 εἴληχεν
1597 618 1864 694 εἰρήσθω.
1934 615 2049 682 Vix
2100 614 2403 682 credibile
2448 614 2781 682 Platonem
2830 616 2985 679 hoc

564 721 954 789 vocabulum
1018 742 1336 808 nusquam
1402 722 1555 787 alibi
1618 722 1859 787 lectum
1922 721 2287 787 adhibuisse
2350 744 2461 808 pro
2530 724 2923 787 συναίτια
2956 768 2983 799 ,

564 836 640 895 ut
698 836 868 895 recte
928 830 1149 895 eodem
1213 850 1402 895 sensu
1468 831 1727 915 scripsit
1790 830 1910 894 sub
1972 827 2104 894 litt.
2170 826 2221 896 O
2285 836 2348 894 et
2392 831 2564 895 infra
2612 828 2696 895 ‘76
2714 828 2791 906 D,
2842 834 2987 895 aut

564 935 1006 1014 μεταίτιαι,
1048 935 1216 1021 quod
1255 936 1429 1002 idem
1471 934 1813 1021 significat.
1854 934 2094 1001 Nullus
2134 938 2307 1001 enim
2349 939 2617 1021 scriptor
2654 932 2985 1013 Graecus,

565 1043 729 1108 bona
789 1041 1019 1107 saltem
1083 1048 1324 1121 aetate,
1391 1045 1892 1127 praepositiones
1944 1041 2055 1107 σύν
2104 1049 2169 1108 et
2214 1043 2380 1119 μετα
2432 1041 2818 1128 pleonastice
2866 1062 2985 1107 co-

565 1146 839 1234 pulavit.
904 1146 1088 1213 Nihil
1137 1149 1309 1213 enim
1359 1169 1518 1234 opus
1565 1148 1880 1214 affirmare
1926 1148 2411 1229 συμ-μετέχειν,
2460 1163 2979 1227 συμ-μεταλαμ·

562 1255 780 1333 βανεῒν
844 1252 1093 1339 aliaque
1156 1253 1367 1320 multa
1429 1275 1566 1320 esse
1632 1253 2089 1320 dissimillima.
2154 1256 2288 1321 Aut
2332 1257 2543 1341 igitur
2588 1254 2796 1332 fallor,
2842 1261 2977 1320 aut

563 1361 837 1447 vulgata
882 1367 1030 1425 nata
1077 1367 1176 1426 est
1220 1382 1297 1426 ex
1346 1363 1543 1427 variis
1589 1359 1975 1427 lectionibus
2021 1362 2310 1427 συναίτια
2359 1368 2425 1427 et
2470 1362 2793 1437 μεταίτια.

655 1578 832 1647 57Ε.
898 1582 984 1645 τοὶ
1048 1581 1158 1657 μὲν
1224 1578 1321 1646 οὖν
1385 1580 1491 1656 ἤδη
1555 1581 1691 1661 περὶ
1741 1582 1944 1646 αὐτῶν
1994 1581 2363 1661 εἴρηται,
2414 1579 2555 1661 πρὸς
2605 1579 2657 1645 δ’
2706 1580 2965 1654 ἐκείνοις

567 1685 657 1753 ἔτι
706 1686 942 1765 τάδε,
993 1688 1052 1750 ἐν
1105 1688 1217 1764 μὲν
1267 1688 1614 1763 ὁμαλότητι
1666 1688 1974 1765 μηδέποτε
2028 1687 2250 1753 ἐθέλειν
2298 1690 2528 1762 κίνησιν
2574 1683 2748 1752 εἶναι.

654 1794 1002 1859 Manifesto
1066 1793 1204 1859 hiat
1265 1797 1486 1860 oratio.
1545 1794 1796 1881 Quippe
1844 1801 1991 1880 post
2042 1800 2154 1861 aut
2199 1799 2347 1860 ante
2392 1794 2545 1860 τάδε
2590 1816 2669 1859 ex
2716 1800 2977 1859 antece-

566 1899 864 1966 dentibus
925 1900 1091 1966 nihil
1154 1908 1370 1966 mente
1431 1901 1718 1989 suppleri
1778 1907 1989 1988 potest
2034 1909 2288 1987 praeter
2334 1899 2604 1981 εἴρηται,
2654 1902 2975 1986 quamvis

567 2010 882 2073 sententia
950 2006 1238 2093 suppleri
1303 1998 1524 2074 iubeat
1591 2009 1819 2074 λεκτέα
1872 2014 2035 2089 (-ον),
2100 2016 2214 2073 aut
2275 2006 2453 2074 aliud
2512 2007 2668 2093 quid
2714 2005 2970 2073 simile.

569 2114 668 2183 Of.
716 2136 863 2182 v.c.
908 2114 1065 2181 65B
1115 2116 1216 2179 καὶ
1273 2116 1357 2179 τὰ
1404 2116 1519 2192 μὲν
1565 2116 1637 2190 δὴ
1688 2116 1856 2181 κοινοὶ
1904 2164 1918 2181 .
1952 2164 1965 2180 .
1996 2162 2011 2181 .
2053 2115 2277 2196 σχεδὸν
2325 2114 2593 2193 εἴρηται·
2644 2116 2727 2178 τὰ
2770 2114 2821 2178 δ’
2850 2164 2865 2177 .
2901 2161 2919 2177 .
2957 2162 2976 2179 .

571 2222 891 2299 πειρατέον
940 2224 1155 2287 εἰπεῖν.

660 2328 876 2394 Possis
938 2330 1136 2393 etiam
1199 2333 1444 2393 tentare
1505 2328 1594 2393 ἔτ’
1644 2328 1883 2393 ίστέα
1949 2328 2137 2407 τάδε,
2206 2327 2315 2393 sed
2372 2326 2527 2413 quid
2574 2325 2973 2412 philosopho

570 2434 718 2500 dare
755 2434 1068 2520 placuerit
1105 2436 1256 2499 sciri
1292 2438 1555 2519 nequit,
1597 2454 1794 2521 quare
1835 2435 2067 2502 editori
2092 2435 2367 2501 sufficiat
2391 2441 2609 2500 notare
2632 2432 2967 2499 lacunam.

663 2653 818 2723 650
858 2660 1020 2722 extr.
1064 2656 1183 2729 τὰς
1219 2656 1515 2736 Φλέβας,
1556 2649 1787 2736 οἷόνπερ
1827 2657 2163 2734 δοκίμια
2201 2663 2313 2732 τῆς
2353 2657 2643 2734 γλώττης
2690 2653 2974 2732 τεταμέ-

569 2787 676 2834 νας
725 2761 824 2827 ἐπὶ
879 2763 987 2836 τὴν
1035 2761 1308 2843 καρδίαν.

659 2870 946 2935 Pessime
993 2869 1238 2935 Burnet
1283 2889 1361 2934 ex
1409 2867 1465 2932 V
1510 2868 1689 2935 Stob.
1740 2867 1883 2936 Gal.
1932 2870 2207 2955 arripuit
2244 2889 2455 2935 seram
2494 2869 2767 2934 formam
2806 2867 2975 2933 δοκί-

567 3000 686 3055 μια
734 2998 849 3062 pro
888 2978 1106 3042 Attica
1155 2975 1577 3055 δοκιμεῒα,
1618 2996 1814 3060 quam
1852 2977 1985 3040 iam
2025 2975 2279 3041 Bekker
2316 2978 2556 3061 recepit
2594 2995 2674 3042 ex
2712 2973 2849 3041 cod.
2874 2975 2963 3040 A.

665 3177 819 3247 '700
873 3187 1035 3245 extr.
1106 3175 1224 3245 οἷον
1285 3179 1682 3258 σπόγγου.
1767 3179 1892 3246 Hic
1955 3187 2029 3246 ut
2093 3179 2471 3267 plerumque
2533 3179 2689 3246 alibi
2750 3181 2967 3245 forma

567 3284 995 3351 Hellenistica
1041 3286 1392 3352 substituta
1437 3293 1535 3352 est
1580 3308 1616 3352 a
1666 3287 1889 3353 scribis
1937 3308 2051 3372 pro
2098 3287 2314 3352 Attica
2361 3286 2762 3367 σφόγγον.

665 3504 837 3578 740,
901 3505 1029 3572 ὅθεν
1091 3507 1532 3587 συντονωτέραν
1592 3509 1708 3584 μὲν
1773 3507 1876 3572 καὶ
1932 3507 2387 3600 γλισχροτέραν
2438 3513 2693 3584 σαρκῶν,
2740 3519 2963 3582 μαλα-

568 3613 837 3694 κωτέραν
897 3615 962 3680 δὲ
1021 3614 1209 3680 ὀστῶν
1276 3613 1600 3694 ὑγροτέραν
1664 3638 1733 3678 τε
1802 3615 2105 3688 ἐκτήσατο
2172 3613 2433 3691 δύναμιν
2498 3617 2765 3691 νεῦρα·
2834 3605 2956 3685 οἷς

569 3723 1053 3803 συμπεριλαβὼν
1115 3723 1142 3788 ὃ
1205 3722 1332 3794 θεὸς
1393 3721 1548 3787 ὀστᾶ
1611 3721 1717 3786 καὶ
1777 3723 2005 3797 μυελὸν
2053 3720 2245 3794 δήσας
2295 3721 2440 3799 πρὸς
2490 3717 2747 3794 ἄλληλα
2798 3719 2962 3802 [νεύ-

467 3840 474 3844 “
568 3835 751 3915 ροις],
799 3830 969 3908 μετὰ
1019 3835 1230 3894 ταῦτα
1279 3827 1492 3907 σαρξὶν
1540 3827 1753 3892 πάντα
1798 3828 1966 3891 αὐτὰ
2019 3827 2574 3892 κατεσκίασεν
2622 3824 2862 3890 ἄνωθεν.

658 3937 825 4017 Quid
889 3957 1120 4022 quaeso
1183 3935 1547 4001 evidentius
1610 3955 1806 4019 quam
1844 3937 2063 4018 ipsam
2110 3932 2233 3998 loci
2282 3917 2813 4018 compositionem
2862 3953 2966 3997 ar·

567 4065 801 4130 guero,
863 4045 1226 4108 insiticium
1275 4063 1411 4107 esse
1461 4037 1718 4121 νεύροιςῗ
1782 4039 2160 4106 Rectissime
2208 4048 2427 4105 autem
2474 4045 2683 4125 spreta
2728 4045 2829 4104 est
2876 4041 2959 4106 ab

569 4149 920 4214 editoribus
983 4147 1117 4213 cod.
1177 4147 1228 4211 F
1291 4146 1479 4213 lectio
1541 4147 2034 4226 κατεσκέπασεν,
2083 4149 2731 4232 interpretamentum
2778 4147 2963 4212 verbi

568 4257 838 4341 genuini
885 4254 1318 4333 κατεσκίασεν,
1358 4258 1612 4341 saepius
1658 4255 1777 4320 hoc
1822 4275 2011 4320 sensu
2062 4254 2469 4319 occurrentis.

663 4455 820 4523 7613
867 4461 1028 4524 extr.
1079 4457 1426 4535 είλλόμε
1454 4482 1579 4524 νον
1625 4458 1871 4526 Burnet
1917 4461 2158 4544 recepit
2204 4479 2237 4524 e
2284 4457 2421 4526 cod.
2460 4457 2537 4538 V,
2576 4457 2747 4544 quod
2784 4460 2853 4524 in
2896 4460 2961 4524 A
