3246 5085
1266 347 1582 398 nolumus.
2412 299 2421 306 ’
2542 329 2676 396 245

277 513 632 580 consiliarii
691 517 1036 580 auctoritas
1094 517 1300 582 inesse
1362 515 1659 582 videatur
1690 514 1757 596 ¹).
1821 515 1991 581 Nam
2036 517 2128 581 sic
2173 517 2244 581 in
2289 515 2677 582 Phormione

271 623 495 687 iurisc.
569 641 731 707 „ego
778 642 939 706 quae
984 624 1053 686 in
1102 643 1236 687 rem
1287 627 1472 687 tuam
1519 624 1652 686 sint
1699 643 1771 687 ea
1815 621 2015 687 velim
2065 623 2301 688 facias’'
2355 671 2369 688 .
2401 670 2416 688 .
2446 672 2460 688 .
2512 643 2675 709 „ego

271 725 504 793 sedulo
574 728 744 793 hunc
815 727 1048 793 dixisse
1119 728 1347 794 credo‘'
1424 777 1440 793 .
1471 776 1530 793 ..
1604 749 1773 816 „ego
1845 727 2124 814 amplius
2193 729 2671 795 deliberandum

273 833 548 899 censeo’'
599 832 688 915 (lI
733 833 794 899 4.
825 833 886 912 9,
945 833 1048 912 13,
1102 831 1235 916 17).

366 940 557 1006 Prior
617 961 761 1026 pars
821 940 1047 1006 scholii
1108 939 1294 1006 valde
1359 946 1655 1027 suspecta
1717 948 1813 1008 est
1876 963 2027 1006 cum
2075 947 2335 1029 propter
2394 943 2671 1008 formam

271 1051 475 1124 („non
503 1083 584 1094 —
613 1045 764 1111 sed'’
806 1049 998 1112 toties
1038 1049 1434 1132 repetitum),
1476 1053 1617 1112 tum
1653 1050 1813 1132 quia
1847 1049 2070 1113 insunt
2095 1047 2334 1114 similia
2357 1049 2670 1134 quaedam

273 1158 468 1237 atque
527 1154 596 1216 in
657 1151 894 1218 Donati
957 1153 1056 1234 (l)
1119 1161 1186 1218 et
1252 1152 1369 1233 (3),
1436 1155 1675 1218 etenim
1738 1153 1873 1220 illic
1933 1153 2210 1241 legitur:
2263 1176 2453 1232 „nam
2500 1156 2670 1242 quod

275 1257 648 1336 „militem”
712 1265 778 1324 et
841 1257 1200 1338 „rivalem”
1265 1259 1467 1338 dixit,
1529 1260 1610 1325 ad
1674 1281 1816 1326 eam
1878 1282 2017 1326 rem
2074 1260 2287 1340 valet,
2336 1268 2411 1326 ut
2458 1265 2670 1348 magis

271 1363 714 1431 admittendus
775 1367 861 1430 sit
923 1387 1118 1452 quam
1182 1365 1685 1444 excludendus²',
1750 1373 1815 1432 et
1873 1369 1942 1431 in
2003 1366 2101 1449 (3)
2163 1367 2309 1433 vide
2355 1370 2667 1434 virtutem

270 1475 533 1557 poetae:
603 1493 772 1549 „non
841 1473 1006 1538 dixit
1076 1472 1309 1559 „peto”
1385 1473 1495 1538 sed
1561 1472 1895 1550 „censeo'',
1962 1477 2292 1559 tamquam
2355 1473 2487 1540 illis
2535 1478 2665 1540 iam

269 1577 568 1644 consulat
627 1585 862 1663 (comp.
925 1582 994 1644 in
1051 1578 1146 1659 (4)
1215 1579 1757 1672 „consiliarius'’),
1822 1601 1946 1644 non
2009 1600 2123 1665 pro
2169 1579 2382 1646 milite
2430 1580 2661 1667 agat’';

269 1684 544 1770 denique
583 1688 734 1771 quia
771 1685 1006 1751 fluctus
1041 1686 1206 1751 fiunt
1246 1689 1312 1750 in
1347 1685 1649 1771 simpulo.
1698 1683 2198 1771 Simplicissima
2236 1691 2548 1753 sententia
2571 1694 2669 1754 tot

269 1793 469 1858 verba
527 1814 651 1858 non
711 1795 1002 1878 requirit.
1071 1793 1168 1857 Ab
1232 1791 1434 1857 altera
1494 1798 1678 1878 parte
1723 1793 1965 1858 bonum
2011 1792 2383 1880 exemplum
2429 1797 2497 1859 in
2543 1793 2667 1860 fine

267 1896 522 1964 Donato
568 1889 850 1964 dandum
899 1899 1176 1964 videtur.
1271 1898 1441 1964 Hinc
1480 1898 1788 1964 concludo
1829 1906 2269 1964 commentum
2309 1899 2385 1966 de
2420 1902 2665 1966 virtute

267 2011 527 2092 poetae,
578 2027 739 2091 quae
781 2004 1084 2071 laudatur
1119 2008 1189 2070 in
1228 2005 1346 2086 (3),
1389 2004 1556 2070 nihil
1596 2004 1895 2071 habuisse
1934 2011 2180 2090 praeter
2217 2004 2283 2070 id
2320 2005 2490 2091 quod
2525 2004 2663 2071 illic

266 2110 518 2199 legitur
585 2112 662 2178 de
721 2113 917 2178 verbo
983 2113 1312 2191 „censeo'',
1381 2119 1446 2178 et
1505 2115 1574 2176 in
1636 2112 1734 2193 (4)
1797 2113 1917 2177 sub
1978 2112 2087 2176 fin.
2148 2113 2226 2176 de
2285 2116 2663 2197 pronomine

269 2218 503 2304 „ego''.
573 2218 731 2285 Post
798 2217 894 2300 (3)
965 2221 1170 2305 igitur
1229 2217 1308 2283 D.
1373 2221 1465 2283 sic
1527 2219 1845 2305 perrexit:
1912 2216 2094 2298 Quod
2157 2218 2365 2304 „ego”
2414 2217 2662 2283 addidit

265 2345 476 2401 nunc,
533 2329 685 2390 cett.
737 2362 820 2373 -
877 2324 1144 2403 Verba,
1145 2329 1244 2403 ,ut
1293 2327 1362 2388 in
1407 2325 1528 2389 hoc
1579 2375 1594 2390 .
1628 2372 1643 2388 .
1672 2372 1687 2389 .
1736 2324 2099 2401 videatuff’,
2148 2345 2310 2410 quae
2352 2324 2657 2392 Wessn.

265 2429 396 2495 alia
435 2430 512 2495 de
557 2450 746 2496 causa
788 2433 1034 2496 uncinis
1071 2429 1366 2508 inclusit,
1408 2431 1486 2496 ab
1526 2431 1750 2496 eodem
1790 2429 2253 2516 Interpolatore
2291 2433 2531 2498 inserta
2568 2436 2661 2499 vi-

266 2537 520 2615 dentur,
565 2535 867 2629 lectorem
914 2542 1250 2604 revocante
1295 2537 1374 2622 ad
1419 2537 1486 2603 id
1533 2537 1705 2624 quod
1752 2538 1981 2616 dixit,
1981 2545 2083 2615 ,ut
2127 2537 2595 2606 consiliarius’ss

359 2644 521 2709 Ibid.
573 2642 658 2708 49
729 2642 974 2709 Fatuus
1022 2651 1154 2722 est,
1202 2644 1524 2722 insulsus,
1569 2644 1820 2723 tarduS,
1861 2647 2075 2710 stertit
2117 2650 2336 2710 noctes
2375 2653 2440 2711 et
2478 2645 2613 2712 dies

359 2750 518 2831 (l),
517 2749 788 2828 ,Fatuus
833 2749 973 2815 est''
1021 2751 1143 2815 hoc
1181 2758 1276 2816 est
1318 2750 1823 2835 „”opportunus.
1963 2749 2480 2831 (2)„”1nsulsus
2521 2755 2656 2818 sine

261 2854 394 2922 sale
441 2863 505 2921 et
552 2860 867 2941 sapientia
915 2894 996 2906 —
1047 2863 1160 2921 aut
1205 2860 1341 2922 sine
1387 2856 1557 2922 saltu
1596 2878 1669 2922 ac
1708 2856 2037 2922 facilitate.
2179 2856 2651 2937 (3)„'1'ardus’'

259 2965 330 3027 in
393 2983 690 3028 venerem
753 2960 1017 3029 scilicet.
1180 2962 1278 3044 (4)
1330 2962 1645 3041 „Stertit”
1697 2961 1845 3048 plus
1891 2962 2058 3027 dixit
2107 2962 2407 3039 „stertit”
2458 2985 2653 3049 quam

264 3069 614 3147 „dormit’'.
754 3068 852 3153 (5)
907 3069 1303 3154 „Noctesque
1352 3068 1493 3153 (sic)
1539 3074 1603 3133 et
1652 3068 1828 3133 dies”
1872 3066 2021 3153 plus
2061 3067 2414 3153 significat,
2457 3091 2651 3154 quam

262 3178 318 3239 si
360 3174 694 3252 (diceret)
737 3175 1005 3251 „diebus
1045 3183 1109 3240 et
1147 3174 1508 3239 noctibus'’.
1649 3173 1809 3254 (6),
1806 3173 2079 3251 ,Fatuus
2116 3178 2333 3260 inepta
2364 3174 2651 3261 loquens.

263 3303 302 3348 a
363 3281 614 3347 fando
677 3280 924 3347 Fatuus
971 3280 1229 3358 dicitur,
1278 3280 1428 3346 inde
1473 3280 1681 3347 Fauni
1726 3279 1975 3345 Fatui
2024 3285 2088 3346 et
2134 3280 2480 3368 Nymphae
2526 3283 2655 3349 Fa-

263 3394 349 3452 tu
371 3408 458 3453 ae
515 3394 776 3454 vocatae
829 3394 998 3454 sunt.
1184 3385 1279 3468 (¹7)
1331 3386 1618 3466 „Fatuus
1668 3386 1807 3453 est”
1862 3387 2076 3452 verbis
2123 3408 2195 3453 ac
2242 3386 2463 3467 dictis,
2517 3392 2653 3467 „in-

261 3492 521 3559 sulsus''
605 3493 791 3559 corde
858 3500 1072 3584 atque·
1117 3496 1369 3571 animo,
1456 3492 1763 3571 „tardus”
1836 3512 2097 3579 corpore
2167 3514 2239 3558 ac
2308 3496 2651 3576 membris,

265 3602 566 3686 quamvis
627 3602 826 3666 etiam
885 3599 1220 3665 intellectu
1273 3599 1486 3665 tardos
1532 3598 1855 3676 dicamus,
1905 3602 2017 3685 qui
2062 3598 2253 3665 stulti
2296 3608 2468 3667 sunt.

262 3704 363 3787 (8)
423 3704 546 3771 Sed
608 3705 841 3771 melius
905 3713 1002 3771 est
1060 3708 1152 3770 sic
1211 3703 1532 3790 intelligi,
1599 3711 1675 3770 ut
1736 3725 1809 3770 ea
1873 3708 2032 3770 vitia
2081 3704 2288 3771 dicere
2338 3706 2650 3787 videatur,

260 3833 426 3900 quae
483 3811 895 3879 inamabilem
959 3812 1196 3877 faciant
1255 3816 1452 3878 etiam
1503 3812 1779 3878 divitem
1826 3810 2211 3898 largumque
2260 3816 2648 3880 amatorem:

257 3940 415 3985 nam
479 3925 594 3984 aut
651 3920 847 3985 verba
908 3918 1392 3995 commendant,
1458 3926 1534 3983 ut
1601 3919 2001 4004 „pendetque
2047 3924 2287 3983 iterum
2336 3924 2652 3986 narrantis

259 4026 341 4091 ab
403 4024 552 4090 ore''
618 4025 801 4109 (Aen.
866 4024 951 4089 IV
1003 4024 1116 4108 79)
1180 4025 1313 4107 [hic
1375 4025 1590 4089 fatuus
1655 4028 1801 4108 est-J,
1866 4038 1979 4089 aut
2027 4027 2341 4110 sapientia
2385 4033 2648 4113 gratum

255 4133 445 4211 facit,
495 4138 570 4197 ut
618 4130 872 4210 „multa
934 4134 1060 4197 viri
1120 4134 1331 4197 virtus
1394 4130 1654 4196 animo''
1713 4130 1894 4209 (ibid.
1944 4129 2011 4212 3)
2076 4134 2168 4214 [et
2215 4132 2319 4196 hic
2364 4132 2651 4199 insulsus

254 4242 410 4323 est].
593 4236 693 4319 (9)
765 4236 890 4303 Sed
958 4239 1125 4303 mihi
1184 4237 1444 4303 videtur
1504 4236 1835 4301 fatuum
1898 4236 2140 4315 dicere,
2214 4240 2325 4323 qui
2392 4244 2646 4304 tantum

329 4486 382 4549 1)
417 4486 488 4534 Dc
521 4482 608 4533 hac
641 4482 912 4549 parenthesi
947 4484 1052 4533 vide
1092 4483 1317 4532 Wessn.
1355 4483 1404 4531 in
1438 4486 1580 4547 App„
1616 4484 1662 4531 et
1698 4496 1819 4545 quac
1852 4480 1979 4530 infra
2010 4481 2275 4547 disputabo.
