3246 5085
1297 340 1675 393 rumorum.
2220 294 2230 301 ’
2545 332 2671 397 155

287 528 364 572 ex
426 504 712 593 Diogene
771 507 1026 573 Laertio
1083 505 1233 571 VIII
1282 505 1367 571 46
1425 511 1491 572 et
1536 506 1877 574 Iamblichi
1925 512 2061 575 vita
2107 510 2518 599 Pythagorae
2565 535 2669 578 ex·

287 620 515 678 trema.
579 612 703 679 Sed
767 613 937 699 apud
996 612 1336 679 Platonem
1381 634 1568 699 saepe
1615 614 1831 680 addita
1877 618 2157 700 reperias
2205 638 2365 703 quae
2412 619 2481 683 in
2524 640 2667 685 vera

285 721 414 783 vita
457 739 648 785 nemo
693 719 1061 785 addidisset.
1110 718 1330 784 Veluti
1367 722 1435 784 in
1475 716 1845 805 Terpsionis
1885 722 2099 787 verbis
2140 721 2398 789 Theaet.
2432 724 2667 792 1420:

287 831 416 897 πῶς
476 828 582 889 οὐκ
645 827 833 890 αὐτοῦ
898 833 1275 904 Μεγαροῖ
1335 826 1671 904 κατέλυεν;
1738 826 1915 891 urbis
1976 848 2209 893 nomen
2271 824 2525 913 praeter
2576 832 2671 895 rei

280 933 624 995 veritatem
685 930 1079 1016 adscriptum
1143 936 1258 996 est.
1323 930 1517 997 Initio
1579 930 2021 997 parmenidis:
2068 934 2319 1008 Ἐπειδὴ
2373 934 2676 1017 'AM-aa&

279 1034 504 1100 οἴκοθεν
566 1037 652 1101 ἐκ
699 1036 1237 1117 Κλαζομενῶν
1294 1036 1691 1117 ἀφικόμεθα,
1745 1040 1964 1122 potuit
2008 1037 2127 1104 hoc
2174 1039 2410 1106 sciolus
2456 1042 2676 1106 rescis-

283 1162 424 1206 cere
461 1162 541 1206 ex
577 1144 662 1206 iis
699 1162 862 1227 quae
899 1142 1080 1207 brevi
1116 1145 1262 1227 post
1301 1142 1627 1207 dicuutur.
1669 1140 1903 1207 Itidem
1928 1144 1996 1207 in
2023 1143 2282 1210 exordio
2308 1146 2671 1232 Symposii:

282 1245 505 1311 οἴκοθεν
567 1248 742 1311 ἀνιὼν
801 1248 1292 1326 Φαληρόθεν,
1358 1253 1757 1332 postremum
1806 1248 2197 1315 vocabulum
2245 1272 2370 1315 non
2413 1250 2673 1316 videtur

280 1354 489 1437 ipsius
546 1351 850 1417 Platonis.
914 1350 1039 1417 Sed
1088 1350 1560 1437 Apollodorum
1607 1353 1952 1419 familiaris
2000 1354 2261 1439 quidem
2308 1355 2517 1426 ὄπισθε
2567 1380 2678 1421 κα-

278 1459 456 1523 τιδὼν
504 1458 792 1535 πόρρωθεν
840 1458 1102 1522 ἐκάλεσε
1151 1458 1252 1523 καὶ
1303 1456 1542 1539 παίζων
1589 1456 1735 1534 ἅμα
1783 1469 1861 1540 τῇ
1912 1460 2146 1539 κλήσει,
2201 1462 2278 1526 ‘O
2325 1462 2663 1541 Φαληρεύς,

279 1560 443 1643 ἔφη,
507 1559 677 1634 οὖτος
739 1562 1338 1643 Ἀπολλόδωρος
1402 1565 1470 1628 οὖ
1531 1573 1907 1644 reflaturam
1960 1564 2430 1646 Quaesiverunt
2472 1570 2667 1633 iuter-

277 1674 492 1755 pretes
550 1669 708 1755 quid,
748 1675 915 1734 esset
960 1672 1026 1733 in
1075 1670 1176 1734 his
1221 1670 1470 1734 festivi:
1519 1669 1898 1755 intelligent
1944 1672 2208 1737 fortasse
2250 1671 2511 1737 inducto
2558 1694 2665 1737 no-

280 1776 458 1839 mine
506 1777 780 1859 proprio.
844 1773 978 1839 Nos
1023 1780 1190 1839 certe
1237 1772 1470 1839 Batavi
1516 1774 1691 1839 haud
1738 1775 2024 1840 multum
2074 1776 2376 1841 dissimili
2423 1780 2667 1843 ratione

277 1879 609 1945 interdum
671 1882 980 1958 iocamur,
1047 1878 1156 1944 sed
1218 1879 1454 1965 diguus
1500 1886 1596 1943 est
1644 1886 1859 1945 tamen
1907 1884 2019 1967 qui
2067 1883 2427 1947 conferatur
2470 1882 2673 1947 Retti·

275 1988 429 2072 gius
489 2006 553 2070 p.
588 1983 694 2063 56,
759 1988 863 2050 cui
923 1984 1154 2049 itidem
1216 1986 1553 2069 proprium
1613 2006 1849 2051 nomeu
1913 1985 2207 2052 additum
2272 1987 2668 2072 displicebat.

282 2090 470 2156 Nunc
515 2092 852 2156 veniamus
897 2090 975 2155 ad
1021 2090 1280 2155 Menon.
1334 2088 1418 2155 70
1436 2090 1510 2169 B,
1558 2090 1672 2154 ubi
1719 2089 1996 2157 offendor
2034 2091 2134 2156 his
2174 2093 2385 2159 verbis
2406 2115 2433 2173 ε,
2466 2095 2517 2157 οἱ
2556 2096 2667 2158 τοῦ

279 2201 390 2262 σοῦ
452 2196 686 2274 ἑταίρου
745 2196 1110 2275 ’Anteia-mv
1170 2202 1422 2259 πολῖται
1492 2204 1835 2273 Λαρισαῖοι.
1902 2196 2231 2264 Ultimum
2278 2198 2665 2265 vocabulum

278 2304 735 2387 expunxerim,
797 2322 946 2367 nam
1011 2299 1200 2367 Plato
1247 2322 1377 2366 non
1427 2303 1746 2367 omisisset
1790 2302 2135 2367 articulum
2186 2306 2667 2389 scripsissetque

282 2408 437 2474 adeo
499 2410 549 2472 οἱ
613 2414 870 2472 πολῖται
933 2408 983 2471 οἱ
1033 2415 1358 2485 Λαρισαῖοι
1408 2412 1474 2472 et
1520 2414 1847 2491 praeterea
1892 2408 2177 2494 plerique
2225 2407 2483 2476 Codices
2532 2420 2667 2475 Aa·

273 2514 505 2596 ρισαίου
544 2514 808 2579 habeut:
850 2515 1136 2598 persuasi
1175 2512 1292 2578 hoc
1324 2511 1651 2578 Schanzio.
1694 2510 1819 2578 Sed
1842 2515 2046 2598 ipsius
2061 2504 2319 2600 'quoque
2344 2516 2660 2601 Aristippi

275 2641 508 2687 nomeu
569 2641 606 2685 a
668 2619 840 2686 mala
899 2641 1100 2684 manu
1155 2622 1226 2684 iu
1288 2623 1544 2684 textum
1602 2618 2066 2704 interpolatum
2130 2642 2264 2686 esse
2326 2625 2658 2700 existimo,

280 2727 655 2792 desumtum
717 2747 798 2792 ex
855 2728 938 2790 iis
996 2745 1156 2810 quae
1205 2724 1496 2792 Socrates
1543 2726 1762 2811 pergit
1810 2725 2018 2791 dicere
2066 2725 2143 2790 de
2189 2724 2465 2813 Gorgia:
2514 2730 2664 2805 άφι-

277 2833 533 2909 πιόμενος
593 2832 746 2920 γάρ,
782 2833 871 2903 εἰς
931 2831 1042 2905 τὴν
1106 2831 1281 2895 πόλιν
1341 2831 1570 2910 ε’ραςὰς
1619 2831 1719 2894 ἐπὶ
1769 2833 1965 2913 σοφία
2012 2831 2268 2910 εἴληφεν
2315 2833 2664 2897 Ἀλευαδῶν

274 2941 422 3009 τοὺς
470 2939 755 3017 πρώτους,
805 2933 882 3002 ὧν
928 2938 955 3001 ὃ
1005 2937 1109 3008 σὸς
1157 2937 1378 3017 ἔμας-ἥς
1429 2939 1549 3005 ἕςιν
1599 2935 2003 3016 ’Apis-maroc,
2053 2940 2121 3001 in
2170 2938 2403 3022 quibus
2450 2943 2667 3003 tamen

277 3042 621 3128 displicent
665 3043 859 3109 verba
905 3044 932 3106 ὅ
981 3041 1086 3113 σὸς
1136 3043 1392 3120 eneae,
1441 3042 1592 3108 vide
1638 3064 1701 3127 p.
1755 3039 1933 3108 7613.

372 3148 500 3214 Sed
554 3145 748 3214 misso
811 3147 1237 3233 Xenophonte
1298 3147 1374 3213 de
1437 3151 1619 3212 cuius
1682 3145 1819 3212 loco
1882 3147 2155 3213 Memor.
2221 3148 2283 3214 2.
2314 3146 2374 3214 7.
2404 3147 2466 3226 6,
2532 3148 2669 3214 dixi

281 3255 506 3319 Mnem.
561 3251 734 3319 1897
796 3275 859 3339 p.
912 3251 1018 3330 67,
1081 3255 1221 3339 ipso
1283 3253 1552 3319 Platone
1613 3253 1875 3318 florente
1940 3252 2099 3319 tales
2146 3253 2469 3341 glossulas
2515 3276 2664 3320 cum

278 3363 566 3448 genuino
627 3365 809 3424 textu
871 3364 1217 3444 potuerunt
1277 3358 1626 3424 coalescere
1645 3379 1662 3436 3
1734 3359 1839 3423 hic
1899 3381 2024 3424 non
2084 3366 2232 3425 utar
2293 3363 2664 3426 testimonio

280 3466 451 3553 quod
513 3467 694 3531 nobis
753 3467 821 3531 in
883 3464 1192 3551 Epistolis
1255 3470 1544 3549 superest
1608 3463 1729 3528 VII
1793 3463 1918 3529 341
1951 3462 2037 3531 C:
2100 3468 2308 3531 οὐκοῦν
2371 3467 2515 3543 ἐμόν
2577 3490 2655 3543 γε

281 3574 416 3649 περὶ
489 3573 690 3636 αὐτῶν
761 3572 848 3638 ἐς)
922 3575 1331 3650 σύγγραμμα
1400 3569 1532 3635 οὐδὲ
1593 3571 1838 3646 μήποτε
1900 3569 2193 3649 γένηται,
2256 3570 2364 3636 sed
2426 3570 2659 3636 Suidae

277 3677 459 3744 locus
519 3683 616 3742 est
676 3698 741 3744 v.
806 3680 1046 3754 άγαθοῦ
1112 3677 1430 3749 δαίμονος·
1500 3677 1635 3754 περὶ
1693 3678 1975 3754 τάγαθοῦ
2037 3676 2291 3753 βιβλίον
2344 3675 2662 3751 συντάξας

303 3782 697 3861 ’Am-oriam
758 3783 878 3854 τάς
936 3782 1266 3864 άγράφους
1328 3786 1436 3846 τοῦ
1505 3783 1836 3854 Πλάτωνος
1900 3779 2085 3855 δόξας
2146 3782 2205 3846 ἑν
2253 3783 2421 3863 αὐτῷ
2470 3807 2672 3846 κατα-

279 3889 536 3954 τάττει·
600 3889 704 3951 καὶ
759 3889 1072 3963 μέμνηται
1137 3892 1242 3952 τοῦ
1303 3886 1751 3964 συντάγματος
1800 3888 1857 3950 ἐν
1908 3889 1991 3965 τῷ
2038 3889 2169 3967 περὶ
2222 3892 2475 3968 ψυχῆς,
2527 3889 2669 3953 ἐπο-

273 3993 550 4073 νομάζων
626 3992 788 4058 ἀὐτὸ
870 3993 1004 4072 περὶ
1088 3993 1494 4072 Φιλοσοφίας.
1581 3992 1655 4057 In
1736 3993 2115 4059 lectionibus
2188 3999 2407 4059 autem
2476 3994 2663 4062 Plato

270 4101 537 4166 uberius
609 4104 908 4164 tractasse
973 4097 1258 4176 videtur,
1332 4118 1492 4182 quae
1562 4085 1630 4162 in
1698 4101 1953 4184 scriptis
2025 4099 2325 4184 operibus
2385 4104 2663 4167 strictim

269 4208 614 4288 attigerat:
677 4202 825 4268 inde
889 4204 1150 4268 fluxisse
1200 4206 1490 4288 suspicor
1536 4204 1709 4288 quod
1757 4204 2125 4269 Athenaeus
2169 4204 2360 4270 habet
2406 4228 2468 4291 p.
2520 4205 2663 4272 4F:

269 4315 331 4377 ἐν
380 4315 461 4388 τῷ
513 4311 844 4388 Συμποσίῳ
893 4311 1225 4380 Πλάτωνος
1273 4309 1455 4373 εἴκοσι
1506 4308 1659 4372 ὀκτὼ
1713 4305 1861 4382 ἦσαν
1904 4309 2234 4376 convivae.
2283 4309 2469 4376 Illinc
2508 4332 2659 4395 quo-

269 4439 396 4504 que
457 4414 625 4481 illud
685 4422 782 4482 est
844 4415 1014 4500 quod
1069 4413 1408 4481 scholiasta
1451 4415 1787 4501 adscripsit
1834 4415 1913 4481 ad
1958 4415 2297 4482 Timaeum
2344 4438 2407 4501 p.
2456 4415 2650 4482 2213:
