3246 5085
1228 326 1593 377 rnocorms.
2479 305 2608 375 331

243 493 335 558 καὶ
396 499 431 570 ἦ
492 493 758 567 σύνοικος
804 495 873 560 ἐκ
919 497 1028 560 τοῦ
1076 493 1179 560 ἐπ’)
1232 502 1527 561 πλεῖστον
1576 491 2210 573 διαλαγχάνειν
2257 491 2372 571 μὲν
2417 493 2613 572 ἀλλή-

238 617 346 666 λοιν
401 603 516 668 τῶν
579 601 1029 683 διαφερομένων
1090 602 1463 674 ἐσκήπτοντο
1483 649 1501 680 ,
1558 601 1728 668 ἐνίκα
1776 600 1840 667 δὲ
1889 599 1974 665 τὰ
2023 599 2082 664 ἐν
2131 600 2346 680 σφίσιν
2393 601 2606 674 αὐτοῖς

236 710 368 788 ὑπὲρ
416 709 643 774 τούτων
702 707 1107 788 ξυγκείμενα,
1159 707 1237 776 de
1282 707 1461 794 quali
1510 708 1846 775 amborum
1895 705 2312 774 simulatione
2357 710 2612 794 saepius

236 816 573 902 Procopius
620 817 934 901 queritur.

319 922 561 988 Locum
605 927 981 1009 corruptum
1030 943 1155 988 non
1200 926 1499 1008 persanat
1547 919 1800 988 Reiskii
1857 923 2222 987 coniectura
2281 923 2620 988 inserentis

238 1028 371 1106 ὑπὲρ
412 1034 559 1095 ante
596 1035 713 1094 τῶν
756 1027 1225 1108 διαφερομένων,
1268 1049 1590 1114 nusquam
1629 1027 1858 1094 saltem
1897 1027 2365 1110 διαλαγχάνειν
2391 1029 2620 1111 discep-

234 1137 399 1200 tandi
456 1157 649 1202 sensu
708 1135 845 1202 vidi
888 1140 1299 1222 usurpatum.
1346 1135 1505 1201 Vide
1555 1156 1636 1201 an
1685 1135 2094 1202 scribendum
2143 1137 2230 1200 sit
2275 1133 2619 1211 διαλαμ-

238 1241 509 1319 βάνειν
572 1243 1001 1327 (considerare)
1060 1243 1175 1322 μὲν
1226 1239 1385 1333 (ἐν)
1437 1243 1739 1318 ἀλλήλοιν
1789 1238 2012 1329 (ἀμφὶ
2082 1239 2190 1310 vel
2247 1242 2432 1332 περὶ)
2499 1246 2616 1307 τῶν

239 1349 671 1430 διαφερομένων
721 1349 850 1417 κτὲ.

316 1553 462 1642 Gap.
508 1553 662 1622 XIV
708 1557 745 1642 ξ
769 1553 879 1622 22.
944 1553 1223 1620 κλέπτων
1284 1554 1410 1635 γὰρ
1477 1552 1575 1620 cis)
1641 1555 1744 1634 ἐφ’
1812 1551 2075 1635 ἑκάτερα
2121 1557 2238 1620 τῶν
2287 1551 2388 1618 ἐπ’
2436 1551 2604 1632 αὐτῷ

238 1687 280 1726 τ
296 1686 367 1742 ρο
382 1687 418 1728 σ
434 1687 473 1728 τ
487 1687 517 1728 ε
536 1665 567 1727 0
584 1687 627 1728 α
644 1686 718 1744 ρρ
737 1687 769 1736 n
790 1687 828 1727 κ
846 1661 877 1730 ό
894 1685 932 1726 τ
948 1687 991 1727 ω
1008 1686 1039 1726 ν
1100 1661 1414 1739 ὀλιγωρεῖν
1479 1685 1548 1727 τε
1612 1661 1716 1726 καὶ
1783 1661 1898 1726 ἀπ’
1947 1660 2250 1732 irari-lac
2313 1657 2464 1726 ἱέναι
2515 1661 2608 1725 οὐ·

237 1769 396 1846 δαμῆ
456 1769 761 1850 αἰσχύνην
826 1767 1181 1834 ὑπώπτευεν
1243 1763 1421 1834 εἶναι.
1486 1767 1768 1855 Requiro
1815 1791 1864 1833 α·
1882 1792 1914 1850 ρ
1928 1793 1956 1834 ο
1975 1792 2014 1833 τ
2031 1793 2060 1834 ε
2079 1769 2108 1834 0
2127 1791 2168 1832 α
2187 1790 2218 1847 ρ
2234 1790 2265 1847 ρ
2283 1791 2316 1841 n
2336 1791 2373 1832 κ
2391 1765 2422 1831 ό
2439 1791 2476 1832 τ
2494 1791 2536 1831 ω
2556 1790 2608 1834 ν.

236 1875 584 1962 Utrumque
631 1876 1060 1964 compositum
1108 1875 1288 1942 abest
1333 1895 1371 1942 a
1414 1873 1661 1941 lexicis.

321 2093 467 2183 Cap.
515 2096 635 2163 XV
684 2096 855 2182 521.
918 2095 1307 2176 ἐγκλήματα
1372 2119 1443 2161 τε
1508 2096 1762 2173 ἠκούετο
1826 2098 2054 2171 πλῆθος
2105 2094 2210 2160 καὶ
2259 2095 2616 2162 καταλύ-

235 2225 413 2277 σεως
454 2204 588 2284 πέρι
628 2211 746 2270 τῶν
786 2203 1198 2279 κατῆκόων
1242 2203 1583 2287 [ληΐζεσθαι
1621 2201 1745 2270 del.
1779 2201 2204 2288 Alemannus]
2229 2203 2611 2284 δικαστήριον

236 2304 319 2381 ἦν.
379 2311 581 2377 Probe
641 2310 1027 2398 intellegens
1088 2330 1276 2377 sensu
1339 2331 1515 2377 cassa
1576 2331 1711 2376 esse
1775 2311 1968 2376 verba
2033 2310 2438 2382 καταλύσεως
2490 2315 2606 2374 τῶν

235 2417 533 2492 κατηκόων
596 2421 1053 2504 sagacissimus
1107 2417 1331 2496 editor,
1380 2417 1576 2485 solito
1623 2420 1840 2484 minus
1885 2417 2040 2492 felix
2087 2418 2214 2484 fuit
2259 2440 2373 2506 pro
2420 2441 2608 2491 κατη-

236 2525 371 2591 κόων
432 2529 587 2593 satis
648 2525 961 2594 violenter
1018 2528 1089 2593 in
1151 2529 1338 2592 textu
1399 2525 1477 2592 de
1523 2547 1642 2592 suo
1699 2546 2008 2612 reponens
2054 2527 2601 2593 καθεστώτων.

232 2632 363 2699 Non
405 2636 578 2700 enim
624 2636 735 2720 agi
780 2635 843 2699 h.
870 2633 917 2699 l.
967 2632 1045 2699 de
1090 2634 1468 2697 subversione
1512 2633 1605 2697 rei
1639 2633 1947 2716 publicae,
1993 2632 2100 2699 sed
2153 2633 2230 2699 de
2268 2632 2606 2716 direptione

231 2740 583 2805 subditorum
628 2732 871 2826 (itnque
916 2740 993 2806 de
1040 2739 1297 2825 iudiciis
1344 2738 1421 2805 de
1480 2740 1878 2822 repetundis),
1931 2742 2088 2805 satis
2138 2742 2272 2805 iam
2327 2737 2608 2803 declarat

230 2845 539 2931 glossema
577 2845 917 2928 ληΐζεσθαι,
959 2846 1128 2912 unde
1167 2844 1528 2912 luculenter
1565 2852 1830 2932 apparet
1869 2846 2178 2933 Procopio
2212 2844 2608 2910 reddendum

236 2972 389 3018 esse:
435 2952 1015 3027 καταληΐσεως
1064 2951 1197 3033 πέρι
1246 2955 1364 3017 τῶν
1412 2951 1748 3032 κατηκόων,
1800 2950 1877 3018 de
1921 2973 2046 3037 quo
2095 2950 2328 3017 scelere
2367 2953 2608 3037 passim

234 3080 427 3126 sermo
486 3058 561 3125 fit
618 3062 685 3124 in
748 3058 1113 3129 Anecdotis.
1176 3059 1273 3125 Ne
1335 3059 1412 3126 de
1477 3062 1855 3145 composito,
1921 3079 2047 3146 quo
2107 3058 2313 3125 lexica
2358 3062 2608 3137 carent,

234 3164 507 3245 dubites,
558 3165 877 3232 suffecerit
921 3164 1184 3232 laudare
1230 3167 1447 3251 ipsum
1488 3164 1876 3252 Procopium
1916 3186 2051 3252 cap.
2094 3164 2177 3231 21
2221 3165 2364 3252 §21
2408 3165 2613 3241 μισόσ-

232 3272 399 3353 Φόρος
446 3271 690 3349 ἐξουσία
721 3309 806 3321 -
833 3271 1518 3353 καταληΐζομένη
1570 3274 1710 3345 τοὺς
1757 3273 2073 3347 ὑπηκόους.
2124 3273 2352 3339 Aetate
2391 3276 2610 3339 autem

232 3378 577 3466 Byzantina
623 3385 971 3466 utrumque
1016 3377 1409 3463 vocabulum
1454 3379 1630 3445 idem
1677 3379 1808 3445 fere
1855 3380 2134 3446 sonebat.

310 3598 465 3686 Gap.
514 3597 700 3664 XVII
746 3597 915 3684 §1st
981 3598 1303 3680 ἐτύγχανε
1365 3598 1427 3663 δὲ
1491 3598 1878 3681 (Theodora)
1941 3599 2088 3665 ὑπό
2148 3624 2254 3665 του
2311 3598 2600 3673 κυήσασα

228 3712 335 3770 τῶν
382 3708 675 3785 ἐραστῶν.
722 3704 894 3769 Fieri
940 3709 1149 3792 potest
1192 3710 1269 3770 ut
1315 3710 1484 3771 recte
1524 3705 1756 3772 habeat
1791 3706 1909 3773 ὑπό
1925 3756 1941 3785 ,
1983 3709 2278 3792 quamvis
2317 3710 2608 3790 expectes

228 3816 433 3898 potius
494 3811 691 3890 ἀπό,
757 3817 831 3876 ut
892 3817 1141 3877 veteres
1206 3810 1414 3877 dicere
1477 3809 1692 3878 solent
1738 3821 1904 3878 κυεῖν
1951 3810 2020 3877 ἔκ
2067 3835 2245 3884 τινος.
2294 3810 2480 3876 Nihil
2527 3812 2614 3876 af-

222 3917 421 3983 firmo.
472 3952 559 3967 —-
606 3915 855 3982 Ibidem
903 3916 1051 4001 §30
1100 3915 1336 3982 melius
1376 3916 1583 3982 editor
1625 3919 1746 4001 sibi
1789 3919 2201 3994 constitisset,
2241 3918 2298 3981 si
2337 3923 2415 3979 ut
2453 3913 2612 3981 alibi

224 4030 385 4090 recte
446 4023 653 4089 facere
714 4021 879 4088 solet
926 4044 959 4088 e
1008 4021 1195 4088 libris
1240 4026 1603 4109 scripsisset
1651 4021 1802 4087 ἄπο
1853 4028 1992 4109 (pro
2040 4023 2196 4104 ἀπὸ)
2239 4026 2345 4087 τοῦ
2395 4022 2608 4101 ανδρω-

220 4132 384 4196 τείου
431 4127 678 4210 τρόπου.
733 4164 819 4177 -
868 4127 1014 4215 §27
1066 4129 1238 4195 haud
1287 4129 1482 4195 dubie
1531 4149 1685 4197 vera
1731 4135 1830 4195 est
1879 4129 2125 4195 Reiskii
2168 4132 2472 4195 correctio
2517 4130 2605 4207 μὴ

221 4239 400 4309 καλὸς
468 4235 836 4312 κάγαθός
898 4242 1039 4322 (pro
1087 4236 1119 4311 ἢ
1170 4235 1510 4317 ἀγαθός)
1559 4260 1650 4308 τις
1702 4236 1730 4300 ὅ
1779 4240 1847 4301 τὸ
1900 4236 2151 4313 ἀξίωμα
2201 4241 2427 4312 μετιὼν
2480 4234 2594 4310 εἴη.

223 4343 373 4410 'l'am
434 4344 593 4410 haec
653 4363 847 4428 quam
902 4342 1064 4409 alise
1111 4344 1424 4429 quaedam
1470 4345 1716 4409 summi
1764 4344 1970 4408 critici
2018 4342 2492 4409 emendationes
2537 4346 2604 4407 in

222 4456 377 4521 notis
436 4456 977 4521 commemoratae
1040 4450 1273 4538 dignae
1332 4452 1585 4519 fuerent
1647 4471 1810 4538 quae
1868 4454 1938 4516 in
1982 4472 2150 4521 novo
2199 4455 2382 4517 textu
2429 4449 2598 4537 lege·
