3246 5085
1258 347 1567 396 nonnus.
2516 331 2601 396 39

217 515 501 579 servatio
526 561 542 592 ,
590 515 717 578 nisi
763 515 934 577 enim
983 488 1291 600 perpetuo
1339 513 1495 579 fiant
1532 515 1598 578 in
1640 534 1897 591 scaena,
1940 534 2101 599 quae
2140 513 2357 580 fabula
2394 521 2604 600 postu-

215 617 352 697 lat,
416 615 599 683 nulla
641 639 952 703 umquam
1000 618 1302 704 procedit.
1374 619 1460 712 Et
1506 619 1661 704 quid
1711 623 1809 684 est
1858 619 1977 696 „ob
2025 621 2489 697 retentionem''
2538 626 2604 684 et

214 729 600 810 posssuntne
641 732 862 801 „act-us
899 722 1151 790 fabulae
1174 722 1592 810 procedere''?
1731 723 2059 790 Scholium
2088 723 2222 810 (4):
2263 725 2349 790 Et
2372 724 2599 804 simul,

214 832 369 914 quia
415 830 702 894 absentia
737 829 1087 895 Phaedriae
1123 850 1283 914 opus
1325 835 1422 895 est
1441 879 1457 906 ,
1500 829 1655 894 dum
1699 849 1810 915 per
1848 829 2195 897 Chaeream
2234 829 2603 896 ludificatur

213 937 562 1014 meretrix,
623 938 940 1028 pertinere
1003 935 1257 1001 videtur
1321 935 1398 1000 ad
1464 936 1641 1013 „Rus
1702 937 1853 1000 ibo''
1918 936 2043 1019 (vs.
2100 935 2275 1020 107),
2342 936 2450 1001 sed
2509 937 2602 1001 ibi

213 1040 388 1106 nihil
447 1037 693 1128 legitur
752 1061 1030 1125 quocum
1090 1043 1393 1127 coniungi
1454 1043 1594 1124 („et
1652 1040 1926 1120 simul'')
1989 1043 2209 1126 possit.
2279 1039 2504 1127 Itaque
2564 1063 2602 1108 a

213 1148 531 1234 magistro
555 1145 833 1231 quodam
855 1151 1146 1210 assutum
1173 1145 1428 1211 videtur
1451 1145 1848 1231 praecedenti
1868 1146 1987 1231 (3).
2082 1146 2146 1213 S.
2174 1152 2521 1232 utrumque
2546 1169 2599 1212 c.

309 1250 474 1317 Ibid.
527 1251 658 1316 110
719 1250 794 1315 In
838 1251 958 1316 hoc
1007 1251 1308 1328 biduum,
1356 1250 1584 1330 Thais,
1635 1251 1776 1316 vale

309 1357 474 1424 Don.
517 1357 616 1441 (1)
665 1357 851 1422 Nunc
892 1355 1120 1434 „vale”
1163 1359 1526 1422 abscessum
1565 1357 1915 1444 sig-nificat,
1957 1378 2085 1422 non
2125 1357 2600 1435 salutationem,

215 1483 372 1529 nam
433 1465 488 1527 si
548 1482 726 1528 mera
783 1461 1082 1528 salutatio
1128 1467 1258 1542 est,
1306 1462 1503 1528 biduo
1550 1462 1763 1527 solum
1808 1464 2081 1528 amicam
2130 1461 2339 1527 valere
2385 1468 2598 1548 optat,

215 1568 327 1634 sed
371 1568 796 1653 praescribere
842 1574 1127 1646 conatur,
1175 1574 1412 1652 quanto
1458 1573 1745 1653 tempore
1788 1568 2128 1633 abfuturus
2176 1571 2281 1632 sit.

309 1674 486 1740 Haec
531 1676 749 1759 inepta
793 1675 1102 1738 sermonis
1150 1673 1502 1739 differentia
1538 1675 1819 1739 variavit
1864 1673 1996 1737 IP:
2064 1672 2163 1758 (3)
2214 1674 2598 1739 Accusativo

103 1779 118 1796 ’
215 1800 368 1846 casu
426 1785 612 1844 utens
671 1780 983 1864 expressit
1043 1781 1350 1844 amatoris
1402 1781 1874 1864 impatientiam
1896 1827 1912 1858 ,
1982 1778 2335 1856 „biduum”
2387 1776 2601 1842 dicens

213 1886 624 1971 praescripsit
662 1883 1063 1968 de·tempore
1080 1903 1098 1960 3
1137 1889 1203 1949 et
1242 1882 1471 1960 „vale”
1513 1886 1825 1948 maiorem
1866 1886 2003 1948 vim
2042 1883 2232 1949 habet
2272 1904 2350 1948 ex
2388 1881 2599 1946 dolore

213 1988 594 2054 discedentis
642 2009 837 2073 quam
882 1989 1180 2073 obsequio
1223 1987 1584 2054 salutantis.
2338 1988 2405 2053 S.
2452 2008 2506 2052 c.

305 2093 486 2159 Idem
552 2116 615 2161 v.
657 2092 716 2158 d.
782 2093 1099 2159 scholium
1154 2093 1254 2178 (2)
1319 2093 1444 2170 „Et
1509 2093 1708 2158 simul
1772 2092 2049 2158 ostendit
2109 2113 2301 2178 quam
2352 2095 2599 2158 invitus

217 2199 575 2276 abscedat'',
618 2220 733 2285 pro
780 2202 983 2265 otioso
1029 2201 1374 2284 superioris
1419 2198 1854 2264 additamento
1902 2202 2197 2266 semovit.

310 2304 471 2371 Ibid.
525 2303 654 2369 113
718 2305 828 2369 Me
873 2309 1083 2382 ames,
1133 2325 1236 2369 me
1285 2304 1630 2376 desideres,
1678 2324 1782 2368 me
1829 2305 2109 2369 somnies

311 2411 412 2496 (1)
463 2409 771 2487 Αὔξησις,
821 2413 970 2494 quia
1016 2408 1162 2495 plus
1209 2417 1302 2474 est
1349 2409 1428 2474 ab
1467 2430 1681 2475 amore
1721 2409 2129 2474 desiderium.
2268 2407 2373 2474 Sic
2411 2408 2596 2488 Don.;

218 2514 320 2581 IB
356 2521 558 2603 rogat.
609 2514 708 2599 (3)
754 2535 904 2580 cum
955 2514 1251 2593 „amare”
1293 2519 1358 2579 et
1401 2513 1842 2591 „desiderare”
1892 2518 1977 2579 sit
2015 2514 2368 2581 voluntatis
2406 2521 2598 2601 atque

218 2623 514 2707 obsequi,
561 2642 720 2686 num
767 2622 963 2686 etiam
1014 2616 1460 2699 „somniare”?
1596 2620 1760 2685 Ecce
1805 2619 2244 2705 philosophus.
2450 2620 2513 2685 S.
2542 2642 2595 2686 c.

308 2726 469 2791 Ibid.
522 2724 652 2790 115
679 2746 770 2810 sq.

487 2832 599 2897 Me
649 2832 958 2908 somnies,
1006 2851 1110 2895 me
1158 2834 1518 2915 exspectes,
1565 2829 1643 2896 de
1688 2850 1795 2895 me
1839 2832 2118 2916 cogites,

487 2937 599 3003 Me
643 2957 857 3021 speres
875 2985 891 3016 ,
941 2957 1045 3001 me
1092 2941 1158 3001 te
1204 2935 1482 3001 oblectes
1505 2982 1519 3010 ,
1569 2956 1828 3000 mecum
1874 2940 2010 3001 tota
2056 2939 2165 3000 sis·

307 3045 408 3130 (1)
469 3042 636 3111 Cum
698 3063 845 3119 „me
907 3042 1241 3127 expectas''
1301 3044 1435 3105 iam
1481 3039 1747 3118 dixerit,
1797 3039 1950 3125 quid
1998 3040 2121 3105 sibi
2166 3039 2313 3107 vult
2356 3042 2595 3105 iterum

223 3170 370 3229 „me
415 3145 713 3235 speres''?

311 3254 409 3341 (2)
458 3256 558 3319 An
604 3253 1138 3337 exspectatio
1182 3256 1502 3316 certorum
1548 3254 1682 3329 est,
1714 3252 1917 3335 ‘spes
1962 3249 2395 3317 incertorum?

311 3358 409 3446 (3)
472 3358 558 3423 Et
619 3358 1152 3442 exspectatio
1219 3358 1727 3442 propinquarum
1789 3376 2043 3429 rerum,
2110 3376 2293 3441 spes
2352 3355 2601 3441 longin-

224 3486 514 3551 quarum.

312 3570 411 3653 (4)
456 3570 544 3635 Et
587 3571 1129 3654 exspectatio
1180 3568 1458 3632 destinat
1502 3572 1800 3652 tempus,
1848 3588 2037 3652 spes
2080 3588 2201 3632 non
2254 3567 2553 3634 destinat.

313 3676 411 3762 (5)
471 3676 573 3739 An
637 3694 784 3750 „me
845 3672 1100 3758 speres’'
1161 3672 1332 3737 idem
1397 3672 1602 3737 facere
1622 3719 1640 3747 ,
1688 3671 1754 3736 id
1802 3678 1899 3737 est
1944 3671 2021 3738 de
2070 3678 2133 3737 te
2175 3675 2477 3759 cogitare,
2526 3679 2602 3737 ut

224 3784 306 3846 sit
353 3781 649 3866 „speres”
698 3778 950 3855 credas,
1000 3783 1075 3842 ut
1124 3781 1344 3843 statim
1392 3780 1460 3841 in
1505 3776 1780 3842 subditis
1816 3780 2103 3842 invenies
2149 3780 2272 3863 (vs.
2325 3777 2453 3843 123
2478 3784 2601 3862 sq.)

228 3906 415 3963 „nam
462 3888 600 3951 eius
649 3884 911 3949 fratrem
956 3903 1140 3968 spero
1186 3886 1319 3948 iam
1367 3881 1834 3968 propemodum
1883 3881 2323 3967 repperisse’'?

311 3990 408 4076 (6)
461 3990 612 4069 „Me
659 3996 723 4055 te
770 3988 1084 4055 oblectes'’
1135 3990 1452 4073 septimus
1497 4008 1680 4053 casus
1727 3987 2041 4063 <„me’'>.

307 4094 406 4179 (7)
471 4096 774 4175 „Mecum
840 4100 973 4160 tota
1034 4094 1164 4158 sis”
1215 4100 1352 4159 toto
1399 4096 1648 4159 animo:
1700 4131 1785 4141 --
1832 4114 1981 4158 nam
2026 4091 2211 4159 illam
2258 4116 2424 4160 nunc
2468 4097 2601 4159 ani-

222 4224 402 4269 mum
448 4202 592 4269 vult
639 4222 810 4279 esse,
858 4221 983 4265 non
1032 4220 1280 4284 corpus.
1331 4200 1430 4281 (8)
1476 4205 1541 4263 et
1579 4198 1778 4263 simul
1826 4236 1909 4248 —-
1960 4199 2129 4284 quod
2167 4202 2305 4285 ipse
2343 4202 2421 4265 ab
2462 4202 2600 4266 eius

223 4330 476 4396 corpore
524 4310 789 4395 patitur,
855 4306 920 4370 id
968 4303 1116 4372 vult
1163 4304 1362 4370 militi
1409 4307 1547 4369 eius
1592 4311 1808 4370 mente
1853 4308 2220 4391 contingere
2268 4311 2600 4390 tamquam

225 4417 477 4501 penitus
522 4412 779 4477 excluso
824 4411 903 4476 ab
952 4412 1176 4476 amica.
