3246 5085
672 343 760 410 ’78
1527 363 1786 411 mancus
1835 363 2211 412 ANTONINUS.

683 531 1015 612 tamquam
1075 526 1234 591 falsa
1293 531 1682 613 arguuntur,
1733 527 2018 602 eiusdem
2068 533 2283 593 tamen
2330 535 2481 594 sunt
2526 530 2765 596 farinae
2796 533 2863 612 ¹),
2912 541 3087 598 suut

679 639 898 697 autem
967 631 1095 698 loci
1155 633 1284 698 fere
1345 632 1809 719 quadraginta:
1857 633 1965 697 IV.
2023 633 2126 699 16.
2178 633 2285 700 21.
2338 634 2423 699 32
2447 636 2547 701 bis
2594 638 2731 714 (ubi
2776 637 3087 704 tollenda

644 759 799 830 *vox
868 738 1344 818 παιδιοτροφεῖν,
1416 759 1577 823 quae
1648 746 1981 823 tamquam
2054 737 2236 816 ἅπαξ
2308 741 2643 818 λεγόμενον
2712 745 2781 807 in
2839 743 3087 810 lexicis

673 850 1094 924 memoratur)
1144 841 1249 909 33.
1281 841 1366 908 39
1413 844 1552 925 (ubi
1597 847 1844 910 iterum
1886 845 1949 910 αἱ.
1992 861 2053 910 Α.
2091 843 2255 910 illud
2296 845 2565 924 ἐτέρωσις
2606 849 3089 930 amovendum)

686 948 793 1014 49.
854 949 930 1014 V.
984 951 1324 1036 l(quater)
1370 951 1434 1016 4.
1491 949 1595 1016 14.
1646 950 1754 1015 20.
1816 949 1923 1016 VI.
1977 949 2081 1015 14.
2136 950 2221 1017 30
2246 957 2414 1034 (ter).
2479 953 2614 1019 VII.
2668 955 2729 1018 4.
2780 955 2841 1021 9.
2891 955 3082 1022 VIII.

679 1053 738 1120 ¹7.
791 1055 876 1119 25
901 1055 1054 1136 (bis)
1101 1055 1208 1120 45.
1261 1055 1364 1121 50.
1419 1055 1528 1121 58.
1598 1055 1713 1122 ΙΧ.
1766 1056 1829 1122 9.
1885 1053 1988 1123 17.
2039 1057 2148 1123 22.
2212 1057 2293 1124 Χ.
2348 1059 2406 1124 l.
2456 1057 2632 1134 3.,9.
2682 1061 2793 1127 XI.
2844 1061 3083 1142 6(bis)

678 1158 786 1226 33.
838 1160 946 1225 34.
992 1161 1140 1226 XII.
1193 1161 1255 1227 3.
1307 1161 1368 1226 5.
1421 1160 1526 1227 14.
1577 1161 1684 1227 35.
1736 1161 1846 1227 36.

1810 1586 1923 1652 ΠΙ.

763 1787 952 1854 Ratio
1009 1792 1154 1874 ipsa
1215 1787 1838 1855 Commentariorum
1857 1838 1874 1868 ,
1933 1791 2044 1876 qui
2091 1790 2348 1867 breves,
2420 1811 2604 1875 saepe
2648 1789 3073 1855 brevissimas

675 1894 1156 1973 meditationes,
1200 1896 1708 1973 exhortationes,
1752 1895 2243 1962 declamationes
2280 1898 2633 1973 continent,
2670 1901 3073 1982 quantopere

673 1999 1029 2065 confusioni
1076 2002 1290 2067 faveat
1335 2012 1402 2066 et
1443 2000 1737 2066 librarios
1786 2003 1970 2085 quasi
2006 2003 2241 2066 invitet
2275 2001 2356 2066 ad
2392 2001 2677 2066 ordinem
2716 2007 2782 2066 et
2818 2021 3070 2066 nexum

669 2106 1124 2171 invertendum
1170 2106 1276 2171 vel
1319 2105 1831 2172 conturbandum
1852 2153 1868 2183 ‚
1916 2127 2031 2192 per
2068 2127 2135 2171 se
2172 2109 2583 2192 perspicuum
2622 2113 2737 2172 est.
2786 2106 2873 2171 Et
2910 2127 3071 2172 sane

673 2210 949 2296 singulis
1011 2213 1142 2276 fere
1203 2214 1456 2298 paginis
1513 2211 1761 2276 codices
1806 2212 2053 2276 variare
2101 2216 2366 2297 apparet
2384 2261 2400 2290 ,
2448 2212 2636 2277 modo
2682 2234 2760 2278 ex
2806 2212 3066 2277 duobus

673 2317 782 2382 vel
826 2315 1116 2402 pluribus
1133 2364 1149 2393 ,
1197 2318 1536 2402 praecipue
1585 2316 1983 2382 brevioribus
2001 2364 2017 2394 ,
2068 2316 2385 2402 capitibus
2428 2339 2633 2382 unum
2679 2316 3023 2382 conflantes
3044 2366 3063 2396 ‚

672 2422 862 2488 modo
911 2421 1169 2508 singula
1214 2425 1423 2507 capita
1464 2424 1534 2486 in
1577 2421 1766 2507 plura
1812 2421 2209 2488 divellentes.
2254 2423 2479 2508 Itaque
2527 2429 2593 2488 et
2637 2426 2875 2507 priores
2930 2423 3071 2488 edi-

669 2535 843 2596 tores
888 2528 1174 2595 ordinem
1220 2534 1283 2593 et
1330 2528 1678 2594 divisiones
1724 2535 1926 2594 rectas
1969 2531 2307 2595 restituere
2352 2531 2607 2614 saepius
2652 2531 2863 2595 conati
2902 2535 3067 2594 sunt

670 2642 737 2701 et
799 2634 1082 2700 Stichius
1145 2635 1315 2700 haud
1376 2655 1518 2700 raro
1575 2638 1713 2699 sive
1758 2638 2011 2721 proprio
2058 2636 2269 2700 Marte
2316 2638 2453 2701 sive
2499 2635 2667 2700 hunc
2712 2633 2817 2700 vel
2860 2634 3064 2699 illum

671 2740 955 2807 codicem
1019 2744 1208 2827 atque
1265 2742 1590 2826 imprimis
1638 2740 1773 2806 cod.
1820 2743 1877 2805 A
1926 2748 2215 2817 secutus,
2267 2744 2377 2825 qui
2421 2742 2487 2805 in
2535 2741 2653 2805 hac
2692 2761 2945 2825 quoque
2992 2761 3063 2805 re

671 2846 1068 2934 singularem
1130 2847 1374 2911 obtinet
1432 2848 1645 2911 locum
1668 2894 1683 2923 ,
1746 2846 1873 2910 alia
1937 2848 2145 2931 capita
2206 2848 2573 2923 coniunxit,
2622 2844 2748 2911 alia
2793 2844 3025 2909 divisit
3046 2894 3063 2923 ,

671 2952 873 3019 semel
919 2954 1098 3018 bisve
1148 2954 1341 3018 verba
1387 2952 1727 3017 manifesto
1770 2951 2056 3017 ordinem
2098 2951 2560 3017 sermocinandi
2594 2954 3070 3035 interrumpen-

671 3061 764 3124 tia
809 3066 1144 3143 tamquam
1185 3056 1444 3123 aliunde
1489 3060 1742 3122 invecta
1787 3060 2037 3122 notavit
2062 3056 2133 3137 ²).
2182 3058 2395 3123 Pauca
2439 3056 2666 3123 eodem
2708 3060 3066 3142 spectantia

672 3163 1016 3250 subiungo.

741 3409 796 3471 1)
832 3406 892 3456 In
925 3409 1061 3455 tanta
1092 3404 1227 3470 copia
1261 3404 1366 3454 fleri
1399 3404 1499 3453 fere
1533 3419 1629 3454 non
1664 3403 1839 3469 potuit,
1865 3404 1982 3469 quin
2010 3404 2153 3454 semel
2184 3407 2327 3469 atque
2354 3404 2531 3454 iterum
2558 3402 2740 3468 aliquid
2772 3403 2891 3452 utile
2908 3402 2987 3453 vel
3007 3404 3063 3454 in

671 3488 788 3555 ipsis
815 3488 1056 3537 erroribus
1082 3488 1402 3545 inveniretur;
1433 3487 1493 3535 cl.
1513 3485 1594 3535 VI.
1616 3487 1697 3546 30,
1728 3484 1809 3535 ubi
1838 3487 1888 3536 in
1918 3487 2117 3537 molesta
2140 3487 2355 3536 codicum
2386 3486 2711 3550 dittographia
2739 3485 2859 3542 τοὺς
2875 3482 3064 3543 ἀδίκως

673 3567 824 3618 αὐτὸν
870 3568 1218 3631 μεμφομένους
1251 3568 1320 3629 μὴ
1356 3567 1791 3629 ἀντιμεμφόμενος
1830 3585 1970 3618 senex
2004 3585 2089 3635 per
2121 3567 2531 3634 haplographiam,
2569 3572 2623 3617 ut
2658 3568 2728 3617 ita
2762 3567 2930 3626 dicam,
2962 3564 3063 3615 αἰσ-

673 3652 760 3699 τόν
803 3650 964 3699 omisit
1006 3655 1054 3700 et
1100 3650 1256 3700 locum
1300 3651 1350 3699 in
1392 3650 1635 3713 integrum
1670 3651 1908 3709 restituit3
1952 3666 2094 3715 porro
2131 3650 2242 3698 XII.
2280 3652 2358 3709 85,
2394 3650 2474 3699 ubi
2510 3665 2598 3715 pro
2633 3649 2803 3699 vitiosa
2840 3649 3063 3698 codicum

671 3732 874 3781 lectione
907 3730 1078 3780 πλέονι
1109 3735 1277 3797 sponte
1309 3731 1498 3779 πλείονι
1534 3724 1832 3781 substituisse
1869 3732 2072 3781 videtur.

741 3816 793 3875 2)
843 3813 913 3863 ΙΙ.
950 3815 982 3862 2
1028 3812 1058 3861 ὅ
1098 3812 1162 3860 τί
1199 3829 1325 3862 ποτε
1358 3814 1516 3861 τοῦτό
1549 3810 1671 3873 εἰμι,
1708 3811 1889 3874 σαρκία
1924 3810 2039 3861 ἂστὶ
2074 3810 2160 3861 καὶ
2194 3810 2499 3873 πνευμάτων
2533 3810 2619 3861 καὶ
2652 3813 2713 3860 τὸ
2752 3810 3063 3874 ἡγεμονικόν.

677 3894 840 3956 Ἄφες
891 3896 962 3943 τα
1012 3894 1218 3955 βιβλία·
1271 3893 1451 3955 μηκέτι
1495 3898 1629 3943 στῶ.
1673 3891 1745 3942 Οἷι
1794 3891 2023 3942 δίδοται·
2071 3892 2195 3943 ἀλλ’
2242 3892 2305 3951 ὥς
2340 3891 2429 3951 ἤδη
2467 3892 2797 3953 ἀποθνήσκων,
2833 3898 2931 3941 τῶν
2964 3892 3067 3953 μὶν

675 3975 882 4037 σαρκίων
927 3977 1320 4038 καταφρόνησον·
1371 3974 1543 4036 λύθρος
1577 3972 1661 4023 καὶ
1695 3973 1907 4036 ὀστάρια
1940 3993 1983 4024 κ.
2003 3992 2053 4025 τ.
2073 3972 2113 4024 ἱ.
2152 3974 2303 4025 Verba
2338 3974 2504 4037 ’Ἄφες
2526 3977 2597 4024 τα
2633 3976 2836 4036 βιβλία·
2873 3972 3063 4035 μηκέτι

674 4060 804 4106 στῶ.
850 4055 922 4107 Οὔ
973 4054 1170 4105 δέδοται
1217 4056 1340 4106 ἀλλ’
1387 4056 1532 4106 etiam
1567 4054 1750 4105 Stichio
1794 4058 1896 4107 visa
1928 4062 2040 4108 sunt
2073 4057 2265 4106 aliunde
2300 4057 2393 4106 huc
2426 4058 2696 4123 irrepsisse3
2732 4057 2948 4121 equidem
2984 4071 3063 4105 se·

673 4139 870 4202 quentia
914 4155 1101 4203 quoquc
1134 4138 1196 4196 ὥς
1231 4136 1320 4195 ἤδη
1353 4134 1669 4191 ἀποθνήσκων
1703 4136 1946 4188 abicienda
1980 4140 2215 4198 existimo,
2249 4154 2358 4188 cum
2394 4154 2503 4187 caro
2526 4154 2612 4204 per
2638 4154 2688 4187 ee
2716 4142 2765 4187 et
2794 4138 2845 4187 in
2874 4153 2924 4186 ιο
2952 4154 3067 4187 οοιι-

669 4220 923 4269 temnenda
955 4220 1126 4268 Stoicis
1158 4220 1256 4269 vina
1288 4221 1381 4278 sit,
1415 4234 1566 4284 neque
1600 4222 1793 4268 tantum
1828 4220 1879 4269 in
1916 4220 2120 4269 articulo
2148 4220 2337 4269 mortis.
2377 4220 2558 4269 Contra
2586 4218 2729 4269 verba
2756 4218 2843 4267 illu
2875 4218 3063 4283 optime

673 4301 928 4351 cohaerent
969 4317 1078 4351 cum
1125 4300 1510 4351 antecedentibus
1563 4299 1617 4350 οὐ
1664 4298 1894 4350 δέδοταιε
1932 4317 2024 4351 non
2056 4302 2261 4365 amplisu
2294 4301 2424 4359 liat,
2456 4302 2542 4351 sed
2570 4302 2791 4365 quonia·
2823 4302 2875 4349 in
2906 4315 2960 4349 oo
2994 4316 3067 4361 es,

671 4384 727 4429 ut
758 4382 989 4430 moriaris.
1025 4382 1144 4430 Cum
1180 4381 1283 4430 loco
1317 4383 1420 4446 ipso
1453 4386 1616 4431 autem
1660 4383 1935 4431 censentur
1984 4382 2065 4432 VI.
2098 4383 2161 4432 82
2212 4385 2267 4429 ἐκ
2312 4380 2574 4440 σωματίου
2609 4378 2714 4441 εἰμὶ
2746 4378 2833 4428 καὶ
2865 4378 3063 4441 ψυχῆς.

673 4466 745 4525 τῷ
779 4460 870 4523 μὶν
905 4456 986 4510 οὖν
1022 4463 1260 4523 σωματίῳ
1298 4460 1466 4512 πάντα
1499 4460 1749 4524 ἀδιάφορα
1783 4479 1827 4511 κ.
1844 4478 1895 4512 τ.
1914 4458 1955 4510 δ.
