<?xml version="1.0" encoding="UTF-8"?>
<!DOCTYPE html PUBLIC "-//W3C//DTD XHTML 1.0 Transitional//EN"
    "http://www.w3.org/TR/xhtml1/DTD/xhtml1-transitional.dtd">
<html xmlns="http://www.w3.org/1999/xhtml" xml:lang="en" lang="en">
 <head>
  <title>
</title>
<meta http-equiv="Content-Type" content="text/html;charset=utf-8" />
  <meta name='ocr-system' content='tesseract 3.04.00' />
  <meta name='ocr-capabilities' content='ocr_page ocr_carea ocr_par ocr_line ocrx_word'/>
</head>
<body>
  <div class='ocr_page' id='page_1' title='image "./mnemosynevolume03verdgoog_0056.png"; bbox 0 0 3246 5085; ppageno 0'>
   <div class='ocr_carea' id='block_1_1' title="bbox 653 222 2001 288">
    <p class='ocr_par' dir='ltr' id='par_1_1' title="bbox 653 222 2001 288">
     <span class='ocr_line' id='line_1_1' title="bbox 653 222 2001 288; baseline -0.003 0"><span class='ocrx_word' id='word_1_1' title='bbox 653 222 742 288; x_wconf 77' lang='lat'>48</span> <span class='ocrx_word' id='word_1_2' title='bbox 1656 237 2001 286; x_wconf 70' lang='lat' dir='ltr'>nonnam.</span> 
     </span>
    </p>
   </div>
   <div class='ocr_carea' id='block_1_2' title="bbox 657 402 3070 3022">
    <p class='ocr_par' dir='ltr' id='par_1_2' title="bbox 657 402 3070 3022">
     <span class='ocr_line' id='line_1_2' title="bbox 657 402 3070 482; baseline 0 -13"><span class='ocrx_word' id='word_1_3' title='bbox 657 407 917 470; x_wconf 85' lang='lat' dir='ltr'>iuvenis</span> <span class='ocrx_word' id='word_1_4' title='bbox 964 403 1354 468; x_wconf 83' lang='lat' dir='ltr'>fortissimus</span> <span class='ocrx_word' id='word_1_5' title='bbox 1399 402 1536 468; x_wconf 87' lang='lat' dir='ltr'>fieri</span> <span class='ocrx_word' id='word_1_6' title='bbox 1576 402 1647 467; x_wconf 88' lang='lat' dir='ltr'>id</span> <span class='ocrx_word' id='word_1_7' title='bbox 1692 404 1967 468; x_wconf 79' lang='lat' dir='ltr'>strenuis</span> <span class='ocrx_word' id='word_1_8' title='bbox 2013 403 2223 468; x_wconf 86' lang='lat' dir='ltr'>verbis</span> <span class='ocrx_word' id='word_1_9' title='bbox 2272 403 2517 482; x_wconf 83' lang='lat' dir='ltr'>vetuit,</span> <span class='ocrx_word' id='word_1_10' title='bbox 2564 403 2643 468; x_wconf 81' lang='lat' dir='ltr'>ed</span> <span class='ocrx_word' id='word_1_11' title='bbox 2688 403 2867 469; x_wconf 84' lang='lat' dir='ltr'>hunc</span> <span class='ocrx_word' id='word_1_12' title='bbox 2914 426 3070 468; x_wconf 86' lang='lat' dir='ltr'>con-</span> 
     </span>
     <span class='ocr_line' id='line_1_3' title="bbox 657 506 1701 575; baseline -0.001 -2"><span class='ocrx_word' id='word_1_13' title='bbox 657 530 880 575; x_wconf 86' lang='lat' dir='ltr'>versus</span> <span class='ocrx_word' id='word_1_14' title='bbox 927 508 1164 573; x_wconf 87' lang='lat' dir='ltr'>Nestor</span> <span class='ocrx_word' id='word_1_15' title='bbox 1205 506 1338 573; x_wconf 86' lang='lat' dir='ltr'>leni</span> <span class='ocrx_word' id='word_1_16' title='bbox 1383 511 1701 574; x_wconf 86' lang='lat' dir='ltr'>oratione:</span> 
     </span>
     <span class='ocr_line' id='line_1_4' title="bbox 931 609 2657 692; baseline -0.001 -14"><span class='ocrx_word' id='word_1_17' title='bbox 931 614 1044 692; x_wconf 59' lang='grc' dir='ltr'>»οὔ</span> <span class='ocrx_word' id='word_1_18' title='bbox 1092 615 1188 686; x_wconf 77' lang='grc' dir='ltr'>τίς</span> <span class='ocrx_word' id='word_1_19' title='bbox 1237 637 1326 678; x_wconf 77' lang='grc' dir='ltr'>τοι</span> <span class='ocrx_word' id='word_1_20' title='bbox 1373 613 1474 678; x_wconf 78' lang='grc' dir='ltr'>τὸν</span> <span class='ocrx_word' id='word_1_21' title='bbox 1523 614 1708 690; x_wconf 73' lang='grc' dir='ltr'><strong><em>μῦθον</em></strong></span> <span class='ocrx_word' id='word_1_22' title='bbox 1756 613 2107 690; x_wconf 77' lang='grc' dir='ltr'><strong><em>ὀνόσσεται,</em></strong></span> <span class='ocrx_word' id='word_1_23' title='bbox 2154 609 2318 678; x_wconf 75' lang='grc' dir='ltr'><strong><em>ὅσσοι</em></strong></span> <span class='ocrx_word' id='word_1_24' title='bbox 2368 614 2657 692; x_wconf 77' lang='grc' dir='ltr'><strong><em>Ἀχαιοί,</em></strong></span> 
     </span>
     <span class='ocr_line' id='line_1_5' title="bbox 931 715 2557 798; baseline -0.001 -14"><span class='ocrx_word' id='word_1_25' title='bbox 931 720 1059 785; x_wconf 75' lang='grc' dir='ltr'>οὐδὲ</span> <span class='ocrx_word' id='word_1_26' title='bbox 1116 719 1307 784; x_wconf 70' lang='grc' dir='ltr'><strong><em>πάλιν</em></strong></span> <span class='ocrx_word' id='word_1_27' title='bbox 1358 721 1566 798; x_wconf 69' lang='grc' dir='ltr'><strong><em>περέει·</em></strong></span> <span class='ocrx_word' id='word_1_28' title='bbox 1620 719 1782 796; x_wconf 69' lang='grc' dir='ltr'>ἀτὰρ</span> <span class='ocrx_word' id='word_1_29' title='bbox 1829 719 1893 784; x_wconf 79' lang='grc' dir='ltr'>οὐ</span> <span class='ocrx_word' id='word_1_30' title='bbox 1942 718 2120 790; x_wconf 80' lang='grc' dir='ltr'><strong><em>τέλος</em></strong></span> <span class='ocrx_word' id='word_1_31' title='bbox 2165 715 2287 783; x_wconf 80' lang='grc' dir='ltr'><strong><em>ἵκεο</em></strong></span> <span class='ocrx_word' id='word_1_32' title='bbox 2336 720 2557 796; x_wconf 77' lang='grc' dir='ltr'><strong><em>μύθων.</em></strong></span> 
     </span>
     <span class='ocr_line' id='line_1_6' title="bbox 931 823 2632 903; baseline -0.002 -13"><span class='ocrx_word' id='word_1_33' title='bbox 931 824 966 898; x_wconf 76' lang='grc' dir='ltr'><strong><em>ἦ</em></strong></span> <span class='ocrx_word' id='word_1_34' title='bbox 1017 828 1129 902; x_wconf 79' lang='grc' dir='ltr'>μὲν</span> <span class='ocrx_word' id='word_1_35' title='bbox 1181 826 1281 888; x_wconf 75' lang='grc' dir='ltr'>καὶ</span> <span class='ocrx_word' id='word_1_36' title='bbox 1332 827 1456 897; x_wconf 81' lang='grc' dir='ltr'><strong><em>νέος</em></strong></span> <span class='ocrx_word' id='word_1_37' title='bbox 1505 827 1676 903; x_wconf 78' lang='grc' dir='ltr'><strong><em>ἐσσί,</em></strong></span> <span class='ocrx_word' id='word_1_38' title='bbox 1729 823 1873 900; x_wconf 78' lang='grc' dir='ltr'>ἐμὸς</span> <span class='ocrx_word' id='word_1_39' title='bbox 1919 823 1983 888; x_wconf 74' lang='grc' dir='ltr'>δέ</span> <span class='ocrx_word' id='word_1_40' title='bbox 2033 849 2100 888; x_wconf 87' lang='grc' dir='ltr'>κε</span> <span class='ocrx_word' id='word_1_41' title='bbox 2148 824 2251 889; x_wconf 76' lang='grc' dir='ltr'>καὶ</span> <span class='ocrx_word' id='word_1_42' title='bbox 2302 825 2458 896; x_wconf 65' lang='lat' dir='ltr'>ardre,-</span> <span class='ocrx_word' id='word_1_43' title='bbox 2506 823 2632 899; x_wconf 73' lang='grc' dir='ltr'>εἴης</span> 
     </span>
     <span class='ocr_line' id='line_1_7' title="bbox 931 929 2556 1011; baseline -0.001 -15"><span class='ocrx_word' id='word_1_44' title='bbox 931 931 1285 1002; x_wconf 71' lang='grc' dir='ltr'><strong><em>ὁπλότατος</em></strong></span> <span class='ocrx_word' id='word_1_45' title='bbox 1332 937 1661 1011; x_wconf 72' lang='grc' dir='ltr'><strong><em>γενεῆφιν·</em></strong></span> <span class='ocrx_word' id='word_1_46' title='bbox 1712 930 1873 1009; x_wconf 70' lang='grc' dir='ltr'><strong><em>ἀτὰρ</em></strong></span> <span class='ocrx_word' id='word_1_47' title='bbox 1924 930 2286 1006; x_wconf 75' lang='grc' dir='ltr'><strong><em>πεπνυμένα</em></strong></span> <span class='ocrx_word' id='word_1_48' title='bbox 2334 929 2556 1010; x_wconf 69' lang='grc' dir='ltr'><strong><em>βάζεις</em></strong></span> 
     </span>
     <span class='ocr_line' id='line_1_8' title="bbox 931 1034 2595 1118; baseline -0.001 -17"><span class='ocrx_word' id='word_1_49' title='bbox 931 1038 1239 1118; x_wconf 71' lang='grc' dir='ltr'><strong><em>Ἀργεΐων</em></strong></span> <span class='ocrx_word' id='word_1_50' title='bbox 1283 1034 1647 1114; x_wconf 67' lang='grc' dir='ltr'><strong><em>βασιλῆας,</em></strong></span> <span class='ocrx_word' id='word_1_51' title='bbox 1698 1037 1827 1100; x_wconf 76' lang='grc' dir='ltr'>ἐπεὶ</span> <span class='ocrx_word' id='word_1_52' title='bbox 1878 1036 2044 1099; x_wconf 76' lang='grc' dir='ltr'><strong><em>κατὰ</em></strong></span> <span class='ocrx_word' id='word_1_53' title='bbox 2094 1043 2309 1114; x_wconf 82' lang='grc' dir='ltr'><strong><em>μοῖραν</em></strong></span> <span class='ocrx_word' id='word_1_54' title='bbox 2350 1034 2595 1108; x_wconf 62' lang='lat' dir='ltr'>hewse.</span> 
     </span>
     <span class='ocr_line' id='line_1_9' title="bbox 757 1135 2725 1222; baseline -0.002 -14"><span class='ocrx_word' id='word_1_55' title='bbox 757 1142 844 1208; x_wconf 88' lang='grc'>60</span> <span class='ocrx_word' id='word_1_56' title='bbox 938 1144 1087 1207; x_wconf 71' lang='grc' dir='ltr'>ἀλλ’</span> <span class='ocrx_word' id='word_1_57' title='bbox 1135 1140 1251 1219; x_wconf 72' lang='grc' dir='ltr'>ἄγ’</span> <span class='ocrx_word' id='word_1_58' title='bbox 1301 1143 1482 1220; x_wconf 70' lang='grc' dir='ltr'><strong><em>ἐγών,</em></strong></span> <span class='ocrx_word' id='word_1_59' title='bbox 1532 1137 1595 1212; x_wconf 79' lang='grc' dir='ltr'>ὃς</span> <span class='ocrx_word' id='word_1_60' title='bbox 1644 1149 1767 1204; x_wconf 85' lang='grc' dir='ltr'><strong><em>σεῖο</em></strong></span> <span class='ocrx_word' id='word_1_61' title='bbox 1814 1142 2166 1220; x_wconf 67' lang='grc' dir='ltr'><strong><em>γεραίτερος</em></strong></span> <span class='ocrx_word' id='word_1_62' title='bbox 2212 1141 2486 1222; x_wconf 79' lang='grc' dir='ltr'><strong><em>εὔχομαι</em></strong></span> <span class='ocrx_word' id='word_1_63' title='bbox 2535 1135 2725 1219; x_wconf 77' lang='grc' dir='ltr'><strong><em>εἶναι,</em></strong></span> 
     </span>
     <span class='ocr_line' id='line_1_10' title="bbox 933 1245 2175 1327; baseline 0.001 -17"><span class='ocrx_word' id='word_1_64' title='bbox 933 1249 1178 1313; x_wconf 54' lang='lat' dir='ltr'>&amp;ursino</span> <span class='ocrx_word' id='word_1_65' title='bbox 1229 1248 1334 1312; x_wconf 79' lang='grc' dir='ltr'>καὶ</span> <span class='ocrx_word' id='word_1_66' title='bbox 1386 1248 1600 1312; x_wconf 73' lang='grc' dir='ltr'><strong><em>πάντα</em></strong></span> <span class='ocrx_word' id='word_1_67' title='bbox 1646 1245 2039 1327; x_wconf 60' lang='lat' dir='ltr'>Beffiopeoe1”¹)</span> <span class='ocrx_word' id='word_1_68' title='bbox 2091 1283 2175 1295; x_wconf 91' lang='lat'><strong>—</strong></span> 
     </span>
     <span class='ocr_line' id='line_1_11' title="bbox 659 1349 3065 1438; baseline -0.002 -19"><span class='ocrx_word' id='word_1_69' title='bbox 659 1362 724 1419; x_wconf 87' lang='lat' dir='ltr'>et</span> <span class='ocrx_word' id='word_1_70' title='bbox 776 1361 999 1419; x_wconf 77' lang='lat' dir='ltr'>auctor</span> <span class='ocrx_word' id='word_1_71' title='bbox 1050 1356 1273 1418; x_wconf 83' lang='lat' dir='ltr'>extitit</span> <span class='ocrx_word' id='word_1_72' title='bbox 1319 1360 1396 1417; x_wconf 87' lang='lat' dir='ltr'>ut</span> <span class='ocrx_word' id='word_1_73' title='bbox 1441 1352 1643 1438; x_wconf 80' lang='lat' dir='ltr'>legati</span> <span class='ocrx_word' id='word_1_74' title='bbox 1687 1355 2102 1418; x_wconf 79' lang='lat' dir='ltr'>mitterentur</span> <span class='ocrx_word' id='word_1_75' title='bbox 2149 1352 2226 1416; x_wconf 88' lang='lat' dir='ltr'>ad</span> <span class='ocrx_word' id='word_1_76' title='bbox 2274 1351 2663 1417; x_wconf 78' lang='lat' dir='ltr'>exorandum</span> <span class='ocrx_word' id='word_1_77' title='bbox 2709 1349 3065 1416; x_wconf 89' lang='lat' dir='ltr'>Achillem.</span> 
     </span>
     <span class='ocr_line' id='line_1_12' title="bbox 748 1457 3063 1543; baseline -0.001 -20"><span class='ocrx_word' id='word_1_78' title='bbox 748 1459 989 1524; x_wconf 89' lang='lat' dir='ltr'>Primis</span> <span class='ocrx_word' id='word_1_79' title='bbox 1045 1466 1262 1524; x_wconf 80' lang='lat' dir='ltr'>autem</span> <span class='ocrx_word' id='word_1_80' title='bbox 1316 1461 1487 1524; x_wconf 85' lang='lat' dir='ltr'>vitae</span> <span class='ocrx_word' id='word_1_81' title='bbox 1534 1461 1716 1523; x_wconf 83' lang='lat' dir='ltr'>annis</span> <span class='ocrx_word' id='word_1_82' title='bbox 1762 1479 1923 1543; x_wconf 88' lang='lat' dir='ltr'>quae</span> <span class='ocrx_word' id='word_1_83' title='bbox 1970 1457 2376 1542; x_wconf 80' lang='lat' dir='ltr'><strong>adspeximus</strong></span> <span class='ocrx_word' id='word_1_84' title='bbox 2424 1464 2488 1523; x_wconf 91' lang='lat' dir='ltr'>et</span> <span class='ocrx_word' id='word_1_85' title='bbox 2530 1460 2778 1543; x_wconf 84' lang='lat' dir='ltr'>experti</span> <span class='ocrx_word' id='word_1_86' title='bbox 2824 1478 3063 1522; x_wconf 84' lang='lat' dir='ltr'>sumus</span> 
     </span>
     <span class='ocr_line' id='line_1_13' title="bbox 659 1560 3065 1650; baseline -0.001 -21"><span class='ocrx_word' id='word_1_87' title='bbox 659 1568 965 1650; x_wconf 87' lang='lat' dir='ltr'>quoniam</span> <span class='ocrx_word' id='word_1_88' title='bbox 1015 1567 1261 1630; x_wconf 88' lang='lat' dir='ltr'>maiora</span> <span class='ocrx_word' id='word_1_89' title='bbox 1305 1564 1627 1649; x_wconf 89' lang='lat' dir='ltr'>pulcriora</span> <span class='ocrx_word' id='word_1_90' title='bbox 1674 1563 1960 1629; x_wconf 88' lang='lat' dir='ltr'>dulciora</span> <span class='ocrx_word' id='word_1_91' title='bbox 2005 1584 2197 1649; x_wconf 87' lang='lat' dir='ltr'>quam</span> <span class='ocrx_word' id='word_1_92' title='bbox 2238 1583 2399 1648; x_wconf 84' lang='lat' dir='ltr'>quae</span> <span class='ocrx_word' id='word_1_93' title='bbox 2438 1567 2610 1628; x_wconf 80' lang='lat' dir='ltr'>aetas</span> <span class='ocrx_word' id='word_1_94' title='bbox 2650 1560 2877 1628; x_wconf 81' lang='lat' dir='ltr'>attulit</span> <span class='ocrx_word' id='word_1_95' title='bbox 2918 1584 3065 1647; x_wconf 92' lang='lat' dir='ltr'>pro-</span> 
     </span>
     <span class='ocr_line' id='line_1_14' title="bbox 660 1669 3065 1752; baseline -0.002 -16"><span class='ocrx_word' id='word_1_96' title='bbox 660 1673 901 1736; x_wconf 87' lang='lat' dir='ltr'>vectior</span> <span class='ocrx_word' id='word_1_97' title='bbox 965 1671 1291 1736; x_wconf 83' lang='lat' dir='ltr'>obversari</span> <span class='ocrx_word' id='word_1_98' title='bbox 1352 1669 1558 1735; x_wconf 79' lang='lat' dir='ltr'><strong>solent</strong></span> <span class='ocrx_word' id='word_1_99' title='bbox 1619 1672 1969 1735; x_wconf 87' lang='lat' dir='ltr'>memoriae</span> <span class='ocrx_word' id='word_1_100' title='bbox 2032 1669 2397 1734; x_wconf 85' lang='lat' dir='ltr'>adultorum</span> <span class='ocrx_word' id='word_1_101' title='bbox 2421 1717 2437 1747; x_wconf 89' lang='lat'>‚</span> <span class='ocrx_word' id='word_1_102' title='bbox 2485 1669 2622 1734; x_wconf 80' lang='lat' dir='ltr'>fieri</span> <span class='ocrx_word' id='word_1_103' title='bbox 2668 1689 2789 1733; x_wconf 89' lang='lat' dir='ltr'>non</span> <span class='ocrx_word' id='word_1_104' title='bbox 2841 1673 3065 1752; x_wconf 83' lang='lat' dir='ltr'>potest</span> 
     </span>
     <span class='ocr_line' id='line_1_15' title="bbox 661 1773 3061 1861; baseline -0.001 -22"><span class='ocrx_word' id='word_1_105' title='bbox 661 1779 816 1861; x_wconf 84' lang='lat' dir='ltr'>quin</span> <span class='ocrx_word' id='word_1_106' title='bbox 879 1773 1240 1841; x_wconf 77' lang='lat' dir='ltr'>laudatores</span> <span class='ocrx_word' id='word_1_107' title='bbox 1301 1777 1607 1860; x_wconf 85' lang='lat' dir='ltr'>temporis</span> <span class='ocrx_word' id='word_1_108' title='bbox 1672 1797 1739 1840; x_wconf 85' lang='lat' dir='ltr'>se</span> <span class='ocrx_word' id='word_1_109' title='bbox 1801 1777 2017 1860; x_wconf 87' lang='lat' dir='ltr'>pueris</span> <span class='ocrx_word' id='word_1_110' title='bbox 2064 1777 2192 1840; x_wconf 90' lang='lat' dir='ltr'>acti</span> <span class='ocrx_word' id='word_1_111' title='bbox 2237 1774 2394 1840; x_wconf 87' lang='lat' dir='ltr'>fiant</span> <span class='ocrx_word' id='word_1_112' title='bbox 2440 1793 2657 1838; x_wconf 87' lang='lat' dir='ltr'>senes:</span> <span class='ocrx_word' id='word_1_113' title='bbox 2707 1811 2791 1823; x_wconf 88' lang='lat'>—</span> <span class='ocrx_word' id='word_1_114' title='bbox 2844 1773 3061 1837; x_wconf 84' lang='lat' dir='ltr'>factus</span> 
     </span>
     <span class='ocr_line' id='line_1_16' title="bbox 664 1867 3065 1965; baseline -0.001 -19"><span class='ocrx_word' id='word_1_115' title='bbox 664 1888 761 1946; x_wconf 82' lang='lat' dir='ltr'>est</span> <span class='ocrx_word' id='word_1_116' title='bbox 806 1883 1005 1946; x_wconf 86' lang='lat' dir='ltr'>etiam</span> <span class='ocrx_word' id='word_1_117' title='bbox 1054 1881 1306 1957; x_wconf 86' lang='lat' dir='ltr'>Nestor,</span> <span class='ocrx_word' id='word_1_118' title='bbox 1354 1883 1468 1965; x_wconf 93' lang='lat' dir='ltr'>qui</span> <span class='ocrx_word' id='word_1_119' title='bbox 1513 1901 1613 1946; x_wconf 89' lang='lat' dir='ltr'>res</span> <span class='ocrx_word' id='word_1_120' title='bbox 1662 1882 1740 1945; x_wconf 90' lang='lat' dir='ltr'>ab</span> <span class='ocrx_word' id='word_1_121' title='bbox 1788 1867 2160 1965; x_wconf 73' lang='lat' dir='ltr'>aequalibus</span> <span class='ocrx_word' id='word_1_122' title='bbox 2208 1882 2340 1945; x_wconf 89' lang='lat' dir='ltr'>suis</span> <span class='ocrx_word' id='word_1_123' title='bbox 2390 1887 2543 1945; x_wconf 87' lang='lat' dir='ltr'>tunc</span> <span class='ocrx_word' id='word_1_124' title='bbox 2590 1899 2735 1945; x_wconf 91' lang='lat' dir='ltr'>cum</span> <span class='ocrx_word' id='word_1_125' title='bbox 2785 1880 2927 1964; x_wconf 86' lang='lat' dir='ltr'>ipse</span> <span class='ocrx_word' id='word_1_126' title='bbox 2966 1900 3065 1944; x_wconf 86' lang='lat' dir='ltr'>es-</span> 
     </span>
     <span class='ocr_line' id='line_1_17' title="bbox 661 1985 3059 2073; baseline -0.002 -21"><span class='ocrx_word' id='word_1_127' title='bbox 661 1993 760 2052; x_wconf 87' lang='lat' dir='ltr'>set</span> <span class='ocrx_word' id='word_1_128' title='bbox 826 1990 1078 2053; x_wconf 87' lang='lat' dir='ltr'>iuvenis</span> <span class='ocrx_word' id='word_1_129' title='bbox 1145 1993 1363 2073; x_wconf 79' lang='lat' dir='ltr'>gestes</span> <span class='ocrx_word' id='word_1_130' title='bbox 1430 1986 1855 2052; x_wconf 81' lang='lat' dir='ltr'>libentissime</span> <span class='ocrx_word' id='word_1_131' title='bbox 1925 1985 2087 2051; x_wconf 90' lang='lat' dir='ltr'>solet</span> <span class='ocrx_word' id='word_1_132' title='bbox 2148 2006 2459 2064; x_wconf 88' lang='lat' dir='ltr'>enarrare,</span> <span class='ocrx_word' id='word_1_133' title='bbox 2528 1985 2669 2057; x_wconf 83' lang='grc' dir='ltr'><strong><em>τοὺς</em></strong></span> <span class='ocrx_word' id='word_1_134' title='bbox 2734 1985 3059 2064; x_wconf 72' lang='grc' dir='ltr'><strong><em>προτέρους</em></strong></span> 
     </span>
     <span class='ocr_line' id='line_1_18' title="bbox 665 2089 3060 2184; baseline 0 -28"><span class='ocrx_word' id='word_1_135' title='bbox 665 2094 920 2164; x_wconf 73' lang='grc' dir='ltr'>ἐκείνους</span> <span class='ocrx_word' id='word_1_136' title='bbox 965 2094 1424 2177; x_wconf 83' lang='lat' dir='ltr'>posterioribus</span> <span class='ocrx_word' id='word_1_137' title='bbox 1471 2094 1609 2157; x_wconf 87' lang='lat' dir='ltr'>sive</span> <span class='ocrx_word' id='word_1_138' title='bbox 1657 2090 2065 2184; x_wconf 33' lang='lat' dir='ltr'>patres-filiis</span> <span class='ocrx_word' id='word_1_139' title='bbox 2111 2112 2463 2177; x_wconf 88' lang='lat' dir='ltr'>proponens</span> <span class='ocrx_word' id='word_1_140' title='bbox 2503 2089 2796 2176; x_wconf 83' lang='lat' dir='ltr'>exempla</span> <span class='ocrx_word' id='word_1_141' title='bbox 2833 2093 2951 2156; x_wconf 84' lang='lat' dir='ltr'>vix</span> <span class='ocrx_word' id='word_1_142' title='bbox 2994 2098 3060 2156; x_wconf 90' lang='lat' dir='ltr'>et</span> 
     </span>
     <span class='ocr_line' id='line_1_19' title="bbox 663 2195 3061 2282; baseline -0.001 -20"><span class='ocrx_word' id='word_1_143' title='bbox 663 2219 742 2262; x_wconf 89' lang='lat' dir='ltr'>ne</span> <span class='ocrx_word' id='word_1_144' title='bbox 802 2200 914 2261; x_wconf 81' lang='lat' dir='ltr'>vix</span> <span class='ocrx_word' id='word_1_145' title='bbox 978 2198 1238 2282; x_wconf 88' lang='lat' dir='ltr'>quidem</span> <span class='ocrx_word' id='word_1_146' title='bbox 1286 2201 1424 2282; x_wconf 87' lang='lat' dir='ltr'>ipso</span> <span class='ocrx_word' id='word_1_147' title='bbox 1471 2198 1682 2263; x_wconf 87' lang='lat' dir='ltr'>iudice</span> <span class='ocrx_word' id='word_1_148' title='bbox 1728 2197 2133 2282; x_wconf 87' lang='lat' dir='ltr'>assequenda.</span> <span class='ocrx_word' id='word_1_149' title='bbox 2201 2197 2405 2262; x_wconf 88' lang='lat' dir='ltr'>Aliter</span> <span class='ocrx_word' id='word_1_150' title='bbox 2449 2195 2761 2261; x_wconf 89' lang='lat' dir='ltr'>nimirum</span> <span class='ocrx_word' id='word_1_151' title='bbox 2808 2196 3061 2261; x_wconf 83' lang='lat' dir='ltr'>iudicat</span> 
     </span>
     <span class='ocr_line' id='line_1_20' title="bbox 663 2301 3059 2383; baseline -0.001 -15"><span class='ocrx_word' id='word_1_152' title='bbox 663 2307 836 2368; x_wconf 86' lang='lat' dir='ltr'>aetas</span> <span class='ocrx_word' id='word_1_153' title='bbox 881 2305 1215 2380; x_wconf 82' lang='lat' dir='ltr'>maturior,</span> <span class='ocrx_word' id='word_1_154' title='bbox 1266 2303 1454 2368; x_wconf 83' lang='lat' dir='ltr'>aliter</span> <span class='ocrx_word' id='word_1_155' title='bbox 1499 2306 1810 2368; x_wconf 87' lang='lat' dir='ltr'>recentior</span> <span class='ocrx_word' id='word_1_156' title='bbox 1822 2325 1840 2383; x_wconf 87' lang='lat'>;</span> <span class='ocrx_word' id='word_1_157' title='bbox 1898 2323 2049 2367; x_wconf 89' lang='lat' dir='ltr'>nam</span> <span class='ocrx_word' id='word_1_158' title='bbox 2093 2301 2436 2368; x_wconf 83' lang='lat' dir='ltr'>Sthenelus</span> <span class='ocrx_word' id='word_1_159' title='bbox 2476 2302 2835 2367; x_wconf 78' lang='lat' dir='ltr'>adolescens</span> <span class='ocrx_word' id='word_1_160' title='bbox 2874 2302 3059 2368; x_wconf 85' lang='lat' dir='ltr'>ferox</span> 
     </span>
     <span class='ocr_line' id='line_1_21' title="bbox 664 2399 2975 2494; baseline -0.001 -21"><span class='ocrx_word' id='word_1_161' title='bbox 664 2414 924 2494; x_wconf 87' lang='lat' dir='ltr'>patrum</span> <span class='ocrx_word' id='word_1_162' title='bbox 969 2405 1114 2473; x_wconf 90' lang='lat' dir='ltr'>illas</span> <span class='ocrx_word' id='word_1_163' title='bbox 1159 2407 1378 2473; x_wconf 86' lang='lat' dir='ltr'>laudes</span> <span class='ocrx_word' id='word_1_164' title='bbox 1422 2412 1836 2493; x_wconf 85' lang='lat' dir='ltr'>impatienter</span> <span class='ocrx_word' id='word_1_165' title='bbox 1884 2399 2090 2473; x_wconf 77' lang='lat' dir='ltr'>ferens</span> <span class='ocrx_word' id='word_1_166' title='bbox 2138 2428 2381 2492; x_wconf 88' lang='lat' dir='ltr'>suoque</span> <span class='ocrx_word' id='word_1_167' title='bbox 2426 2409 2649 2473; x_wconf 87' lang='lat' dir='ltr'>robore</span> <span class='ocrx_word' id='word_1_168' title='bbox 2698 2407 2975 2474; x_wconf 85' lang='lat' dir='ltr'>confisus</span> 
     </span>
     <span class='ocr_line' id='line_1_22' title="bbox 937 2508 2728 2593; baseline -0.001 -16"><span class='ocrx_word' id='word_1_169' title='bbox 937 2508 1089 2589; x_wconf 75' lang='grc' dir='ltr'>ἧμές</span> <span class='ocrx_word' id='word_1_170' title='bbox 1136 2536 1224 2579; x_wconf 81' lang='grc' dir='ltr'>τοι</span> <span class='ocrx_word' id='word_1_171' title='bbox 1274 2514 1549 2593; x_wconf 78' lang='grc' dir='ltr'><strong><em>πατέρων</em></strong></span> <span class='ocrx_word' id='word_1_172' title='bbox 1595 2514 1747 2592; x_wconf 75' lang='grc' dir='ltr'>μέγ’</span> <span class='ocrx_word' id='word_1_173' title='bbox 1796 2515 2107 2591; x_wconf 65' lang='grc' dir='ltr'><strong><em>ἀμείνονες</em></strong></span> <span class='ocrx_word' id='word_1_174' title='bbox 2157 2514 2447 2593; x_wconf 78' lang='grc' dir='ltr'>εὐχόμεθ’</span> <span class='ocrx_word' id='word_1_175' title='bbox 2493 2509 2728 2579; x_wconf 76' lang='grc' dir='ltr'><strong><em>εἶναιΙ”</em></strong></span> 
     </span>
     <span class='ocr_line' id='line_1_23' title="bbox 668 2617 3062 2711; baseline -0 -27"><span class='ocrx_word' id='word_1_176' title='bbox 668 2617 1015 2697; x_wconf 83' lang='lat' dir='ltr'>exclamat,</span> <span class='ocrx_word' id='word_1_177' title='bbox 1043 2617 1096 2700; x_wconf 75' lang='lat'>⁹)</span> <span class='ocrx_word' id='word_1_178' title='bbox 1148 2654 1233 2668; x_wconf 91' lang='lat'>——</span> <span class='ocrx_word' id='word_1_179' title='bbox 1279 2641 1394 2685; x_wconf 87' lang='lat' dir='ltr'>nec</span> <span class='ocrx_word' id='word_1_180' title='bbox 1457 2620 1903 2711; x_wconf 32' lang='lat' dir='ltr'>dubium‚·ut</span> <span class='ocrx_word' id='word_1_181' title='bbox 1966 2627 2115 2693; x_wconf 80' lang='lat' dir='ltr'>sunt</span> <span class='ocrx_word' id='word_1_182' title='bbox 2177 2621 2469 2686; x_wconf 86' lang='lat' dir='ltr'>homines</span> <span class='ocrx_word' id='word_1_183' title='bbox 2516 2625 2707 2705; x_wconf 90' lang='lat' dir='ltr'>atque</span> <span class='ocrx_word' id='word_1_184' title='bbox 2753 2619 3062 2697; x_wconf 88' lang='lat' dir='ltr'>fuerunt,</span> 
     </span>
     <span class='ocr_line' id='line_1_24' title="bbox 665 2712 2893 2811; baseline -0 -23"><span class='ocrx_word' id='word_1_185' title='bbox 665 2727 821 2810; x_wconf 90' lang='lat' dir='ltr'>quin</span> <span class='ocrx_word' id='word_1_186' title='bbox 870 2724 1064 2790; x_wconf 90' lang='lat' dir='ltr'>multi</span> <span class='ocrx_word' id='word_1_187' title='bbox 1112 2746 1261 2790; x_wconf 92' lang='lat' dir='ltr'>cum</span> <span class='ocrx_word' id='word_1_188' title='bbox 1307 2724 1424 2790; x_wconf 92' lang='lat' dir='ltr'>illo</span> <span class='ocrx_word' id='word_1_189' title='bbox 1472 2724 1548 2791; x_wconf 87' lang='lat' dir='ltr'>de</span> <span class='ocrx_word' id='word_1_190' title='bbox 1593 2712 1935 2811; x_wconf 76' lang='lat' dir='ltr'>parentum</span> <span class='ocrx_word' id='word_1_191' title='bbox 1980 2730 2187 2790; x_wconf 88' lang='lat' dir='ltr'>aetate</span> <span class='ocrx_word' id='word_1_192' title='bbox 2232 2727 2324 2789; x_wconf 90' lang='lat' dir='ltr'>sic</span> <span class='ocrx_word' id='word_1_193' title='bbox 2368 2724 2794 2790; x_wconf 84' lang='lat' dir='ltr'>iudicaverint</span> <span class='ocrx_word' id='word_1_194' title='bbox 2819 2722 2893 2804; x_wconf 81' lang='lat'>³).</span> 
     </span>
     <span class='ocr_line' id='line_1_25' title="bbox 756 2828 3061 2916; baseline -0.002 -22"><span class='ocrx_word' id='word_1_195' title='bbox 756 2828 864 2895; x_wconf 91' lang='lat' dir='ltr'>Illi</span> <span class='ocrx_word' id='word_1_196' title='bbox 924 2837 1143 2895; x_wconf 88' lang='lat' dir='ltr'>autem</span> <span class='ocrx_word' id='word_1_197' title='bbox 1203 2830 1510 2910; x_wconf 74' lang='grc' dir='ltr'><strong><em>πρότεροι,</em></strong></span> <span class='ocrx_word' id='word_1_198' title='bbox 1578 2852 1857 2916; x_wconf 88' lang='lat' dir='ltr'>quorum</span> <span class='ocrx_word' id='word_1_199' title='bbox 1903 2830 2021 2894; x_wconf 89' lang='lat' dir='ltr'>filii</span> <span class='ocrx_word' id='word_1_200' title='bbox 2070 2828 2311 2895; x_wconf 91' lang='lat' dir='ltr'>bellum</span> <span class='ocrx_word' id='word_1_201' title='bbox 2362 2850 2616 2916; x_wconf 84' lang='lat' dir='ltr'>gessere</span> <span class='ocrx_word' id='word_1_202' title='bbox 2663 2828 3021 2894; x_wconf 80' lang='lat' dir='ltr'>Troianum</span> <span class='ocrx_word' id='word_1_203' title='bbox 3044 2874 3061 2903; x_wconf 89' lang='lat'>,</span> 
     </span>
     <span class='ocr_line' id='line_1_26' title="bbox 673 2933 3063 3022; baseline -0 -23"><span class='ocrx_word' id='word_1_204' title='bbox 673 2938 786 3019; x_wconf 90' lang='lat' dir='ltr'>qui</span> <span class='ocrx_word' id='word_1_205' title='bbox 848 2933 1148 3000; x_wconf 80' lang='lat' dir='ltr'>fuerunt?</span> <span class='ocrx_word' id='word_1_206' title='bbox 1217 2935 1422 3001; x_wconf 85' lang='lat' dir='ltr'>Fuere</span> <span class='ocrx_word' id='word_1_207' title='bbox 1484 2935 1716 3002; x_wconf 87' lang='lat' dir='ltr'>Peleus</span> <span class='ocrx_word' id='word_1_208' title='bbox 1777 2943 1842 3001; x_wconf 91' lang='lat' dir='ltr'>et</span> <span class='ocrx_word' id='word_1_209' title='bbox 1902 2934 2297 3015; x_wconf 88' lang='lat' dir='ltr'>Menoetius,</span> <span class='ocrx_word' id='word_1_210' title='bbox 2362 2935 2621 3022; x_wconf 77' lang='lat' dir='ltr'>Tydeus</span> <span class='ocrx_word' id='word_1_211' title='bbox 2670 2942 2735 2999; x_wconf 87' lang='lat' dir='ltr'>et</span> <span class='ocrx_word' id='word_1_212' title='bbox 2782 2934 3063 3009; x_wconf 85' lang='lat' dir='ltr'>Atreus,</span> 
     </span>
    </p>
   </div>
   <div class='ocr_carea' id='block_1_3' title="bbox 673 3100 1062 3110">
    <p class='ocr_par' dir='ltr' id='par_1_3' title="bbox 673 3100 1062 3110">
     <span class='ocr_line' id='line_1_27' title="bbox 673 3100 1062 3110; baseline 0 1975"><span class='ocrx_word' id='word_1_213' title='bbox 673 3100 1062 3110; x_wconf 95' lang='lat' dir='ltr'> </span> 
     </span>
    </p>
   </div>
   <div class='ocr_carea' id='block_1_4' title="bbox 659 3188 3071 4395">
    <p class='ocr_par' dir='ltr' id='par_1_4' title="bbox 665 3188 3069 3419">
     <span class='ocr_line' id='line_1_28' title="bbox 737 3188 3069 3255; baseline -0.001 -16"><span class='ocrx_word' id='word_1_214' title='bbox 737 3191 792 3255; x_wconf 89' lang='lat'>1)</span> <span class='ocrx_word' id='word_1_215' title='bbox 829 3190 1031 3239; x_wconf 79' lang='lat' dir='ltr'>Versum</span> <span class='ocrx_word' id='word_1_216' title='bbox 1083 3191 1146 3238; x_wconf 72' lang='lat'>5⁹</span> <span class='ocrx_word' id='word_1_217' title='bbox 1194 3205 1279 3239; x_wconf 89' lang='lat' dir='ltr'>suo</span> <span class='ocrx_word' id='word_1_218' title='bbox 1325 3188 1433 3239; x_wconf 85' lang='lat' dir='ltr'>iure</span> <span class='ocrx_word' id='word_1_219' title='bbox 1475 3190 1661 3239; x_wconf 71' lang='lat' dir='ltr'>notavit</span> <span class='ocrx_word' id='word_1_220' title='bbox 1709 3190 1901 3254; x_wconf 82' lang='lat' dir='ltr'>Heyne3</span> <span class='ocrx_word' id='word_1_221' title='bbox 1935 3189 2083 3241; x_wconf 76' lang='lat' dir='ltr'>etism</span> <span class='ocrx_word' id='word_1_222' title='bbox 2119 3205 2281 3240; x_wconf 73' lang='lat' dir='ltr'>versus</span> <span class='ocrx_word' id='word_1_223' title='bbox 2318 3194 2379 3240; x_wconf 82' lang='lat'>58</span> <span class='ocrx_word' id='word_1_224' title='bbox 2416 3205 2477 3239; x_wconf 87' lang='lat' dir='ltr'>sn</span> <span class='ocrx_word' id='word_1_225' title='bbox 2511 3190 2763 3255; x_wconf 79' lang='lat' dir='ltr'>postmodo</span> <span class='ocrx_word' id='word_1_226' title='bbox 2797 3188 2947 3241; x_wconf 73' lang='lat' dir='ltr'>tuerit</span> <span class='ocrx_word' id='word_1_227' title='bbox 2980 3189 3069 3237; x_wconf 72' lang='lat' dir='ltr'>ed·</span> 
     </span>
     <span class='ocr_line' id='line_1_29' title="bbox 665 3270 3067 3337; baseline -0 -16"><span class='ocrx_word' id='word_1_228' title='bbox 665 3271 817 3321; x_wconf 83' lang='lat' dir='ltr'>iectus</span> <span class='ocrx_word' id='word_1_229' title='bbox 855 3272 1023 3322; x_wconf 78' lang='lat' dir='ltr'>dubito</span> <span class='ocrx_word' id='word_1_230' title='bbox 1063 3271 1296 3337; x_wconf 83' lang='lat' dir='ltr'>equidem.</span> <span class='ocrx_word' id='word_1_231' title='bbox 1345 3272 1436 3321; x_wconf 85' lang='lat' dir='ltr'>Sed</span> <span class='ocrx_word' id='word_1_232' title='bbox 1477 3273 1561 3337; x_wconf 84' lang='lat' dir='ltr'>qui</span> <span class='ocrx_word' id='word_1_233' title='bbox 1608 3288 1773 3323; x_wconf 82' lang='lat' dir='ltr'>versus</span> <span class='ocrx_word' id='word_1_234' title='bbox 1817 3273 2012 3325; x_wconf 74' lang='grc'>57-59</span> <span class='ocrx_word' id='word_1_235' title='bbox 2048 3272 2303 3322; x_wconf 79' lang='lat' dir='ltr'>demnebet</span> <span class='ocrx_word' id='word_1_236' title='bbox 2340 3272 2525 3337; x_wconf 80' lang='lat' dir='ltr'>Knight</span> <span class='ocrx_word' id='word_1_237' title='bbox 2558 3287 2665 3321; x_wconf 85' lang='lat' dir='ltr'>eum</span> <span class='ocrx_word' id='word_1_238' title='bbox 2700 3270 2866 3321; x_wconf 69' lang='lat' dir='ltr'>balneo</span> <span class='ocrx_word' id='word_1_239' title='bbox 2900 3298 2968 3308; x_wconf 91' lang='lat'>-—-</span> <span class='ocrx_word' id='word_1_240' title='bbox 3006 3273 3067 3320; x_wconf 72' lang='lat' dir='ltr'>ut</span> 
     </span>
     <span class='ocr_line' id='line_1_30' title="bbox 666 3350 2500 3419; baseline 0.001 -16"><span class='ocrx_word' id='word_1_241' title='bbox 666 3352 814 3403; x_wconf 75' lang='lat' dir='ltr'>vieini</span> <span class='ocrx_word' id='word_1_242' title='bbox 849 3355 999 3403; x_wconf 81' lang='lat' dir='ltr'>nostri</span> <span class='ocrx_word' id='word_1_243' title='bbox 1035 3354 1173 3403; x_wconf 74' lang='lat' dir='ltr'>siunt</span> <span class='ocrx_word' id='word_1_244' title='bbox 1205 3381 1271 3391; x_wconf 92' lang='lat'>—</span> <span class='ocrx_word' id='word_1_245' title='bbox 1306 3354 1466 3418; x_wconf 85' lang='lat' dir='ltr'>ipsum</span> <span class='ocrx_word' id='word_1_246' title='bbox 1503 3370 1704 3419; x_wconf 87' lang='lat' dir='ltr'>puerum</span> <span class='ocrx_word' id='word_1_247' title='bbox 1738 3354 1861 3403; x_wconf 71' lang='lat' dir='ltr'>abici</span> <span class='ocrx_word' id='word_1_248' title='bbox 1894 3354 2048 3404; x_wconf 80' lang='lat' dir='ltr'>iussit.</span> <span class='ocrx_word' id='word_1_249' title='bbox 2496 3350 2500 3353; x_wconf 45' lang='lat'><strong>⁴</strong></span> 
     </span>
    </p>

    <p class='ocr_par' dir='ltr' id='par_1_5' title="bbox 666 3432 3064 3566">
     <span class='ocr_line' id='line_1_31' title="bbox 738 3432 3064 3499; baseline -0.001 -17"><span class='ocrx_word' id='word_1_250' title='bbox 738 3432 798 3499; x_wconf 79' lang='lat'>2)</span> <span class='ocrx_word' id='word_1_251' title='bbox 853 3440 894 3481; x_wconf 92' lang='grc' dir='ltr'>Δ</span> <span class='ocrx_word' id='word_1_252' title='bbox 925 3434 1040 3484; x_wconf 78' lang='lat'>405.</span> <span class='ocrx_word' id='word_1_253' title='bbox 1096 3434 1234 3494; x_wconf 82' lang='lat' dir='ltr'>Quae</span> <span class='ocrx_word' id='word_1_254' title='bbox 1278 3434 1388 3483; x_wconf 85' lang='lat' dir='ltr'>licet</span> <span class='ocrx_word' id='word_1_255' title='bbox 1436 3449 1532 3484; x_wconf 89' lang='lat' dir='ltr'>non</span> <span class='ocrx_word' id='word_1_256' title='bbox 1578 3437 1638 3485; x_wconf 77' lang='lat' dir='ltr'>ed</span> <span class='ocrx_word' id='word_1_257' title='bbox 1684 3436 1937 3485; x_wconf 83' lang='lat' dir='ltr'>Nestorem</span> <span class='ocrx_word' id='word_1_258' title='bbox 1986 3437 2065 3485; x_wconf 82' lang='lat' dir='ltr'>sed</span> <span class='ocrx_word' id='word_1_259' title='bbox 2101 3437 2157 3484; x_wconf 79' lang='lat' dir='ltr'>ad</span> <span class='ocrx_word' id='word_1_260' title='bbox 2198 3436 2584 3499; x_wconf 60' lang='lat' dir='ltr'>Agamemnonem</span> <span class='ocrx_word' id='word_1_261' title='bbox 2618 3434 2859 3492; x_wconf 79' lang='lat' dir='ltr'>dicantur,</span> <span class='ocrx_word' id='word_1_262' title='bbox 2892 3434 3064 3481; x_wconf 81' lang='lat' dir='ltr'>nostro</span> 
     </span>
     <span class='ocr_line' id='line_1_32' title="bbox 666 3516 1655 3566; baseline 0 -1"><span class='ocrx_word' id='word_1_263' title='bbox 666 3518 829 3565; x_wconf 75' lang='lat' dir='ltr'>tamen</span> <span class='ocrx_word' id='word_1_264' title='bbox 862 3516 968 3564; x_wconf 85' lang='lat' dir='ltr'>iure</span> <span class='ocrx_word' id='word_1_265' title='bbox 1003 3516 1092 3564; x_wconf 84' lang='lat' dir='ltr'>hoe</span> <span class='ocrx_word' id='word_1_266' title='bbox 1125 3531 1262 3565; x_wconf 84' lang='lat' dir='ltr'>versu</span> <span class='ocrx_word' id='word_1_267' title='bbox 1297 3532 1422 3565; x_wconf 84' lang='lat' dir='ltr'>nuuc</span> <span class='ocrx_word' id='word_1_268' title='bbox 1456 3516 1655 3566; x_wconf 84' lang='lat' dir='ltr'>utimur.</span> 
     </span>
    </p>

    <p class='ocr_par' dir='ltr' id='par_1_6' title="bbox 659 3594 3071 4395">
     <span class='ocr_line' id='line_1_33' title="bbox 742 3594 3065 3664; baseline -0 -20"><span class='ocrx_word' id='word_1_269' title='bbox 742 3596 798 3661; x_wconf 80' lang='lat'>8)</span> <span class='ocrx_word' id='word_1_270' title='bbox 843 3596 912 3645; x_wconf 77' lang='lat' dir='ltr'>Ex</span> <span class='ocrx_word' id='word_1_271' title='bbox 958 3597 1036 3645; x_wconf 85' lang='lat' dir='ltr'>his</span> <span class='ocrx_word' id='word_1_272' title='bbox 1080 3612 1200 3661; x_wconf 79' lang='lat' dir='ltr'>quse</span> <span class='ocrx_word' id='word_1_273' title='bbox 1247 3598 1488 3663; x_wconf 78' lang='lat' dir='ltr'>disputavi</span> <span class='ocrx_word' id='word_1_274' title='bbox 1533 3601 1730 3664; x_wconf 71' lang='lat' dir='ltr'>apparet</span> <span class='ocrx_word' id='word_1_275' title='bbox 1770 3602 2004 3663; x_wconf 72' lang='lat' dir='ltr'>quatenus</span> <span class='ocrx_word' id='word_1_276' title='bbox 2037 3599 2159 3648; x_wconf 88' lang='lat' dir='ltr'>mihi</span> <span class='ocrx_word' id='word_1_277' title='bbox 2192 3598 2441 3648; x_wconf 78' lang='lat' dir='ltr'>conveniet</span> <span class='ocrx_word' id='word_1_278' title='bbox 2474 3613 2584 3647; x_wconf 83' lang='lat' dir='ltr'>eum</span> <span class='ocrx_word' id='word_1_279' title='bbox 2624 3596 2972 3646; x_wconf 77' lang='lat' dir='ltr'>Weisseeekero</span> <span class='ocrx_word' id='word_1_280' title='bbox 3006 3594 3065 3643; x_wconf 85' lang='lat' dir='ltr'>in</span> 
     </span>
     <span class='ocr_line' id='line_1_34' title="bbox 673 3676 3068 3744; baseline -0.002 -16"><span class='ocrx_word' id='word_1_281' title='bbox 673 3678 906 3729; x_wconf 83' lang='lat' dir='ltr'>Roseheri</span> <span class='ocrx_word' id='word_1_282' title='bbox 954 3678 1125 3728; x_wconf 85' lang='lat' dir='ltr'>Lexico</span> <span class='ocrx_word' id='word_1_283' title='bbox 1177 3678 1505 3744; x_wconf 76' lang='lat' dir='ltr'>Mythologieo</span> <span class='ocrx_word' id='word_1_284' title='bbox 1549 3680 1617 3729; x_wconf 90' lang='lat' dir='ltr'>sic</span> <span class='ocrx_word' id='word_1_285' title='bbox 1661 3680 1916 3731; x_wconf 80' lang='lat' dir='ltr'>stetuenti=</span> <span class='ocrx_word' id='word_1_286' title='bbox 1972 3696 2110 3730; x_wconf 65' lang='lat' dir='ltr'>umen</span> <span class='ocrx_word' id='word_1_287' title='bbox 2155 3679 2399 3730; x_wconf 86' lang='lat' dir='ltr'>bekommt</span> <span class='ocrx_word' id='word_1_288' title='bbox 2439 3681 2533 3729; x_wconf 82' lang='lat' dir='ltr'>den</span> <span class='ocrx_word' id='word_1_289' title='bbox 2568 3678 2812 3728; x_wconf 77' lang='lat' dir='ltr'>Eindruek</span> <span class='ocrx_word' id='word_1_290' title='bbox 2846 3678 2951 3726; x_wconf 79' lang='lat' dir='ltr'>dese</span> <span class='ocrx_word' id='word_1_291' title='bbox 2983 3676 3068 3724; x_wconf 74' lang='lat' dir='ltr'>die</span> 
     </span>
     <span class='ocr_line' id='line_1_35' title="bbox 671 3757 3070 3825; baseline -0.001 -16"><span class='ocrx_word' id='word_1_292' title='bbox 671 3760 804 3825; x_wconf 75' lang='lat' dir='ltr'>Epen</span> <span class='ocrx_word' id='word_1_293' title='bbox 849 3760 900 3810; x_wconf 85' lang='lat' dir='ltr'>in</span> <span class='ocrx_word' id='word_1_294' title='bbox 947 3762 1127 3810; x_wconf 88' lang='lat' dir='ltr'>Nestor</span> <span class='ocrx_word' id='word_1_295' title='bbox 1160 3761 1242 3810; x_wconf 80' lang='lat' dir='ltr'>des</span> <span class='ocrx_word' id='word_1_296' title='bbox 1279 3760 1415 3809; x_wconf 84' lang='lat' dir='ltr'>Idesl</span> <span class='ocrx_word' id='word_1_297' title='bbox 1449 3760 1578 3810; x_wconf 88' lang='lat' dir='ltr'>eines</span> <span class='ocrx_word' id='word_1_298' title='bbox 1613 3762 1804 3812; x_wconf 83' lang='lat' dir='ltr'>Greises</span> <span class='ocrx_word' id='word_1_299' title='bbox 1838 3761 2061 3811; x_wconf 84' lang='lat' dir='ltr'>zeiehnen</span> <span class='ocrx_word' id='word_1_300' title='bbox 2095 3761 2303 3819; x_wconf 72' lang='lat' dir='ltr'>wollten,</span> <span class='ocrx_word' id='word_1_301' title='bbox 2338 3760 2449 3825; x_wconf 89' lang='lat' dir='ltr'>[der</span> <span class='ocrx_word' id='word_1_302' title='bbox 2479 3760 2631 3809; x_wconf 83' lang='lat' dir='ltr'>durch</span> <span class='ocrx_word' id='word_1_303' title='bbox 2666 3759 2765 3809; x_wconf 86' lang='lat' dir='ltr'>sein</span> <span class='ocrx_word' id='word_1_304' title='bbox 2800 3758 2937 3808; x_wconf 80' lang='lat' dir='ltr'>Alter</span> <span class='ocrx_word' id='word_1_305' title='bbox 2966 3757 3070 3806; x_wconf 72' lang='lat' dir='ltr'>wie</span> 
     </span>
     <span class='ocr_line' id='line_1_36' title="bbox 669 3839 3071 3907; baseline -0.002 -16"><span class='ocrx_word' id='word_1_306' title='bbox 669 3843 777 3891; x_wconf 88' lang='lat' dir='ltr'>eine</span> <span class='ocrx_word' id='word_1_307' title='bbox 823 3841 1049 3907; x_wconf 70' lang='lat' dir='ltr'>Reliquis</span> <span class='ocrx_word' id='word_1_308' title='bbox 1094 3858 1182 3891; x_wconf 79' lang='lat' dir='ltr'>aus</span> <span class='ocrx_word' id='word_1_309' title='bbox 1213 3842 1346 3891; x_wconf 81' lang='lat' dir='ltr'>einer</span> <span class='ocrx_word' id='word_1_310' title='bbox 1379 3842 1579 3902; x_wconf 58' lang='lat' dir='ltr'>altsteti,</span> <span class='ocrx_word' id='word_1_311' title='bbox 1615 3844 1736 3892; x_wconf 80' lang='lat' dir='ltr'>noch</span> <span class='ocrx_word' id='word_1_312' title='bbox 1773 3843 2162 3892; x_wconf 80' lang='lat' dir='ltr'>beldenhefteren</span> <span class='ocrx_word' id='word_1_313' title='bbox 2201 3841 2493 3892; x_wconf 70' lang='lat' dir='ltr'>Generation</span> <span class='ocrx_word' id='word_1_314' title='bbox 2526 3842 2577 3890; x_wconf 89' lang='lat' dir='ltr'>in</span> <span class='ocrx_word' id='word_1_315' title='bbox 2611 3841 2689 3889; x_wconf 88' lang='lat' dir='ltr'>die</span> <span class='ocrx_word' id='word_1_316' title='bbox 2716 3842 2923 3903; x_wconf 68' lang='lat' dir='ltr'>jungere</span> <span class='ocrx_word' id='word_1_317' title='bbox 2955 3839 3071 3887; x_wconf 81' lang='lat' dir='ltr'>her-</span> 
     </span>
     <span class='ocr_line' id='line_1_37' title="bbox 667 3918 3067 3989; baseline -0.002 -18"><span class='ocrx_word' id='word_1_318' title='bbox 667 3922 934 3987; x_wconf 80' lang='lat' dir='ltr'>einregt]”.</span> <span class='ocrx_word' id='word_1_319' title='bbox 972 3922 1070 3971; x_wconf 87' lang='lat' dir='ltr'>Ubi</span> <span class='ocrx_word' id='word_1_320' title='bbox 1104 3938 1225 3987; x_wconf 74' lang='lat' dir='ltr'>quae</span> <span class='ocrx_word' id='word_1_321' title='bbox 1257 3923 1477 3973; x_wconf 72' lang='lat' dir='ltr'>concellis</span> <span class='ocrx_word' id='word_1_322' title='bbox 1508 3925 1661 3989; x_wconf 83' lang='lat' dir='ltr'>seepsi</span> <span class='ocrx_word' id='word_1_323' title='bbox 1694 3924 1850 3973; x_wconf 75' lang='lat' dir='ltr'>abesse</span> <span class='ocrx_word' id='word_1_324' title='bbox 1886 3924 2067 3973; x_wconf 70' lang='lat' dir='ltr'>malim.</span> <span class='ocrx_word' id='word_1_325' title='bbox 2103 3925 2229 3973; x_wconf 82' lang='lat' dir='ltr'>Nem</span> <span class='ocrx_word' id='word_1_326' title='bbox 2268 3923 2487 3988; x_wconf 77' lang='lat' dir='ltr'>aequales</span> <span class='ocrx_word' id='word_1_327' title='bbox 2520 3922 2741 3972; x_wconf 75' lang='lat' dir='ltr'>Nestoris</span> <span class='ocrx_word' id='word_1_328' title='bbox 2776 3922 2895 3985; x_wconf 83' lang='lat' dir='ltr'>quin</span> <span class='ocrx_word' id='word_1_329' title='bbox 2922 3918 3067 3969; x_wconf 78' lang='lat' dir='ltr'>multi</span> 
     </span>
     <span class='ocr_line' id='line_1_38' title="bbox 668 3999 3071 4070; baseline -0.002 -18"><span class='ocrx_word' id='word_1_330' title='bbox 668 4004 955 4069; x_wconf 81' lang='lat' dir='ltr'>superstites</span> <span class='ocrx_word' id='word_1_331' title='bbox 999 4004 1196 4053; x_wconf 69' lang='lat' dir='ltr'>ruissent</span> <span class='ocrx_word' id='word_1_332' title='bbox 1246 4011 1458 4070; x_wconf 82' lang='lat' dir='ltr'>tempore</span> <span class='ocrx_word' id='word_1_333' title='bbox 1496 4004 1609 4054; x_wconf 89' lang='lat' dir='ltr'>belli</span> <span class='ocrx_word' id='word_1_334' title='bbox 1648 4006 1842 4055; x_wconf 75' lang='lat' dir='ltr'>Troiani</span> <span class='ocrx_word' id='word_1_335' title='bbox 1877 4004 2059 4070; x_wconf 84' lang='lat' dir='ltr'>priscus</span> <span class='ocrx_word' id='word_1_336' title='bbox 2092 4008 2232 4069; x_wconf 82' lang='lat' dir='ltr'>poete</span> <span class='ocrx_word' id='word_1_337' title='bbox 2266 4005 2461 4053; x_wconf 83' lang='lat' dir='ltr'>minime</span> <span class='ocrx_word' id='word_1_338' title='bbox 2492 4004 2684 4053; x_wconf 83' lang='lat' dir='ltr'>videtur</span> <span class='ocrx_word' id='word_1_339' title='bbox 2714 4002 2978 4055; x_wconf 61' lang='lat' dir='ltr'>dubitas-ez</span> <span class='ocrx_word' id='word_1_340' title='bbox 3012 3999 3071 4048; x_wconf 82' lang='lat' dir='ltr'>in</span> 
     </span>
     <span class='ocr_line' id='line_1_39' title="bbox 668 4084 3070 4166; baseline 0.001 -33"><span class='ocrx_word' id='word_1_341' title='bbox 668 4084 851 4134; x_wconf 83' lang='lat' dir='ltr'>bellum</span> <span class='ocrx_word' id='word_1_342' title='bbox 890 4085 1082 4149; x_wconf 81' lang='lat' dir='ltr'>quidem</span> <span class='ocrx_word' id='word_1_343' title='bbox 1118 4084 1194 4135; x_wconf 90' lang='lat' dir='ltr'>illi</span> <span class='ocrx_word' id='word_1_344' title='bbox 1231 4101 1326 4135; x_wconf 79' lang='lat' dir='ltr'>nou</span> <span class='ocrx_word' id='word_1_345' title='bbox 1362 4089 1474 4136; x_wconf 87' lang='lat' dir='ltr'>sunt</span> <span class='ocrx_word' id='word_1_346' title='bbox 1509 4086 1641 4137; x_wconf 84' lang='lat' dir='ltr'>missi</span> <span class='ocrx_word' id='word_1_347' title='bbox 1672 4090 1837 4166; x_wconf 46' lang='lat' dir='ltr'>utpote</span> <span class='ocrx_word' id='word_1_348' title='bbox 1870 4087 2097 4144; x_wconf 83' lang='lat' dir='ltr'>seniores,</span> <span class='ocrx_word' id='word_1_349' title='bbox 2130 4087 2211 4135; x_wconf 85' lang='lat' dir='ltr'>sed</span> <span class='ocrx_word' id='word_1_350' title='bbox 2242 4086 2373 4135; x_wconf 82' lang='lat' dir='ltr'>domi</span> <span class='ocrx_word' id='word_1_351' title='bbox 2406 4088 2709 4145; x_wconf 50' lang='lat' dir='ltr'>mansel-unu</span> <span class='ocrx_word' id='word_1_352' title='bbox 2740 4100 2862 4135; x_wconf 80' lang='lat' dir='ltr'>unus</span> <span class='ocrx_word' id='word_1_353' title='bbox 2888 4087 3070 4135; x_wconf 82' lang='lat' dir='ltr'>Nestor</span> 
     </span>
     <span class='ocr_line' id='line_1_40' title="bbox 674 4166 3068 4233; baseline 0 -17"><span class='ocrx_word' id='word_1_354' title='bbox 674 4182 1008 4231; x_wconf 78' lang='lat' dir='ltr'>quemcunque</span> <span class='ocrx_word' id='word_1_355' title='bbox 1067 4166 1126 4217; x_wconf 86' lang='lat' dir='ltr'>ob</span> <span class='ocrx_word' id='word_1_356' title='bbox 1170 4184 1357 4217; x_wconf 69' lang='lat' dir='ltr'>causam</span> <span class='ocrx_word' id='word_1_357' title='bbox 1405 4168 1528 4218; x_wconf 77' lang='lat' dir='ltr'>filios</span> <span class='ocrx_word' id='word_1_358' title='bbox 1563 4169 1613 4218; x_wconf 90' lang='lat' dir='ltr'>in</span> <span class='ocrx_word' id='word_1_359' title='bbox 1645 4169 1807 4218; x_wconf 79' lang='lat' dir='ltr'>Asism</span> <span class='ocrx_word' id='word_1_360' title='bbox 1844 4168 2193 4233; x_wconf 83' lang='lat' dir='ltr'>proficiscentes</span> <span class='ocrx_word' id='word_1_361' title='bbox 2226 4168 2481 4217; x_wconf 73' lang='lat' dir='ltr'>comitatus</span> <span class='ocrx_word' id='word_1_362' title='bbox 2513 4174 2596 4217; x_wconf 72' lang='lat' dir='ltr'>est.</span> <span class='ocrx_word' id='word_1_363' title='bbox 2634 4168 2877 4217; x_wconf 74' lang='lat' dir='ltr'>Fortium</span> <span class='ocrx_word' id='word_1_364' title='bbox 2908 4170 3068 4218; x_wconf 77' lang='lat' dir='ltr'>sutem</span> 
     </span>
     <span class='ocr_line' id='line_1_41' title="bbox 659 4248 3069 4315; baseline -0 -18"><span class='ocrx_word' id='word_1_365' title='bbox 659 4248 822 4312; x_wconf 66' lang='lat' dir='ltr'>fuine</span> <span class='ocrx_word' id='word_1_366' title='bbox 873 4249 1098 4299; x_wconf 80' lang='lat' dir='ltr'>Nestoris</span> <span class='ocrx_word' id='word_1_367' title='bbox 1143 4250 1362 4313; x_wconf 79' lang='lat' dir='ltr'>eequsles</span> <span class='ocrx_word' id='word_1_368' title='bbox 1396 4265 1539 4314; x_wconf 82' lang='lat' dir='ltr'>quem</span> <span class='ocrx_word' id='word_1_369' title='bbox 1575 4250 1945 4313; x_wconf 75' lang='lat' dir='ltr'>Agamemnonis</span> <span class='ocrx_word' id='word_1_370' title='bbox 1979 4249 2055 4297; x_wconf 84' lang='lat' dir='ltr'>vel</span> <span class='ocrx_word' id='word_1_371' title='bbox 2090 4249 2290 4298; x_wconf 82' lang='lat' dir='ltr'>Achillis</span> <span class='ocrx_word' id='word_1_372' title='bbox 2324 4264 2420 4298; x_wconf 85' lang='lat' dir='ltr'>non</span> <span class='ocrx_word' id='word_1_373' title='bbox 2458 4248 2527 4299; x_wconf 81' lang='lat' dir='ltr'>ait</span> <span class='ocrx_word' id='word_1_374' title='bbox 2561 4252 2715 4315; x_wconf 75' lang='lat' dir='ltr'>poete,</span> <span class='ocrx_word' id='word_1_375' title='bbox 2750 4264 2902 4313; x_wconf 83' lang='lat' dir='ltr'>neque</span> <span class='ocrx_word' id='word_1_376' title='bbox 2936 4252 3069 4313; x_wconf 75' lang='lat' dir='ltr'>pute·</span> 
     </span>
     <span class='ocr_line' id='line_1_42' title="bbox 673 4329 2150 4395; baseline 0.001 -18"><span class='ocrx_word' id='word_1_377' title='bbox 673 4330 738 4378; x_wconf 76' lang='lat' dir='ltr'>vit</span> <span class='ocrx_word' id='word_1_378' title='bbox 774 4329 962 4395; x_wconf 82' lang='lat' dir='ltr'>opinor,</span> <span class='ocrx_word' id='word_1_379' title='bbox 998 4331 1077 4379; x_wconf 84' lang='lat' dir='ltr'>sed</span> <span class='ocrx_word' id='word_1_380' title='bbox 1113 4331 1269 4395; x_wconf 85' lang='lat' dir='ltr'>ipsum</span> <span class='ocrx_word' id='word_1_381' title='bbox 1305 4331 1559 4380; x_wconf 77' lang='lat' dir='ltr'>Nestorem</span> <span class='ocrx_word' id='word_1_382' title='bbox 1591 4331 1641 4379; x_wconf 78' lang='lat' dir='ltr'>id</span> <span class='ocrx_word' id='word_1_383' title='bbox 1668 4330 1989 4394; x_wconf 70' lang='lat' dir='ltr'>perhibentem</span> <span class='ocrx_word' id='word_1_384' title='bbox 2024 4330 2150 4379; x_wconf 74' lang='lat' dir='ltr'>tecit.</span> 
     </span>
    </p>
   </div>
   <div class='ocr_carea' id='block_1_5' title="bbox 2714 4344 3246 5085">
    <p class='ocr_par' dir='ltr' id='par_1_7' title="bbox 2714 4344 3246 5085">
     <span class='ocr_line' id='line_1_43' title="bbox 2714 4344 3246 5085; baseline 0 0"><span class='ocrx_word' id='word_1_385' title='bbox 2714 4344 3246 5085; x_wconf 95' lang='lat' dir='ltr'> </span> 
     </span>
    </p>
   </div>
  </div>
 </body>
</html>
