3246 5085
645 322 733 387 86
1669 341 2000 391 umws.

655 504 798 553 detur
829 504 1043 568 profecta
1073 519 1104 551 a
1138 518 1203 553 m.
1240 518 1281 552 r.
1332 503 1399 552 29
1432 502 1769 554 inminuta
1802 501 1886 566 ὑφ’
1913 502 1965 553 ’ἐν
1995 502 2098 565 ΕΦ.
2149 504 2214 553 30
2246 506 2318 553 set
2345 507 2398 563 Φ.
2451 502 2616 562 arm.
2635 502 2886 567 puplicum
2911 500 3074 551 nale

636 591 835 656 puplice
864 597 921 654 φ.
984 594 1012 639 5
1048 590 1370 655 Maqistratm
1402 590 1455 650 P,
1490 592 1569 639 sed
1604 590 1670 639 M
1693 591 1920 656 rescripta
1953 595 2040 640 est.
2107 590 2137 639 9
2172 590 2544 654 uta-inquunt:
2575 595 2630 652 φ.
2685 584 2758 638 15’
2777 582 3062 638 {uenirent

647 679 712 726 1⁴¹⁸
730 683 784 740 Φ.
852 680 911 730 15
938 678 1163 743 protinus
1196 680 1261 729 1³⁸
1278 684 1334 741 φ.
1394 678 1461 727 80
1480 670 1689 743 {coneql
1722 682 1811 740 42²,
1858 680 1938 729 sed
1972 695 2034 728 m.
2073 694 2114 729 r.
2149 679 2291 728 ducta
2328 676 2504 728 lineola
2537 677 2596 725 ad
2631 676 3062 742 perpendiculum

646 766 834 816 derecta
866 767 1030 816 divisit
1054 758 1149 830 ’ῥ’σο
1182 781 1210 816 a
1244 764 1557 831 sequentibus-
1580 765 1772 824 litteris,
1805 764 1988 815 eadem·
2003 780 2172 817 manua
2205 766 2412 816 mutavit
2445 769 2499 830 q'l
2529 766 2582 815 in
2617 780 2696 829 qJ.

737 907 891 987 227,
919 909 1006 974 22
1053 911 1285 995 quibus
1322 914 1543 975 autem
1582 910 1798 974 uerbis
1835 915 2161 974 accusator
2199 916 2458 985 <reum>
2497 910 2750 985 urserit,
2793 908 3060 993 quibus

644 1016 835 1081 rebus
896 1014 1161 1079 diluerit
1220 1036 1365 1080 reus
1423 1035 1494 1080 ac
1539 1035 1801 1099 prorsus
1847 1017 2162 1079 orationes
2207 1014 2776 1099 altercationesque
2822 1031 3058 1097 neque

644 1122 783 1204 ipse
840 1120 1063 1185 absens
1124 1120 1293 1205 apud
1357 1122 1757 1212 praesepium
1805 1122 1964 1185 scire
2012 1127 2056 1197 <
2057 1120 2280 1201 potui>
2327 1140 2533 1204 neque
2577 1119 2656 1183 ad
2707 1139 2816 1183 uos
2863 1136 3054 1202 quae

645 1227 943 1311 ignoraui
988 1246 1248 1310 possum
1296 1227 1646 1290 enuntiare.

736 1330 961 1406 Reum,
1026 1330 1193 1414 quod
1248 1329 1299 1393 F
1346 1352 1472 1396 non
1518 1332 1810 1416 agnoscit
1853 1332 1921 1394 in
1968 1336 2023 1407 Φ
2069 1326 2300 1394 manus
2346 1350 2562 1397 recens
2605 1330 2915 1403 inseruit,
2969 1330 3058 1391 in

648 1441 903 1500 textum
963 1456 1088 1501 non
1151 1438 1449 1502 existimo
1509 1436 1980 1521 recipiendum,
2043 1438 2246 1501 immo
2295 1441 2370 1499 ut
2415 1436 2774 1500 coninnitas
2805 1433 2850 1511 ¹)
2903 1454 3062 1497 ser-

646 1547 836 1606 vetur
881 1544 1095 1626 potius
1140 1542 1336 1607 verba
1380 1542 1605 1605 urserit
1647 1545 1716 1606 in
1754 1544 1966 1626 priore
2007 1546 2072 1607 et
2111 1541 2366 1605 diluerit
2401 1542 2470 1605 in
2510 1538 2712 1605 altero
2737 1538 3053 1603 membro

646 1654 902 1711 careant
947 1647 1193 1712 obiecto
1238 1667 1492 1712 necesse
1538 1653 1655 1712 est.

738 1750 935 1815 Porro
995 1757 1274 1835 praestat
1334 1751 1599 1817 fortasse
1662 1754 1751 1817 sic
1797 1752 2104 1816 scribere:
2154 1770 2358 1834 neque
2403 1752 2543 1834 ipse
2589 1749 2813 1814 absens
2859 1748 3053 1833 apud

647 1857 1051 1939 praesepium
1114 1857 1377 1937 (potui)
1440 1858 1600 1921 scire
1647 1877 1700 1921 e.
1728 1878 1786 1941 q.
1815 1878 1866 1920 s.
1918 1857 2219 1941 quoniam
2266 1857 2404 1921 veri
2451 1853 2730 1919 similius
2775 1858 2872 1917 est
2919 1874 3052 1917 uo-

646 1980 784 2025 cem
822 1959 1006 2041 potui
1052 1966 1239 2045 (quae
1285 1963 1355 2024 in
1400 1969 1453 2037 Φ
1502 1981 1539 2025 a
1586 1983 1673 2025 m.
1723 1982 1773 2025 r.
1824 1966 2080 2025 exarata
2126 1966 2224 2025 est
2267 1981 2460 2045 supra
2505 1960 2681 2037 scire)
2720 1958 3050 2023 excidisse

644 2070 787 2151 post
838 2066 1061 2147 psepia
1120 2087 1314 2151 quam
1376 2072 1520 2153 post
1578 2066 1751 2129 scire.
1815 2066 2007 2131 Hunc
2067 2067 2413 2131 verborum
2474 2065 2760 2131 ordinem
2807 2070 3052 2129 tuetur

645 2172 930 2256 primum
990 2177 1113 2250 (vs.
1162 2170 1277 2250 26)
1338 2191 1600 2255 possum
1648 2174 2014 2249 enuntiare,
2064 2171 2288 2237 deinde
2337 2169 2471 2248 (76,
2501 2168 2614 2249 20)
2659 2172 2874 2254 potuit
2921 2168 3048 2233 ad-

647 2276 908 2353 ducere;
975 2274 1111 2355 (78,
1144 2276 1207 2356 l)
1268 2282 1479 2361 posset
1537 2276 1854 2361 explicare
1871 2296 1888 2354 3
1954 2275 2134 2357 (122,
2165 2278 2228 2356 1)
2292 2281 2640 2360 potuerunt
2697 2274 3043 2359 prodesse;

648 2380 829 2461 (166,
856 2380 970 2460 29)
1016 2384 1232 2466 potuit
1277 2380 1519 2466 expleri
1533 2402 1550 2460 ;
1599 2380 1782 2462 (182,
1813 2380 1924 2461 15)
1970 2384 2207 2466 poterit
2254 2383 2514 2459 iuuare;
2565 2378 2748 2459 (218,
2774 2380 2844 2460 4)
2891 2382 3050 2463 qui-

647 2488 747 2551 uit
794 2488 1090 2552 amittere
1108 2533 1125 2564 ,
1175 2490 1294 2552 cet.

738 2648 891 2728 227,
920 2651 1007 2716 26
1056 2651 1135 2717 ad
1182 2653 1338 2717 istas
1382 2651 1634 2718 litteras
1677 2652 2017 2737 proferam.

734 2755 940 2842 Supra
984 2757 1266 2843 legimus
1309 2756 1491 2838 (222,
1521 2756 1636 2837 22)
1675 2758 1753 2822 ad
1791 2757 2030 2822 librum
2073 2758 2323 2842 profero
2341 2779 2358 2836 ;
2400 2753 2854 2842 comparandae
2875 2764 3045 2823 sunt

642 2859 1028 2927 locutiones:
1077 2862 1389 2947 producor
1436 2863 1513 2928 ad
1560 2865 1736 2928 uiam
1758 2912 1774 2940 ,
1825 2863 1904 2928 ad
1951 2866 2128 2928 uiam
2174 2863 2488 2949 prodeunt
2522 2871 2639 2928 cet.
2681 2863 2756 2928 de
2795 2863 3042 2947 quibus

644 2969 751 3052 egi
798 2966 876 3032 ad
928 2966 1077 3044 191,
1110 2967 1211 3032 14.
1262 2967 1371 3032 Bis
1418 2975 1639 3034 autem
1683 2971 2066 3054 praepositio
2105 2969 2172 3033 iot
2211 2968 2552 3034 adhibetur
2586 2966 2718 3033 scil.
2745 2966 2928 3046 (136,
2959 2967 3034 3048 5)

643 3071 1003 3156 producunt
1046 3074 1116 3136 in
1161 3075 1339 3138 uiam
1388 3077 1454 3138 et
1498 3072 1678 3152 (156,
1712 3073 1821 3151 11)
1866 3074 2162 3159 producit
2207 3077 2274 3138 in
2321 3077 2520 3138 uiam.

735 3235 889 3314 227,
917 3235 1003 3303 27
1060 3235 1259 3301 simul
1316 3240 1491 3302 enim
1536 3237 1738 3330 finita.
1763 3243 1860 3303 est
1905 3239 2257 3305 dicentium
2305 3241 2624 3305 contentio
2670 3239 3022 3304 ueritatem

640 3345 988 3407 criminum
1027 3342 1343 3427 fidemque
1382 3343 1868 3427 probationibus
1905 3347 2093 3409 certis
2126 3347 2359 3409 instrui
2399 3365 2512 3409 nec
2549 3343 3024 3429 suspicionibus

640 3451 887 3514 tantam
950 3451 1378 3514 coniecturam
1440 3450 1734 3532 permitti
1796 3447 2040 3533 placuit
2099 3455 2289 3534 atque
2348 3449 2541 3513 illum
2603 3451 3020 3534 potissimum

641 3573 899 3616 seruum
919 3599 935 3629 ,
988 3555 1099 3637 qui
1145 3551 1315 3617 solus
1361 3552 1515 3616 haec
1560 3555 1654 3616 ita
1698 3558 1883 3638 gesta
1927 3574 2061 3618 esse
2108 3557 2266 3618 scire
2314 3553 2649 3630 diceretur,
2697 3555 2840 3617 sisti
2884 3571 3025 3617 mo-

642 3656 739 3722 dis
786 3658 1081 3722 omnibus
1129 3661 1496 3742 [oportere].

578 3835 601 3844 ,,
728 3763 829 3828 Ita
874 3766 983 3848 agi
1027 3785 1149 3829 non
1204 3763 1575 3848 „oportere”
1620 3766 1715 3828 ita
1759 3765 1870 3849 agi
1917 3765 2133 3828 visum
2173 3769 2269 3828 est
2305 3763 2626 3828 iudicibus
2662 3761 2768 3828 vel
2804 3765 3024 3848 potius

638 3869 963 3954 patribus,
1030 3870 1142 3952 qui
1198 3871 1267 3932 in
1327 3870 1571 3933 curiam
1636 3874 2061 3934 convenerant
2119 3868 2222 3946 (cf.
2265 3889 2360 3934 vs.
2413 3868 2546 3948 15),
2595 3869 3016 3953 quamobrem

638 3974 867 4040 seclusi
935 3977 1596 4059 interpretamentum.
1670 3972 1913 4058 Operae
1982 3977 2266 4060 pretium
2320 3981 2416 4040 est
2483 3976 2817 4040 observare
2883 3975 3016 4037 nisi

636 4081 961 4145 rarissime
1018 4083 1086 4144 in
1148 4079 1782 4165 Metamorphosibus
1842 4087 2110 4164 oportere
2165 4101 2288 4146 non
2328 4099 2686 4146 occurrere:
2734 4082 2804 4144 in
2847 4077 3018 4145 libro

703 4351 759 4415 1)
811 4352 885 4400 Of.
940 4351 1109 4401 Novak
1160 4351 1193 4402 1.
1240 4367 1283 4402 c.
1332 4367 1412 4417 pg.
1464 4355 1492 4401 5
1540 4351 1787 4417 Apuleius,
1832 4352 1916 4417 qni
1960 4351 2311 4417 aequabilitatis
2355 4353 2587 4403 temonis
2632 4352 2894 4403 adfectator
2939 4357 3017 4403 ent

638 4448 838 4498 magnus
870 4447 913 4482 ο.
931 4447 977 4497 q.
996 4448 1032 4482 ι.
