3246 5085
1299 316 1611 366 nonnus.
1872 322 1879 330 ·
2497 297 2629 369 237

237 511 356 576 per
422 494 532 552 aut
588 488 863 552 correxit
930 483 1154 550 Editor
1213 483 1430 549 addito
1491 481 1784 568 exemplo
1846 480 2291 559 Sallustiano,
2352 471 2433 548 an
2494 485 2633 568 ipse

239 595 468 662 Aelius
531 599 630 659 est
689 595 801 678 qui
859 593 1076 657 iunxit
1137 589 1233 671 (2)
1296 610 1445 654 cum
1492 585 1635 668 (1)‘?
1682 587 1975 653 Tertium
2026 591 2251 674 utique
2298 610 2335 654 a
2384 587 2633 655 Donato

237 699 739 768 abiudicandum
787 697 1080 780 videtur..

337 806 500 872 Ibid.
555 804 636 871 19
709 805 882 870 Miro
944 801 1213 868 artificio
1259 808 1482 887 poetae
1529 805 1596 866 et
1642 801 1719 866 ab
1766 802 1955 866 initio
2004 822 2126 867 non
2173 799 2463 886 placatur
2506 801 2635 889 Py-

239 915 415 980 thias
452 933 566 978 nec
604 911 770 977 redit
806 913 874 975 in
897 912 1177 996 gratiam
1216 905 1532 974 Chaereae
1571 912 1637 972 et
1675 910 1937 992 insuper
1970 929 2139 973 nunc
2179 928 2215 973 a
2238 907 2633 988 Parmenone

235 1021 536 1086 irritatus
575 1019 818 1104 magis,
859 1021 935 1080 ut
973 1035 1086 1101 per
1120 1035 1264 1082 eam
1305 1013 1618 1080 Parmeno
1658 1018 1992 1093 terreatur,
2032 1034 2143 1099 per
2167 1013 2631 1080 Parmenonem

237 1125 500 1214 ingredi
560 1124 638 1191 ad
698 1122 1009 1190 Thaidem
1072 1129 1342 1208 cogatur
1400 1141 1586 1187 senex
1607 1170 1625 1199 ,
1682 1141 1796 1206 per
1842 1141 2055 1186 senem
2108 1122 2371 1206 nupt-iae
2420 1120 2642 1187 confir-

239 1238 526 1299 mentur.
573 1230 746 1294 Haec
789 1250 922 1310 erqo
959 1228 1294 1312 artificibus
1339 1234 1398 1290 et
1433 1226 1712 1304 eruditi&
1752 1234 1943 1290 cetera
1979 1227 2423 1309 spectatoribus
2451 1233 2639 1310 poeta

239 1339 502 1405 exhibet.

331 1447 668 1512 Postrema
734 1441 1220 1508 Wessnerus
1289 1441 1525 1506 merito
1597 1438 1927 1504 inclinatis
1998 1437 2237 1505 litteris
2306 1460 2344 1504 a
2404 1439 2641 1506 Donati

239 1551 483 1621 scholio
531 1551 608 1616 de
653 1550 1022 1615 oeconomia
1071 1546 1325 1613 fabulae
1371 1547 1715 1631 separavit.
1764 1545 2016 1610 Mirum
2063 1547 2130 1610 in
2180 1545 2446 1611 modum
2494 1545 2645 1611 Edi·

243 1667 370 1738 tor,
442 1679 587 1724 nam
657 1659 715 1721 is
786 1661 916 1732 est,
989 1656 1232 1741 opinor,
1303 1673 1494 1739 quem
1567 1651 1903 1730 audimus,
1978 1673 2015 1718 a
2086 1653 2638 1740 „spectatoribus”

245 1767 548 1832 distinxit
625 1762 989 1841 „eruditos”
1071 1764 1115 1826 i.
1158 1782 1211 1826 e.
1276 1763 1737 1846 grammaticos
1798 1766 1863 1824 et
1923 1759 2213 1826 rhetores
2272 1763 2643 1847 posterioris

245 1875 390 1941 aevi
413 1921 430 1951 ,
480 1892 636 1958 quas
680 1876 936 1957 poetam
981 1871 1113 1934 iam
1161 1874 1307 1934 ante
1355 1865 1573 1952 ocul—os
1622 1866 1919 1931 habuisse
1967 1867 2189 1932 credit.

343 1977 441 2044 Ad
519 1978 682 2042 hanc
750 1973 1076 2040 insolitam
1137 1971 1655 2059 interpolationis
1716 1974 1993 2057 speciem
2057 1973 2254 2038 refero
2317 1976 2511 2040 etiam
2575 1976 2642 2039 in

245 2087 370 2152 hac
407 2103 661 2149 scaena:
707 2081 792 2146 43
837 2080 986 2158 „sed
1027 2085 1212 2165 poeta
1251 2080 1370 2144 hoc
1410 2081 1586 2165 agit,
1630 2099 1932 2164 personae
1957 2080 2289 2144 nesciunt’'
2331 2088 2397 2146 et
2435 2079 2521 2145 45
2547 2080 2644 2163 (2)

251 2192 557 2276 „choragi
619 2194 716 2254 est
777 2188 1248 2254 administratio
1268 2234 1285 2264 ,
1347 2191 1424 2250 ut
1468 2191 1826 2271 opportune
1872 2188 1939 2250 in
1986 2186 2430 2272 proscaenium
2478 2185 2642 2268 (scil.

249 2319 442 2365 senex
502 2294 854 2383 prodeat).’'
926 2291 1408 2359 Eiusdemmodi
1482 2290 1724 2358 scholia
1791 2291 2083 2358 Donatus
2151 2300 2511 2381 opportuna
2580 2300 2646 2360 et

217 2389 575 2492 ‘elegantia
618 2400 882 2467 exhibet
925 2421 1076 2466 mox
1123 2398 1203 2465 ad
1249 2397 1302 2462 V
1351 2400 1412 2464 5.
1443 2396 1552 2477 2¹7,
1603 2394 1663 2464 7.
1696 2400 1729 2462 1
1758 2397 1878 2479 (3),
1929 2398 1993 2464 8.
2019 2402 2081 2466 4.

344 2509 508 2577 Ibid.
559 2509 648 2575 30
1764 2505 2099 2593 Virginem
2149 2508 2348 2575 etiam
2400 2559 2414 2576 .
2444 2556 2505 2575 ..

527 2616 666 2683 Scis
713 2636 855 2681 eam
901 2616 1050 2680 hinc
1096 2614 1306 2681 civem
1355 2610 1528 2679 esse?
1575 2618 1642 2677 et
1686 2613 1947 2679 fratrem
1998 2617 2139 2681 eius
2177 2636 2312 2682 esse
2350 2615 2641 2702 adprime

527 2720 814 2790 nobilem

345 2830 510 2897 Don.
559 2829 656 2909 (2)
705 2828 882 2893 Haec
927 2827 1006 2893 ad
1053 2832 1360 2892 terrorem
1398 2824 1721 2913 gradatim
1760 2831 1947 2892 aucta
1987 2833 2159 2893 sunt.
2298 2826 2646 2914 Supplevit

251 2936 410 3003 Eat:
473 2934 642 3001 Nam
705 2936 916 3020 primo
965 2931 1396 3019 „virginem’'‚
1444 2936 1590 3018 post
1640 2931 1957 3012 „civem”,
2007 2932 2087 3000 ad
2133 2932 2445 3000 ultimum
2499 2958 2648 3013 „no-

249 3041 406 3108 bilis
453 3042 799 3107 sororem’'.
848 3038 946 3107 Of.
995 3037 1083 3102 IV
1132 3036 1192 3104 ¹7.
1219 3037 1305 3103 35
1331 3036 1429 3119 (5)
1475 3060 1670 3124 supra
1717 3061 1780 3125 p.
1833 3036 2010 3104 231?

345 3148 507 3213 Ibid.
558 3145 645 3213 33
716 3144 1088 3231 Conligavit
1132 3166 1284 3211 eum
1331 3146 1620 3230 primum
1670 3147 1923 3210 miseris
1969 3144 2177 3211 modis

345 3253 544 3321 Don.:
585 3253 756 3318 Mira
795 3251 1059 3318 tarditas
1097 3251 1176 3317 ad
1216 3250 1646 3336 torquendum
1685 3250 2167 3318 Parmenonem.
2307 3251 2644 3338 Sequitur:

249 3359 468 3429 Simul
514 3362 687 3426 enim
731 3356 994 3425 relictus
1033 3357 1112 3424 ad
1155 3356 1657 3423 succurrendum
1694 3355 1892 3422 locus.
2070 3355 2339 3424 Addidit
2384 3360 2503 3424 hoc
2543 3360 2646 3425 In-

250 3465 601 3555 terpolator
636 3486 750 3553 per
788 3463 1112 3551 prolepsin
1150 3462 1368 3542 illius,
1411 3463 1580 3549 quod
1620 3462 1779 3530 Don.
1824 3463 2093 3531 daturus
2131 3474 2267 3531 erat
2291 3465 2369 3532 ad
2395 3487 2489 3531 vs.
2518 3464 2642 3532 35:

251 3576 354 3658 (5)
416 3574 586 3640 Bene
654 3572 1046 3651 „minatur”,
1105 3577 1181 3637 ut
1242 3574 1528 3637 succurri
1590 3574 1796 3657 possit
1858 3574 1952 3651 ei,
2000 3576 2112 3659 qui
2158 3573 2541 3653 non<dum>
2572 3572 2645 3653 ¹).

251 3686 340 3749 sit
385 3701 630 3768 passus.
736 3678 836 3744 Ad
884 3685 1177 3745 nostrum
1227 3684 1448 3744 autem
1494 3699 1754 3745 versum
1802 3678 2124 3745 adnotatio
2171 3686 2266 3745 est
2312 3682 2549 3764 inepta.

345 3788 507 3854 Ibid.
557 3785 645 3852 46
716 3785 943 3852 Dicam
989 3785 1144 3852 huic
1191 3806 1271 3851 an
1321 3806 1446 3851 non
1495 3782 1750 3851 dicam?
1796 3784 2022 3851 Dicam
2069 3783 2282 3851 hercle

347 3894 546 3960 Don.:
595 3894 738 3961 Non
803 3899 968 3958 esset
1031 3892 1385 3959 verisimile
1449 3891 1610 3973 (scil.
1663 3897 1739 3957 ut
1781 3895 1849 3957 in
1896 3914 1964 3958 re
2010 3899 2146 3958 tam
2186 3894 2479 3978 ancipiti)
2519 3894 2646 3959 nisi

252 4003 628 4069 dubitasset.
767 3999 886 4065 Ed.
957 3999 1234 4066 addidit:
1298 3998 1478 4079 Quod
1543 4001 1717 4064 enim
1780 3999 1859 4064 ad
1922 3996 2266 4065 Chaeream
2329 4001 2644 4085 pertinet,

250 4130 378 4176 non
435 4106 603 4194 quod
650 4106 728 4171 ad
774 4110 993 4192 ipsum
1041 4108 1356 4191 pertinet,
1407 4105 1682 4170 dubitat.
1820 4104 2067 4184 Imm0,
2116 4105 2463 4172 dubitabat.
2496 4107 2644 4172 Par-

250 4236 444 4282 meno
505 4219 766 4301 propter
823 4233 1014 4278 suum
1077 4214 1413 4299 praecipue
1475 4209 1873 4297 periculum,
1941 4217 2017 4277 ut
2063 4212 2291 4279 docent
2338 4233 2501 4298 quae
2551 4232 2647 4279 se-

323 4446 380 4511 1)
413 4443 493 4493 Sic
524 4442 708 4493 correxi
741 4456 828 4508 pro
867 4439 1046 4491 ‚non”.
