3246 5085
628 310 762 376 292
1316 329 1323 335 ·
1673 329 1981 378 noun-us.

623 493 913 559 noudum
974 497 1289 558 constaret
1346 498 1492 558 ante
1554 493 1906 560 editionem
1971 493 2247 572 Wessn.,
2312 495 2378 558 in
2441 494 2686 559 Mnem.
2752 493 3040 558 XXXII

624 620 689 686 p.
738 598 893 666 250.
956 597 1172 664 Schol.
1222 597 1274 664 B
1300 597 1398 680 (1)
1444 601 1799 665 rectissime
1847 621 1914 666 se
1960 599 2187 678 habet,
2250 599 2599 666 dummodo
2649 598 3042 678 „ostendit”

624 707 967 792 utrobique
1027 704 1459 791 intelligimus
1525 709 1738 791 „patri
1800 706 2207 792 persuadet’',
2264 728 2414 773 nam
2461 728 2683 773 revera
2729 707 3043 792 Antipho

625 834 740 878 nee
788 815 1148 878 succensuit
1194 833 1309 878 nec
1357 813 1745 879 contradixit
1792 814 2204 892 Phormioni,
2255 814 2362 879 sed
2409 835 2558 879 cum
2608 835 2680 879 eo
2725 814 2907 878 vinci
2954 835 3044 877 se

624 940 847 1006 passus
911 924 1010 985 est
1072 924 1196 1000 (vs.
1256 918 1378 984 135
1442 921 1902 999 „vincimur'’).
1967 920 2134 985 Tum
2185 922 2392 1007 igitur
2441 920 2620 1001 A(2)
2667 920 2861 986 breve
2915 941 3046 984 ex-

625 1031 915 1111 cerptum
979 1030 1078 1090 est
1140 1045 1218 1090 ex
1281 1024 1513 1091 Donati
1573 1027 1784 1108 B(1);
1852 1027 2003 1092 huic
2050 1033 2269 1092 autem
2317 1029 2598 1114 genuino
2645 1025 2764 1091 Ed.
2813 1025 3044 1090 affixit

626 1152 818 1197 suum
882 1129 999 1212 (2),
1065 1131 1179 1196 ubi
1243 1131 1587 1197 verborum
1651 1134 1921 1198 intentio
1969 1129 2097 1198 alia
2141 1152 2278 1198 esse
2329 1132 2567 1198 dicitur
2613 1153 2804 1218 quam
2855 1151 3044 1217 quae

623 1237 875 1304 Donato
924 1239 1061 1304 visa
1106 1243 1242 1303 erat
1290 1240 1544 1304 merit0.
1917 1315 1924 1322 .

712 1344 875 1410 Ibid.
931 1344 1013 1408 15
1086 1343 1335 1430 Quippe
1380 1351 1538 1410 natu
1584 1345 1894 1432 grandior

714 1452 889 1534 B(4)
955 1450 1457 1541 <„Grandior’'>
1524 1453 1629 1517 hic
1699 1455 2175 1538 comparativus
2243 1474 2368 1518 non
2441 1457 2571 1530 est,
2643 1450 2750 1516 sed
2819 1451 3041 1516 habet

622 1558 1160 1645 significationem
1232 1578 1269 1622 a
1340 1560 1621 1643 positivo
1685 1561 1936 1638 minus;
2009 1556 2333 1643 Vergilius
2397 1561 2572 1634 „iam
2635 1558 2845 1622 senior
2907 1557 3038 1622 sed

541 1663 547 1666 ’
623 1665 821 1731 cruda
879 1664 993 1731 deo
1055 1662 1410 1749 viridisque
1474 1663 1809 1730 senectus'’
1859 1663 1974 1742 (VI
2023 1663 2202 1744 304).
2344 1662 2441 1745 (6)
2486 1664 2573 1729 Et
2623 1662 3032 1750 „grandior”

622 1792 752 1837 non
800 1769 1168 1858 ‚,grandis”,
1218 1772 1400 1857 quasi
1451 1769 1658 1836 dicat:
1706 1770 2013 1858 grandior
2059 1770 2221 1850 fuit,
2272 1789 2468 1856 quam
2515 1775 2592 1834 ut
2632 1767 2826 1834 illum
2861 1768 3038 1834 adu-

620 1876 863 1943 lescens
911 1897 1092 1942 nosse
1142 1883 1373 1963 posset.
1512 1875 1609 1958 (7)
1659 1877 1928 1964 Proprie
1973 1877 2331 1964 grandis
2379 1877 2456 1942 ad
2503 1878 2777 1962 speciem
2829 1875 3036 1940 refer-

490 2059 499 2068 ·
622 1989 730 2050 tur
792 1987 1053 2063 aetatis,
1118 1988 1194 2049 ut
1254 1982 1517 2071 grandis
1580 2006 1760 2071 puer,
1823 1983 2088 2070 grandis
2150 1987 2337 2070 virgo
2401 1991 2464 2050 et
2514 1982 2776 2070 grandis
2821 2003 3032 2048 senex

628 2088 887 2156 dicitur.
2774 2153 2791 2166 ,

716 2196 1167 2282 Interpretatio
1224 2199 1290 2261 in
1340 2197 1438 2278 (6)
1485 2218 1746 2283 prorsus
1793 2202 1892 2262 est
1935 2195 2188 2262 inutilis
2237 2203 2300 2262 et
2343 2196 2647 2263 lectorem
2696 2195 2861 2261 nihil
2905 2195 3030 2260 do-

626 2308 726 2369 cet
770 2305 961 2368 certi:
1009 2324 1239 2389 nempe
1290 2302 1678 2390 „grandior”
1725 2323 1984 2369 causam
2032 2302 2272 2368 indicat
2318 2324 2432 2368 cur
2475 2323 2667 2368 senex
2705 2304 2836 2367 iam
2875 2303 3026 2365 ruri

626 2429 877 2495 semper
938 2408 1201 2495 degeret
1259 2430 1374 2474 nec
1435 2415 1801 2476 nosceretur
1862 2409 1941 2475 ab
2008 2409 2392 2494 Antiphone.
2486 2407 2737 2473 Donato
2795 2429 3026 2473 conce—

627 2515 907 2582 dendum
958 2521 1052 2581 est
1101 2515 1218 2597 (4),
1267 2537 1543 2603 quocum
1582 2535 1879 2602 compara
1918 2515 1994 2582 ad
2036 2514 2194 2583 Hec.
2243 2515 2401 2601 prol.
2442 2514 2504 2581 11
2545 2514 2585 2580 3
2627 2513 2755 2597 (2):
2799 2513 3026 2593 „Adu-

622 2621 1003 2689 lescentior’'
1076 2623 1232 2689 haec
1300 2626 1691 2709 comparatio
1761 2625 1976 2688 minus
2047 2642 2083 2689 a
2151 2625 2431 2707 positivo
2501 2627 2683 2687 sonat
2747 2627 2811 2687 et
2869 2622 3018 2686 vim

627 2730 1083 2796 diminutivam
1148 2732 1488 2815 exprimit,
1556 2736 1630 2795 ut.
1695 2732 1869 2808 „iam
1935 2730 2210 2807 senior'',
2267 2734 2417 2794 cett.
2481 2726 2649 2793 Cum
2696 2725 2793 2807 (7)
2841 2747 3022 2791 com-

626 2857 780 2921 para
816 2835 935 2901 Ad.
977 2834 1065 2900 IV
1091 2836 1151 2901 5.
1182 2835 1265 2901 39
1292 2836 1423 2918 (1):
1471 2834 1886 2913 „Grandem”
1920 2834 2000 2899 ad
2025 2839 2302 2899 aetatem
2329 2839 2575 2899 veteres
2598 2833 3019 2911 rettulerunt,

626 2964 755 3007 non
816 2942 895 3007 ad
959 2962 1221 3028 corpus,
1286 2947 1353 3008 et
1410 2944 1480 3006 in
1539 2948 1720 3027 parte
1780 2943 2012 3008 aetatis
2061 2942 2300 3025 dicitur
2349 2938 2722 3026 „grandis'’,
2771 2961 2894 3005 non
2947 2942 3021 3003 in

626 3053 762 3115 tota
801 3052 971 3128 vita,
1014 3052 1137 3113 nisi
1178 3048 1439 3114 additur
1481 3048 1748 3127 „natu”‚
1792 3054 1865 3113 ut
1909 3046 2212 3133 „grandis
2252 3052 2408 3111 natu
2449 3067 2676 3131 parens
2699 3045 3023 3111 adductus

627 3154 708 3218 ad
758 3153 1193 3240 supplicium''
1242 3152 1403 3235 (cic.
1456 3154 1633 3220 Verr.
1686 3153 1715 3218 I
1767 3151 1901 3234 76).
1948 3152 2034 3218 Et
2079 3152 2343 3239 grandis
2387 3152 2594 3217 infans
2639 3156 2704 3216 et
2749 3150 3024 3237 grandis

626 3281 788 3346 puer
846 3268 910 3325 et
968 3261 1231 3346 grandis
1298 3261 1580 3347 ephebus
1642 3264 1709 3326 et
1771 3260 2032 3345 grandis
2090 3262 2280 3345 virgo
2328 3264 2496 3323 recte
2544 3257 2798 3322 dicitur.
2941 3255 3025 3321 In

626 3366 729 3431 his
776 3371 1131 3451 postrema:
1190 3367 1279 3432 Et
1324 3367 1588 3453 grandis
1637 3367 1847 3431 infans
1897 3387 2030 3451 sqq.
2081 3365 2412 3430 Wessnero
2457 3363 2759 3429 additicia
2804 3361 3030 3427 videu-

628 3478 753 3551 tur,
828 3479 1095 3558 possunt
1163 3478 1378 3538 tamen
1450 3474 1602 3539 ferri
1665 3494 1780 3566 pro
1844 3472 2156 3558 exemplis
2216 3470 2396 3570 iliius
2459 3470 2628 3555 quod
2689 3468 2854 3533 dixit
2903 3470 3024 3547 „in

626 3584 806 3665 parte
868 3576 1141 3643 aetatis''
1206 3578 1351 3644 dici.
1401 3577 1673 3644 Videtur
1719 3578 1798 3643 ad
1849 3579 2021 3644 hunc
2066 3577 2282 3643 locum
2332 3575 2772 3661 Adelphorum
2819 3572 3024 3639 Inter-

626 3684 873 3772 polator
940 3685 1197 3751 finxisse
1266 3684 1461 3751 schol.
1525 3686 1658 3766 (7);
1733 3688 1787 3749 si
1847 3688 1954 3749 cui
2017 3692 2231 3749 tamen
2293 3683 2581 3749 Donatus
2627 3687 2829 3747 semet
2874 3684 3022 3766 ipse

624 3793 1002 3877 repetivisse
1046 3793 1360 3869 videatur,
1408 3791 1472 3856 id
1523 3813 1648 3856 non
1691 3791 2104 3856 vehementer
2142 3792 2544 3876 impugnem.
2674 3788 2726 3852 A
2769 3787 2968 3852 deest.

714 3897 876 3964 Ibid.
923 3896 1007 3964 16
1054 3898 1328 3985 Pauper,
1369 3901 1476 3963 cui
1514 3900 1582 3961 in
1622 3919 1809 3983 opere
1847 3899 1984 3962 vita
2010 3902 2165 3974 erat,
2198 3898 2336 3960 ruri
2360 3896 2488 3960 fere
2515 3915 2588 3973 se¹
2606 3894 2976 3977 continebat

718 4006 774 4069 A
798 4005 895 4086 (1)
960 4004 1193 4084 „Vita”
1254 4027 1369 4092 pro
1423 4008 1601 4072 victu
1652 4007 1886 4090 posuit.
1938 4003 2036 4085 (2)
2083 4003 2169 4069 Et
2221 4002 2496 4088 „opera”
2549 4002 2653 4067 hic
2699 4003 3026 4087 septimus

627 4131 809 4176 casus
858 4115 974 4176 est.

715 4216 892 4297 B(2)
945 4215 1231 4303 „Opera”
1267 4216 1312 4299 ¹)
1360 4220 1676 4304 septimus
1722 4237 1908 4283 casus
1957 4222 2054 4282 est
2100 4222 2164 4283 et
2215 4214 2435 4293 „vita”
2485 4215 2950 4279 nominativus.

697 4387 750 4451 1)
786 4386 983 4435 Lemma
1015 4387 1056 4436 Δ
1092 4384 1282 4435 exhibet
1320 4385 1540 4450 ‚opere’',
1580 4386 1619 4433 B
1662 4382 1882 4450 ,ψει-εὔ.
1922 4384 2062 4449 Quod
2097 4384 2148 4432 in
2189 4381 2312 4443 Aa)
2347 4380 2527 4444 legitur
2559 4376 2784 4444 ‚open-affl
2810 4379 3032 4429 ostendit

627 4468 717 4520 hoc
751 4472 1026 4533 excerptum
1060 4484 1159 4517 esse
1192 4483 1247 4517 ex
1286 4468 1426 4531 B(2).
1462 4466 1647 4517 Contra
1684 4468 1723 4515 B
1742 4466 1812 4530 (3)
1849 4466 2043 4531 renpicit
2079 4465 2254 4514 lemma
2291 4465 2331 4513 A
2373 4458 2594 4527 ‚opere”.
