3246 5085
1264 358 1577 407 noma-us.
2486 342 2616 408 417

210 523 425 589 ticula
486 544 612 609 qua
672 526 867 589 etiam
932 520 1289 589 Acronis
1352 527 1844 591 commentarios
1891 525 1969 592 ad
2017 524 2181 593 Eun.
2233 530 2298 591 et
2349 526 2468 593 Ad.
2518 526 2644 591 de-·

216 632 484 717 signare
546 627 745 695 solet:
808 630 910 693 ubi
972 631 1015 694 i.
1058 650 1113 696 e.
1178 630 1257 695 ad
1319 651 1511 716 quem
1572 629 1812 697 locum.
1877 629 2084 696 Iulius
2129 632 2454 698 Romanus
2501 633 2620 698 hoc

223 734 459 802 Celsi
522 742 966 801 commentum
1012 736 1587 801 ad‘Phormiouem
1636 736 1931 802 adhibuit
1977 742 2231 803 tantum
2281 737 2357 804 de
2405 737 2624 804 adver-

220 843 483 906 biorum
535 862 695 918 usu,
743 864 866 906 non
913 844 979 905 in
1029 840 1295 927 reliquis
1342 844 1667 927 capitibus
1714 843 1789 907 de
1837 846 2318 921 coniunctione,
2367 866 2625 930 praepo-

221 950 502 1024 sitione,
566 948 1043 1025 interiectione,
1108 948 1279 1033 quod
1324 951 1509 1013 cuius
1556 951 1650 1013 rei
1697 970 1886 1015 causa
1934 949 2153 1015 fecerit
2202 971 2314 1015 nos
2361 949 2522 1015 latet
2553 951 2622 1030 ¹).

227 1053 336 1117 Ex
402 1054 521 1118 hoc
589 1055 797 1138 igitur
858 1060 1219 1120 commento
1285 1074 1435 1119 cum
1507 1054 1843 1141 Nigidii
1918 1063 2058 1119 tum
2130 1056 2622 1141 frequentiorem

232 1160 493 1225 Probi
558 1162 950 1225 mentionem
1013 1159 1421 1225 derivandam
1473 1182 1608 1225 esse
1657 1160 1948 1226 dixerim.
2025 1162 2514 1228 Wessnerus
2558 1162 2624 1226 id

234 1268 379 1353 egit
440 1272 515 1330 ut
576 1268 771 1332 citata
832 1261 1073 1331 Graeca
1132 1271 1196 1330 et
1242 1265 1467 1331 Latina
1515 1287 1549 1330 e
1600 1268 1981 1343 „veterum”
2032 1270 2319 1352 scriptis,
2368 1290 2496 1333 non
2547 1288 2627 1333 ex

233 1373 343 1437 his
388 1374 547 1457 ipsis
594 1372 701 1437 sed
750 1394 827 1436 ex
879 1373 1125 1457 Aspri
1170 1376 1649 1438 commentariis
1699 1372 1777 1437 ad
1826 1372 1991 1451 Ter„
2041 1372 2442 1459 Vergilium,
2494 1371 2628 1438 Sal-

230 1477 549 1557 lustium,
600 1499 757 1563 quos
796 1477 895 1543 W.
938 1478 1407 1563 quodammodo
1449 1481 1788 1544 restituere
1827 1486 2090 1543 conatus
2130 1487 2257 1556 est,
2301 1500 2354 1543 a·
2378 1478 2627 1543 Donato

233 1583 547 1649 translata
585 1605 723 1650 esse
756 1584 1164 1650 demonstret.
1199 1584 1418 1672 Negat
1441 1588 1634 1650 etiam
1664 1606 1812 1649 eum
1855 1584 2291 1649 Menandri
2333 1583 2628 1669 exempla

234 1691 455 1774 ipsum
494 1691 884 1776 inspexisse,
915 1727 999 1739 —
1026 1690 1192 1775 quod
1230 1691 1569 1755 mirabitur
1606 1692 1716 1776 qui
1753 1693 2122 1755 meminerit
2163 1692 2624 1756 Ausonium

235 1803 395 1861 tunc
433 1797 1169 1882 temporis.praecepisse
1207 1796 1441 1881 Nepoti
1485 1816 1634 1861 suo:
1688 1794 2042 1875 „Conditor
2086 1796 2317 1862 Iliados
2358 1804 2422 1863 et
2460 1817 2628 1862 ama·

236 1901 394 1967 bilis
432 1922 573 1967 orsa
612 1901 948 1967 Menandri
985 1901 1337 1969 evolvenda
1378 1902 1563 1966 tibi’'.
1595 1938 1679 1951 -
1719 1901 2168 1987 contenditque
2209 1924 2332 1967 non
2374 1908 2627 1967 tantum

242 2006 566 2083 Enniana,
629 2006 961 2073 Luciliana
1009 2007 1261 2092 aliaque
1309 2010 1702 2085 vetustiora,
1753 2007 1862 2073 sed
1909 2006 2016 2073 vel
2059 2007 2360 2093 pleraque
2405 2008 2630 2073 Teren-

246 2116 452 2191 tiana,
492 2111 894 2200 Vergiliana,
936 2112 1354 2190 Sallustiana,
1396 2118 1543 2177 cett.
1588 2134 1666 2177 ex
1705 2114 1900 2198 Aspri
1935 2115 2411 2178 commentariis
2450 2134 2487 2178 a
2512 2112 2630 2178 Do-

247 2226 398 2285 nato
438 2240 573 2286 esse
614 2219 938 2286 translata.
991 2220 1128 2285 Hac
1165 2226 1383 2284 autem
1422 2223 1490 2283 in
1528 2240 1595 2283 re
1636 2218 1760 2285 duo
1801 2219 2070 2284 tenenda
2114 2226 2284 2285 sunt.
2333 2220 2630 2285 Primum

248 2327 386 2390 hoc.
452 2324 932 2391 Institutionem
980 2324 1426 2391 scholasticam
1476 2326 1848 2391 huiusmodi
1895 2328 2297 2403 citationum,
2346 2347 2506 2410 quae
2553 2326 2632 2391 ad

244 2453 383 2497 rem
430 2434 926 2518 grammaticam
977 2430 1179 2519 vulgo
1228 2432 1665 2518 pertinebant,
1728 2432 1910 2517 quasi
1971 2432 2344 2497 thesaurum
2407 2433 2632 2511 fuisse,

247 2544 322 2604 ut
384 2540 581 2604 etiam
645 2538 833 2604 hodie
880 2539 1223 2606 ostendunt
1268 2538 1419 2604 libri
1466 2536 1760 2605 Gramm.
1809 2537 1973 2617 Lat„
2025 2541 2136 2624 qui
2183 2540 2467 2604 thesauri
2514 2542 2633 2604 im-

248 2643 589 2731 plebantur
650 2667 723 2710 ex
776 2645 1135 2710 doctiorum
1184 2647 1680 2721 commentarii&
1733 2645 1842 2710 sed
1889 2645 1990 2710 his
2036 2648 2194 2730 ipsis
2239 2649 2430 2710 etiam
2482 2668 2631 2731 opes

249 2772 396 2816 suas
456 2752 971 2837 suppeditabant.
1037 2751 1354 2838 Vigebant
1401 2772 1474 2815 ea
1520 2752 1730 2816 studia
1779 2754 1910 2816 iam
1957 2750 2103 2815 inde
2153 2751 2230 2816 ab
2280 2751 2463 2817 Aelio
2510 2750 2636 2816 Sti·

247 2857 427 2934 lone,
471 2856 867 2945 Vergiliique
909 2867 1197 2943 tempore
1240 2857 1341 2923 vel
1381 2855 1572 2943 paulo
1612 2863 1760 2942 post
1799 2859 1932 2921 iam
1969 2858 2168 2921 fuisse
2207 2860 2633 2944 cognovimus

253 2966 363 3050 qui
422 2963 593 3030 locos
655 2967 793 3029 eius
856 2963 1191 3051 parallelos
1248 2984 1396 3029 cum
1448 2963 1765 3040 Homer0,
1815 2984 1968 3027 mox
2019 2963 2461 3042 cum-Ennio,
2512 2964 2637 3028 Lu-

254 3072 487 3148 creti0,
536 3069 681 3136 aliis
726 3077 1037 3136 eruerent.
1104 3069 1317 3134 Etiam
1373 3069 1811 3136 Aristarchum
1860 3066 2139 3133 latinum
2187 3070 2277 3134 sic
2322 3067 2636 3134 laborasse

326 3332 377 3396 1)
418 3331 778 3381 Wessnerus
812 3347 857 3396 p.
900 3331 959 3378 ts
995 3345 1096 3394 sqq.
1132 3330 1433 3379 vehementer
1468 3328 1657 3378 dubitat
1693 3344 1805 3378 num
1843 3329 2104 3378 Arruntius
2135 3327 2302 3380 Celsus
2331 3327 2639 3379 Phormionis

255 3413 647 3463 commentarium
674 3411 873 3472 dederit,
902 3427 995 3476 quo
1023 3412 1168 3461 etiam
1203 3412 1241 3460 si
1278 3411 1514 3460 exstiterit
1552 3413 1792 3460 Donatum
1826 3413 1986 3460 tamen
2019 3427 2154 3460 usum
2184 3425 2282 3460 esse
2311 3414 2469 3475 negat.
2506 3411 2637 3461 Mihi

258 3497 477 3545 neutrum
523 3494 772 3562 persuasit.
818 3496 941 3542 Sane
985 3509 1064 3544 sex
1111 3493 1211 3542 illis
1255 3493 1386 3552 locis,
1420 3509 1538 3557 qnos
1571 3492 1739 3541 citavit
1776 3493 1816 3541 Ι.
1854 3493 1929 3551 R„
1966 3491 2184 3542 Donatus
2219 3496 2303 3542 aut
2339 3493 2462 3542 nihil
2497 3493 2640 3543 habet

256 3579 345 3638 (1v
381 3579 497 3640 46)
550 3581 633 3626 aut
678 3577 827 3636 aliud,
872 3579 1084 3626 attamen
1131 3588 1363 3640 nusquam
1403 3575 1718 3634 contrarium,
1768 3579 1910 3640 atque
1944 3591 2000 3624 ex
2035 3575 2134 3624 illis
2168 3578 2268 3624 tres
2303 3575 2548 3640 pertinent
2579 3577 2638 3625 ad

259 3675 359 3709 eam
397 3659 580 3709 tabulae
614 3663 817 3725 partem,
852 3658 986 3708 cuius
1014 3667 1335 3707 commentum
1366 3659 1437 3706 est
1466 3657 1708 3707 mutilum.
1741 3657 1992 3707 Formulae
2020 3657 2222 3707 Romani
2263 3656 2390 3706 -ubi
2428 3655 2640 3717 Celsua'’,

262 3758 451 3794 ‚nunc
485 3741 761 3792 adverbium
795 3740 918 3799 est'’,
963 3740 1241 3805 ‚quidam
1275 3741 1363 3790 sic
1398 3739 1656 3806 legunt''
1689 3741 1938 3805 designant
1974 3744 2526 3790 commentatorem
2559 3741 2642 3801 (cf.

262 3825 525 3875 Acronis
572 3824 641 3874 l.l.
678 3840 703 3872 e
740 3823 868 3874 Iulio
906 3824 963 3874 R.
1000 3824 1124 3888 apud
1166 3823 1346 3873 Wessn.
1383 3840 1432 3890 p.
1468 3825 1531 3874 16
1566 3840 1616 3888 sq
1638 3827 1672 3884 ),
1708 3822 1799 3872 nisi
1835 3823 1956 3872 alius
1989 3821 2098 3872 libri
2135 3821 2312 3872 titulus
2347 3823 2552 3872 addatur
2589 3827 2642 3872 ut

265 3907 369 3958 ‚nbi
404 3908 460 3956 1³¹1
530 3906 686 3972 Caper
735 3907 792 3955 de
846 3905 1119 3954 latinitate·
1166 3905 1332 3967 (Char.
1380 3922 1429 3970 p.
1477 3907 1586 3954 194.
1611 3907 1692 3963 31,
1739 3904 1834 3957 207
1873 3907 1956 3966 31)
2023 3905 2347 3953 Wessneri
2399 3905 2640 3954 conclusio

261 3995 309 4055 (p
360 3989 469 4052 16)=
528 3991 652 4037 -Das
696 3987 925 4051 Ergebnis
971 3987 1035 4035 ist
1081 3987 1181 4035 also
1226 3987 1431 4050 negativ,
1481 3987 1555 4035 ein
1605 3988 1922 4035 Kommentar
1962 3987 2044 4035 des
2076 3986 2338 4035 Arruntius
2373 3986 2538 4035 Celsus
2572 3986 2642 4035 als

263 4072 431 4138 Quelle
482 4071 563 4120 fur
618 4071 773 4119 Donat
823 4069 886 4118 ist
938 4069 1075 4118 nicht
1119 4067 1437 4118 nachweisbar
1473 4070 1568 4119 und
1602 4069 1747 4118 somit
1781 4068 1905 4117 wohl
1939 4069 2058 4118 auch
2096 4068 2232 4117 nicht
2267 4067 2641 4128 anaunehmen'',

263 4169 428 4220 parum
474 4152 737 4218 prudenter
779 4157 1005 4216 concepta
1039 4150 1243 4200 videtur.
1284 4151 1412 4216 Quid
1447 4151 1573 4200 enim
1610 4150 1662 4200 in
1697 4150 1970 4201 huiusmodi
2005 4150 2378 4216 quaestionibus,
2413 4167 2534 4215 quac
2569 4167 2644 4201 ar·
2733 4143 2740 4151 ⁶

264 4237 595 4299 gumentorum
628 4233 792 4298 inopia
827 4249 1084 4298 numquam
1114 4233 1170 4281 ad
1202 4231 1437 4296 liquidum
1464 4233 1658 4298 perduci
1687 4233 1883 4299 possint,
1913 4233 2006 4282 dici
2037 4237 2194 4299 potest
2226 4233 2645 4283 ‚naehweisbar''?

265 4311 370 4384 Ipta
418 4319 520 4368 eius
553 4316 825 4382 disquisitio
860 4316 1133 4366 doctissima
1166 4318 1225 4365 de
1256 4315 1399 4380 Aspri
1436 4321 1591 4365 aetate
1630 4321 1678 4366 et
1713 4317 1905 4380 scriptis
1939 4321 1985 4366 et
2021 4317 2135 4380 quid
2170 4316 2280 4366 inde
2315 4315 2362 4365 in
2408 4318 2640 4367 Donatum

263 4399 627 4468 permanaverit,
671 4399 800 4449 ultra
844 4398 1088 4465 probabile
1134 4413 1228 4448 non
1275 4398 1491 4463 procedit
1538 4402 1622 4448 aut
1658 4400 1910 4464 procedere
1945 4402 2121 4464 potest,
2159 4414 2244 4447 nec
2273 4402 2433 4448 tamen
2468 4399 2644 4449 idcirco

263 4484 534 4534 concludam
525 4503 562 4566 *z
602 4482 775 4532 -somit
808 4481 933 4530 wohl
969 4481 1089 4530 auch
1123 4481 1259 4530 nicht
1291 4479 1670 4531 anaunehmen”.

2283 4577 2348 4630 2¹1
