3246 5085
1327 347 1618 400 monus.
2450 283 2459 290 ’
2530 329 2665 400 267

367 515 517 596 128,
542 515 628 582 21
679 539 758 566 =
805 513 1040 580 Anecd.
1087 512 1293 580 Bekk.
1344 511 1498 592 395,
1529 512 1611 581 17
1660 509 1970 580 ='Suid.
2039 552 2121 563 —
2187 513 2657 596 ἀνέγρετον.

263 623 747 703 ἁνυπόστροφον.
812 620 1021 688 Immo
1081 617 1556 700 ἅνήγρετονῖ
1621 619 1695 686 Id
1760 619 1935 707 quod
1992 621 2225 686 retrahi
2269 623 2481 707 nequit
2523 625 2659 690 sive

259 733 330 796 οὐ
393 731 587 795 πάλιν
646 727 910 807 cimex-dv
972 729 1161 806 ἐστιν,
1226 733 1301 792 ut
1362 748 1510 793 cum
1558 733 1748 813 poeta
1792 726 2154 814 loquamur,
2204 735 2375 794 recte
2424 731 2663 795 dicitur

263 836 746 916 ἅνυτόστροφον,
789 836 1098 921 quoniam
1135 835 1255 914 οὐχ
1281 833 1761 915 ὑποστρέφεται.
1802 832 2104 900 Similem
2129 837 2663 921 compositionem

268 964 371 1009 ex.
420 964 472 1008 c.
520 943 714 1008 habet
758 942 1064 1020 ἀνήροτος.

357 1046 656 1117 Conferre
689 1051 877 1116 iuvat
914 1066 1233 1125 errorem,
1275 1067 1402 1132 quo
1437 1048 1504 1111 in
1543 1052 1731 1112 textu
1756 1045 2105 1113 Homerico
2132 1048 2328 1113 verba
2360 1049 2659 1129 ἀγρέσθαι

259 1163 328 1223 et
397 1155 678 1236 ἐγρέσθαι
751 1157 889 1220 sive
949 1152 1158 1236 oolbiqi
1218 1159 1285 1219 et
1347 1152 1677 1237 experyieci
1738 1156 1907 1220 int-er
1966 1175 2035 1220 se
2098 1160 2468 1241 permutata
2516 1161 2668 1221 sunt

274 1274 327 1330 H
355 1263 491 1330 434
536 1270 602 1331 et
653 1271 724 1328 Ω
753 1259 920 1329 789:

630 1367 804 1451 ἀμφὶ
855 1367 1044 1449 πυρῆν
1091 1367 1286 1432 πάλιν
1333 1365 1631 1446 ἔγρετο
1680 1367 1831 1438 λαός
1882 1369 2183 1448 Ἀχαιῶν.

631 1477 800 1557 ἀμφὶ
854 1473 1043 1556 πυρὴν
1091 1476 1316 1538 κλυτοῦ
1362 1470 1648 1553 Ἕκτορος
1702 1471 1993 1553 ἔγρετο
2042 1473 2259 1558 λαός..

269 1583 400 1658 Ubi
459 1585 752 1663 ἥγρετο
813 1582 1112 1648 certatim
1174 1582 1596 1646 restituerunt
1658 1581 1897 1658 critici,
1962 1583 2029 1646 in
2095 1581 2199 1646 his
2262 1578 2499 1658 Cobet,
2547 1581 2655 1647 sed

264 1693 518 1778 primus
558 1692 624 1754 ni
664 1688 853 1756 fallor
894 1687 1232 1753 Duentzer.
1279 1685 1424 1753 Non
1451 1694 1891 1770 pernoctarunt
1928 1689 2148 1773 copiae
2189 1687 2360 1773 apud
2391 1687 2657 1753 bustum

265 1797 379 1867 sed
441 1799 649 1883 prima
705 1794 850 1861 luce
914 1793 1076 1860 illuc
1123 1801 1538 1859 convenerunt.
1587 1793 1674 1858 Et
1720 1793 1876 1860 alibi
1922 1793 2093 1880 apud
2140 1791 2503 1859 Homerum
2552 1814 2660 1859 va-

265 1907 436 1969 riant
476 1903 730 1981 ἄγερθεν
761 1907 822 1967 et
862 1898 1102 1980 ἔγερθεν
1127 1906 1214 1978 (Ψ
1241 1897 1422 1980 287),
1450 1900 1855 1978 ἀγειρομένων
1881 1905 1947 1965 et
1972 1900 2363 1980 ἐγειρομένων
2386 1905 2449 1981 (v
2478 1898 2656 1980 103),

265 2009 594 2088 ἐγρόμεναι
643 2013 709 2074 et
755 2007 1099 2088 ἀγρόμεναι
1147 2013 1209 2086 (υ
1239 2005 1416 2087 123).
1468 2006 1647 2086 Quod
1697 2013 1920 2072 autem
1966 2012 2194 2073 notatu
2242 2006 2516 2093 dignum
2565 2008 2663 2072 vi-

265 2116 476 2196 detur,
545 2120 810 2201 apparet
878 2115 946 2178 in
1006 2111 1335 2178 lemmatis
1398 2114 1669 2179 minime
1730 2134 1873 2179 rara
1932 2134 2069 2180 esse
2132 2113 2453 2179 eiusmodi
2499 2113 2663 2179 vitia

263 2223 502 2308 quibus
549 2228 842 2286 mutetur
888 2219 1044 2286 ordo
1092 2217 1551 2305 alphabeticus.

362 2439 580 2520 130,5
625 2465 708 2494 =
753 2439 988 2508 Anecd.
1037 2438 1242 2506 Bekk.
1293 2438 1446 2519 396,
1475 2438 1562 2505 25
1613 2468 1695 2496 =
1741 2440 1920 2507 Suid.
1989 2478 2071 2489 —
2137 2438 2653 2514 ὥνείληπτδς

265 2554 399 2615 ἐστι
447 2551 518 2615 τὸ
563 2548 944 2627 Ἑλληνικόν,
992 2548 1132 2629 οὐχὶ
1183 2546 1580 2619 dudum-roc.

361 2655 551 2734 „Lies
612 2654 1022 2729 ανήλειπτος”
1084 2652 1516 2720 Reitzenstein
1555 2656 1933 2719 annotavit.
1982 2653 2208 2720 Potius
2254 2657 2651 2739 scripserim:

267 2760 660 2849 „legendnm
731 2781 869 2827 esse
932 2760 1442 2834 ἀνήλιοι-τος
1511 2760 1881 2827 observavit
1916 2758 2151 2827 -Cobet
2219 2760 2407 2841 (Nov.
2477 2759 2654 2827 Lect.

268 2890 334 2955 p.
387 2866 608 2949 170).”

365 3070 516 3151 130,
542 3071 580 3139 7
620 3103 701 3129 =
740 3070 973 3136 Anecd.
1015 3068 1216 3138 Bekk.
1243 3066 1395 3152 395,
1423 3067 1515 3134 29
1553 3104 1637 3130 =
1675 3067 1855 3135 Suid.
1880 3100 1963 3126 =
1986 3069 2271 3158 Hesych.
2324 3108 2409 3121 —
2455 3072 2660 3137 ἄνεί·

265 3182 595 3244 λεσθαι·
646 3177 1097 3257 συστρέφεσθαι
1148 3175 1254 3241 καὶ
1303 3178 1616 3250 ἀλλήλους
1647 3184 1792 3253 ,τοῖς
1845 3175 2053 3255 δόρασι
2097 3176 2376 3243 τύπτειν.

359 3284 550 3364 „Lies
612 3282 1202 3349 ὦνείλλεσθαι”
1270 3282 1743 3361 Reitzenstein,
1790 3289 1855 3349 et
1904 3287 2002 3350 ita
2046 3284 2239 3350 scribi
2286 3283 2498 3350 voluit
2544 3284 2663 3350 for·

265 3402 434 3459 tasse
477 3391 975 3478 grammaticus,
1025 3392 1316 3475 sequitur
1361 3395 1579 3455 autem
1628 3409 1797 3456 nova
1837 3389 2081 3476 glossa:
2124 3392 2653 3457 ὦνείλλεται·

219 3502 605 3567 ,ἀνειλεῒται
660 3520 695 3564 e
739 3497 988 3565 Timaei
1033 3496 1235 3563 lexico
1281 3495 1620 3563 Platonico*
1660 3496 1857 3577 (Plat.
1908 3496 2109 3564 Conv.
2161 3496 2378 3579 20601)
2424 3497 2651 3576 ducta3

262 3606 374 3681 sed
441 3626 595 3673 vera
661 3605 847 3671 verbi
912 3605 1119 3670 forma
1187 3611 1306 3670 est*
1352 3604 1866 3670 α’νίλλεσθαι.
1942 3605 2113 3670 Nam
2181 3605 2653 3688 reduplicatione

264 3716 486 3799 stirpis
559 3716 735 3792 ν(ε)λ,
805 3732 884 3777 ex
955 3708 1301 3777 Homerico
1369 3709 1600 3774 νέλλειν
1662 3720 1918 3785 παλῦναι
1982 3712 2140 3777 bene
2201 3718 2427 3789 notae,
2505 3716 2657 3776 nata

263 3826 362 3887 est
409 3821 618 3905 prima
662 3817 916 3905 syllaba
962 3818 1145 3885 verbi
1189 3817 1592 3902 rem-jesous,
1644 3818 1872 3883 aorieto
1920 3838 2070 3883 vero
2116 3818 2415 3902 proprius
2462 3823 2559 3881 est
2605 3838 2659 3881 ει

263 3946 493 4003 sonus,
540 3944 689 4011 e.g.
735 3926 806 3989 in
851 3925 1190 4010 participio
1239 3922 1701 4000 περιειλάμενος
1753 3923 1866 3987 Ar.
1916 3922 2076 3988 Ran.
2122 3921 2335 4001 1066;
2374 3942 2448 3987 ea
2486 3925 2659 3990 enim

261 4030 603 4098 intercedit
648 4033 844 4107 ratio,
894 4036 969 4094 ut
1014 4030 1137 4094 hoc
1175 4032 1344 4106 utar,
1388 4049 1548 4114 quae
1588 4033 1687 4094 est
1722 4030 1892 4093 inter
1928 4030 2255 4106 γίγνεσθαι
2295 4034 2361 4093 et
2400 4032 2658 4114 epicum

260 4138 649 4218 γεινάμενος.
698 4134 1118 4202 Confer-antur
1165 4134 1360 4201 velim
1408 4154 1570 4219 quae
1618 4134 1698 4199 ad
1748 4133 1919 4200 Nub.
1964 4131 2091 4201 ¹761
2138 4136 2463 4200 annotavi.
2514 4134 2663 4200 Pae·

255 4246 377 4311 sivi
438 4246 675 4310 aoristo
739 4244 1046 4317 εἶληδῆναι
1112 4263 1188 4307 ex
1251 4239 1487 4306 Ionicis
1549 4242 1971 4326 scriptoribus
2040 4241 2198 4307 bene
2259 4246 2412 4306 noto
2461 4243 2663 4307 etiam

261 4350 709 4438 Thucydidem
772 4370 966 4415 usum
1031 4370 1166 4415 esse
1232 4346 1348 4413 VII
1395 4346 1478 4413 81
1545 4348 1649 4435 §4
1704 4347 2146 4429 (ἄνειληθέντες
2196 4346 2253 4421 ἔς
2302 4371 2361 4411 τι
2409 4347 2654 4430 χωρίον)

262 4463 525 4525 annotat
569 4456 802 4525 Naber.
