3246 5085
622 327 756 396 222
1686 336 2001 398 nonnus.

801 512 926 579 Sed
964 511 1126 579 nihil
1166 519 1414 598 potesse
1425 535 1442 594 3
1489 535 1715 580 verum
1754 517 2026 581 miserae
2064 538 2190 582 non
2229 518 2292 581 in
2334 522 2619 584 mentem
2663 525 2928 586 venerat

665 707 676 712 -
711 620 871 686 Post
906 623 1496 706 interpretationem
1537 619 1773 686 Donati
1811 623 1941 687 IP:
1984 623 2079 704 (6)
2120 625 2219 688 An
2260 623 2439 689 aliud
2478 628 2695 691 nonin
2719 633 3023 693 mentem

619 733 913 805 venerat,
977 749 1102 793 non
1163 726 1404 794 scilicet
1463 729 1787 793 facturum
1849 730 2045 795 fuisse
2100 731 2267 815 quod
2316 729 2511 796 fecit?
2624 731 3025 800 Coniectura

618 832 809 912 falsa,
880 837 984 898 cui
1054 834 1373 918 praecedit
1441 833 1608 898 alius
1678 837 1977 922 magistri
2048 837 2391 922 explicatio
2461 859 2721 923 prorsus
2790 841 3021 906 fatua:

618 941 713 1022 (5)
766 939 881 1019 „In
929 962 1016 1004 m.
1067 963 1129 1004 n.
1177 941 1396 1005 venit'’
1447 962 1567 1006 non
1619 941 1790 1026 quod
1838 943 2205 1022 audieram,
2256 944 2364 1010 sed
2414 945 2585 1030 quod
2634 947 2739 1011 hic
2786 948 2967 1012 fecit.

708 1046 802 1112 De
864 1045 1122 1111 scholiis
1184 1046 1280 1128 (2)
1321 1068 1455 1132 sqq.
1523 1054 1588 1112 et
1651 1045 1748 1128 (7)
1796 1049 1941 1114 vide
1992 1049 2237 1116 Mnem.
2288 1051 2580 1116 XXXIII
2627 1075 2691 1138 p.
2742 1052 2876 1119 256
2906 1075 3008 1140 sq.

617 1159 682 1220 et
743 1174 936 1239 supra
996 1175 1058 1240 p.
1109 1152 1217 1217 22.
1289 1150 1588 1219 Ceterum
1656 1154 1881 1220 Editor
1943 1154 2258 1222 scholium
2322 1179 2514 1222 suum
2562 1158 2657 1240 (6)
2706 1167 3023 1244 posuerat.

616 1265 761 1348 post
819 1258 914 1341 (3)
975 1259 1237 1336 Donati3
1305 1257 1705 1346 Compilator
1753 1262 2011 1327 demum
2059 1245 2347 1329 inseruit·
2379 1273 2746 1351 excerptum
2800 1267 2898 1348 (4)
2948 1271 3023 1331 et

614 1364 1207 1432 adnotatiunculam
1256 1365 1370 1447 (5).

705 1612 794 1678 IV
843 1581 973 1678 4.2
1042 1612 1271 1689 Prodi,
1322 1610 1491 1677 male
1538 1610 1910 1678 conciliate!

705 1718 994 1784 Donatus
1053 1720 1120 1782 in
1185 1719 1280 1799 (3)
1343 1716 1687 1784 declaravit
1750 1719 1907 1805 qnid
1972 1722 2057 1784 sit
2122 1719 2332 1799 „male
2379 1721 2777 1789 conciliate”.
2828 1723 3007 1788 Tum

615 1827 714 1894 IP
754 1809 1002 1893 addidit
1036 1827 1199 1892 hanc
1239 1826 1589 1892 doctrinam
1636 1825 1821 1892 valde
1856 1833 2249 1913 suspectam:
2292 1827 2386 1910 (5)
2412 1827 2637 1894 Omnis
2660 1833 3010 1896 conventio

613 1936 1120 2019 uniuscuiusque
1157 1933 1276 2013 (cf.
1307 1953 1439 1996 var.
1480 1931 1554 2014 1.)
1595 1935 1939 2019 unicuique
1986 1934 2489 2002 conciliatio
2537 1939 2906 2002 nominatur
2940 1935 3011 2018 ¹).

614 2040 872 2108 Scholia
918 2040 1048 2121 (4):
1111 2038 1284 2126 Ergo
1336 2062 1464 2117 „m.
1515 2040 1614 2105 c.''
1680 2061 1918 2127 magno
1980 2047 2195 2128 empte
2248 2043 2601 2130 significat,
2682 2051 2746 2109 et
2791 2046 2887 2126 (5)
2936 2047 3012 2110 in

611 2149 772 2215 fine:
854 2145 1373 2224 „Conciliatum”
1444 2167 1599 2233 ergo
1671 2167 1908 2234 magno
1979 2154 2309 2234 emptum,
2384 2150 2728 2216 ostendunt
2794 2172 3013 2236 genus

615 2248 1283 2321 conclusiuncularum
1331 2253 1394 2316 in
1445 2252 1622 2317 codd.
1676 2254 2113 2340 marginibus,
2161 2253 2453 2320 debitum
2502 2255 2908 2342 magistelliS.

705 2361 864 2427 Ibid.
919 2360 1023 2424 14.
1094 2358 1212 2426 llle
1263 2363 1399 2424 erat
1446 2359 1712 2426 honesta
1758 2360 1917 2426 facie

706 2468 801 2550 (1)
867 2469 962 2547 ’Υῷ
1012 2466 1337 2546 ἰδιωτισμῷ
1401 2466 1620 2545 „erat”
1670 2469 1852 2553 quasi
1900 2468 1976 2532 de
2025 2472 2301 2534 mortuo.
2394 2468 2750 2556 Hucusque
2796 2469 3011 2536 Dona—

610 2582 754 2642 tum
819 2595 1128 2660 agnosco,
1197 2572 1304 2638 sed
1368 2594 1490 2638 non
1541 2572 1851 2659 intellego
1899 2596 2059 2661 quae
2108 2581 2500 2661 sequuntur:
2550 2581 2665 2641 aut
2712 2578 2822 2663 qui
2869 2599 3005 2642 non

612 2686 742 2763 est,
794 2680 1038 2747 scilicet
1079 2678 1344 2756 Thaidi,
1394 2681 1546 2765 quia
1593 2681 1787 2767 fugit.

700 2787 862 2853 Ibid.
919 2785 1000 2851 18
1072 2784 1267 2867 Tace,
1317 2785 1573 2851 obsecro

703 2894 798 2976 (1)
860 2895 1026 2978 Apte
1091 2891 1339 2957 dictum
1401 2896 1500 2956 est
1561 2892 1783 2970 „tace”
1850 2894 2127 2959 femineo
2182 2896 2510 2961 stomacho
2557 2898 2740 2981 quasi
2784 2899 3009 2982 impu-

611 3002 834 3067 denter
896 3001 1219 3065 assistenti
1280 2999 1520 3063 formae
1587 3000 1917 3084 improbae
1980 3006 2091 3081 (sc.
2141 3002 2447 3083 eunuchi)
2506 3008 2572 3067 et
2618 3011 3011 3089 argumenta

606 3108 885 3173 inanit-er
929 3106 1467 3191 pertinaciterque
1504 3106 1849 3170 invocanti.
1960 3106 2055 3187 (2)
2102 3107 2198 3173 De
2244 3092 2702 3175 consuetudine
2752 3109 3003 3175 dictum

608 3218 707 3279 est
756 3213 992 3291 „tace”
1027 3217 1091 3276 et
1136 3212 1295 3277 bene
1342 3211 1631 3276 additum
1685 3212 2050 3291 „obsecro'’,
2098 3235 2179 3279 ne
2231 3215 2456 3293 „tace”
2503 3218 2716 3301 ipsum
2758 3216 3009 3282 videre-

608 3325 718 3384 tur
761 3320 1018 3383 iniuria.
2776 3338 2779 3343 ·

699 3426 938 3491 Utrum
1000 3424 1233 3489 horum
1293 3422 1793 3510 interpolatum?
1852 3423 2054 3492 Credo
2101 3426 2196 3507 (1)
2244 3433 2503 3513 propter
2548 3430 2852 3494 orationis
2902 3434 3007 3494 tu-

606 3554 855 3599 morem
901 3534 967 3595 in
1016 3552 1083 3595 re
1131 3529 1434 3615 simplici.

696 3638 836 3705 Ibid
879 3638 968 3704 20
1015 3634 1295 3703 Chaerea
1342 3658 1378 3701 a
1427 3637 1671 3723 Pythia
1718 3639 1928 3703 iuvita
1973 3637 2271 3703 laudatur
2319 3644 2653 3727 tamquam

1912 3744 2450 3811 Adulescentulus

1013 3851 1216 3933 Quem
1264 3856 1336 3916 tu
1387 3851 1605 3915 videre
1653 3872 1804 3916 vero
1854 3849 2090 3931 velles,
2140 3852 2479 3918 Phaedria.

1013 3958 1140 4023 Hic
1187 3956 1449 4040 (Dorus)
1497 3963 1594 4024 est
1641 3959 1888 4035 vietus,
1938 3963 2155 4035 vetus,
2204 3964 2576 4024 veternosus
2622 3980 2813 4025 senex

695 4064 901 4152 Lepor
945 4064 1068 4130 loci
1112 4068 1360 4151 positus
1408 4069 1506 4129 est
1549 4066 1617 4128 in
1667 4085 1779 4142 eo,
1831 4062 1999 4149 quod
2046 4086 2157 4128 nec
2204 4064 2477 4151 Pythias
2523 4086 2637 4131 nec
2684 4064 3005 4131 Phaedria

604 4175 787 4239 novit
823 4193 993 4251 eum,
1036 4174 1147 4258 qui
1186 4170 1508 4249 laudatur,
1552 4191 1687 4235 esse
1725 4170 1923 4235 huius
1961 4170 2263 4249 fratrem,
2308 4192 2421 4237 nec
2462 4194 2587 4238 non
2618 4174 2686 4237 in
2726 4193 2799 4237 eo
2826 4172 3003 4263 quod

671 4481 726 4546 1)
779 4476 1124 4543 Engraphi
1147 4492 1239 4527 usz
1281 4491 1370 4525 an.
1408 4475 1484 4525 c.'’
1517 4475 1643 4525 male
1679 4477 1863 4541 empto,
1895 4490 2009 4525 nam
2044 4474 2300 4528 concilium
2336 4476 2574 4527 nundinas
2606 4476 2824 4551 diciano.
