<?xml version="1.0" encoding="UTF-8"?>
<!DOCTYPE html PUBLIC "-//W3C//DTD XHTML 1.0 Transitional//EN"
    "http://www.w3.org/TR/xhtml1/DTD/xhtml1-transitional.dtd">
<html xmlns="http://www.w3.org/1999/xhtml" xml:lang="en" lang="en">
 <head>
  <title>
</title>
<meta http-equiv="Content-Type" content="text/html;charset=utf-8" />
  <meta name='ocr-system' content='tesseract 3.04.00' />
  <meta name='ocr-capabilities' content='ocr_page ocr_carea ocr_par ocr_line ocrx_word'/>
</head>
<body>
  <div class='ocr_page' id='page_1' title='image "./mnemosynevolume03verdgoog_0438.png"; bbox 0 0 3246 5085; ppageno 0'>
   <div class='ocr_carea' id='block_1_1' title="bbox 641 350 1995 417">
    <p class='ocr_par' dir='ltr' id='par_1_1' title="bbox 641 350 1995 417">
     <span class='ocr_line' id='line_1_1' title="bbox 641 350 1995 417; baseline 0 -2"><span class='ocrx_word' id='word_1_1' title='bbox 641 350 776 415; x_wconf 81' lang='lat'><strong>430</strong></span> <span class='ocrx_word' id='word_1_2' title='bbox 1684 366 1995 417; x_wconf 66' lang='lat' dir='ltr'><strong>nonnus.</strong></span> 
     </span>
    </p>
   </div>
   <div class='ocr_carea' id='block_1_2' title="bbox 641 532 3059 1044">
    <p class='ocr_par' dir='ltr' id='par_1_2' title="bbox 732 532 2163 610">
     <span class='ocr_line' id='line_1_2' title="bbox 732 532 2163 610; baseline -0.001 -12"><span class='ocrx_word' id='word_1_3' title='bbox 732 532 894 598; x_wconf 88' lang='lat' dir='ltr'><strong>Ibid.</strong></span> <span class='ocrx_word' id='word_1_4' title='bbox 943 532 1030 597; x_wconf 84' lang='lat'><strong>49</strong></span> <span class='ocrx_word' id='word_1_5' title='bbox 1102 532 1347 597; x_wconf 82' lang='lat' dir='ltr'><strong>Fatuus</strong></span> <span class='ocrx_word' id='word_1_6' title='bbox 1393 538 1524 610; x_wconf 88' lang='lat' dir='ltr'><strong>est,</strong></span> <span class='ocrx_word' id='word_1_7' title='bbox 1573 533 1893 610; x_wconf 88' lang='lat' dir='ltr'><strong>insulsus,</strong></span> <span class='ocrx_word' id='word_1_8' title='bbox 1944 532 2163 597; x_wconf 88' lang='lat' dir='ltr'><strong>tardus</strong></span> 
     </span>
    </p>

    <p class='ocr_par' dir='ltr' id='par_1_3' title="bbox 641 636 3059 1044">
     <span class='ocr_line' id='line_1_3' title="bbox 731 636 3059 725; baseline -0.001 -22"><span class='ocrx_word' id='word_1_9' title='bbox 731 638 831 719; x_wconf 82' lang='lat'><strong>(8)</strong></span> <span class='ocrx_word' id='word_1_10' title='bbox 878 637 1002 703; x_wconf 82' lang='lat' dir='ltr'><strong>Sed</strong></span> <span class='ocrx_word' id='word_1_11' title='bbox 1049 636 1284 703; x_wconf 88' lang='lat' dir='ltr'><strong>melius</strong></span> <span class='ocrx_word' id='word_1_12' title='bbox 1329 645 1428 703; x_wconf 89' lang='lat' dir='ltr'><strong>est</strong></span> <span class='ocrx_word' id='word_1_13' title='bbox 1471 640 1562 704; x_wconf 91' lang='lat' dir='ltr'><strong>sic</strong></span> <span class='ocrx_word' id='word_1_14' title='bbox 1605 638 1935 725; x_wconf 78' lang='lat' dir='ltr'><strong>intellegi,</strong></span> <span class='ocrx_word' id='word_1_15' title='bbox 1983 643 2060 702; x_wconf 92' lang='lat' dir='ltr'><strong>ut</strong></span> <span class='ocrx_word' id='word_1_16' title='bbox 2105 642 2254 703; x_wconf 89' lang='lat' dir='ltr'><strong>cett.</strong></span> <span class='ocrx_word' id='word_1_17' title='bbox 2410 636 2507 719; x_wconf 83' lang='lat'><strong>(9)</strong></span> <span class='ocrx_word' id='word_1_18' title='bbox 2554 636 2677 704; x_wconf 83' lang='lat' dir='ltr'><strong>Sed</strong></span> <span class='ocrx_word' id='word_1_19' title='bbox 2721 638 2889 702; x_wconf 84' lang='lat' dir='ltr'><strong>mihi</strong></span> <span class='ocrx_word' id='word_1_20' title='bbox 2940 638 3059 701; x_wconf 81' lang='lat' dir='ltr'><strong>vi-</strong></span> 
     </span>
     <span class='ocr_line' id='line_1_4' title="bbox 642 742 3051 830; baseline -0 -22"><span class='ocrx_word' id='word_1_21' title='bbox 642 744 831 809; x_wconf 89' lang='lat' dir='ltr'><strong>detur</strong></span> <span class='ocrx_word' id='word_1_22' title='bbox 874 745 1128 809; x_wconf 86' lang='lat' dir='ltr'><strong>fatuum</strong></span> <span class='ocrx_word' id='word_1_23' title='bbox 1179 745 1420 822; x_wconf 89' lang='lat' dir='ltr'><strong>dicere,</strong></span> <span class='ocrx_word' id='word_1_24' title='bbox 1467 750 1616 810; x_wconf 85' lang='lat' dir='ltr'><strong>cett.</strong></span> <span class='ocrx_word' id='word_1_25' title='bbox 1758 745 1964 830; x_wconf 83' lang='lat' dir='ltr'><strong>Supra</strong></span> <span class='ocrx_word' id='word_1_26' title='bbox 2010 745 2332 822; x_wconf 75' lang='lat' dir='ltr'><strong>vidimuS,</strong></span> <span class='ocrx_word' id='word_1_27' title='bbox 2382 744 2627 810; x_wconf 91' lang='lat' dir='ltr'><strong>scholio</strong></span> <span class='ocrx_word' id='word_1_28' title='bbox 2674 742 2769 826; x_wconf 88' lang='grc'><strong>(8)</strong></span> <span class='ocrx_word' id='word_1_29' title='bbox 2816 744 3051 809; x_wconf 89' lang='lat' dir='ltr'><strong>Dona-</strong></span> 
     </span>
     <span class='ocr_line' id='line_1_5' title="bbox 641 848 3048 937; baseline -0.001 -22"><span class='ocrx_word' id='word_1_30' title='bbox 641 857 784 915; x_wconf 91' lang='lat' dir='ltr'><strong>tum</strong></span> <span class='ocrx_word' id='word_1_31' title='bbox 849 851 1127 917; x_wconf 84' lang='lat' dir='ltr'><strong>refutare</strong></span> <span class='ocrx_word' id='word_1_32' title='bbox 1190 854 1558 916; x_wconf 85' lang='lat' dir='ltr'><strong>criticorum</strong></span> <span class='ocrx_word' id='word_1_33' title='bbox 1623 850 1837 932; x_wconf 89' lang='lat' dir='ltr'><strong>(Prob.</strong></span> <span class='ocrx_word' id='word_1_34' title='bbox 1888 848 2111 937; x_wconf 74' lang='lat' dir='ltr'><strong>Asp.?)</strong></span> <span class='ocrx_word' id='word_1_35' title='bbox 2174 854 2542 937; x_wconf 86' lang='lat' dir='ltr'><strong>opinionem</strong></span> <span class='ocrx_word' id='word_1_36' title='bbox 2588 850 2905 936; x_wconf 83' lang='lat' dir='ltr'><strong>prolatam</strong></span> <span class='ocrx_word' id='word_1_37' title='bbox 2964 851 3048 913; x_wconf 90' lang='lat' dir='ltr'><strong>in</strong></span> 
     </span>
     <span class='ocr_line' id='line_1_6' title="bbox 641 956 2499 1044; baseline -0.001 -20"><span class='ocrx_word' id='word_1_38' title='bbox 641 958 760 1039; x_wconf 87' lang='lat'><strong>(7),</strong></span> <span class='ocrx_word' id='word_1_39' title='bbox 807 956 1134 1023; x_wconf 83' lang='lat' dir='ltr'><strong>Editorem</strong></span> <span class='ocrx_word' id='word_1_40' title='bbox 1181 979 1404 1023; x_wconf 86' lang='lat' dir='ltr'><strong>rursus</strong></span> <span class='ocrx_word' id='word_1_41' title='bbox 1452 958 1777 1023; x_wconf 81' lang='lat' dir='ltr'><strong>Donatum</strong></span> <span class='ocrx_word' id='word_1_42' title='bbox 1825 961 2211 1044; x_wconf 80' lang='lat' dir='ltr'><strong>impugnare</strong></span> <span class='ocrx_word' id='word_1_43' title='bbox 2256 960 2324 1023; x_wconf 89' lang='lat' dir='ltr'><strong>in</strong></span> <span class='ocrx_word' id='word_1_44' title='bbox 2378 957 2499 1039; x_wconf 87' lang='lat'><strong>(9).</strong></span> 
     </span>
    </p>
   </div>
   <div class='ocr_carea' id='block_1_3' title="bbox 640 1172 3049 2089">
    <p class='ocr_par' dir='ltr' id='par_1_4' title="bbox 731 1172 1651 1258">
     <span class='ocr_line' id='line_1_7' title="bbox 731 1172 1651 1258; baseline -0.001 -20"><span class='ocrx_word' id='word_1_45' title='bbox 731 1172 1156 1258; x_wconf 89' lang='lat' dir='ltr'><strong>Repperimus</strong></span> <span class='ocrx_word' id='word_1_46' title='bbox 1638 1240 1651 1249; x_wconf 72' lang='grc'>,</span> 
     </span>
    </p>

    <p class='ocr_par' dir='ltr' id='par_1_5' title="bbox 733 1277 2467 1361">
     <span class='ocr_line' id='line_1_8' title="bbox 733 1277 2467 1361; baseline 0.001 -19"><span class='ocrx_word' id='word_1_47' title='bbox 733 1280 1013 1343; x_wconf 89' lang='lat' dir='ltr'><strong>Probum</strong></span> <span class='ocrx_word' id='word_1_48' title='bbox 1063 1279 1094 1344; x_wconf 98' lang='grc' dir='ltr'>Ι</span> <span class='ocrx_word' id='word_1_49' title='bbox 1145 1278 1270 1343; x_wconf 91' lang='grc'><strong>1.1</strong></span> <span class='ocrx_word' id='word_1_50' title='bbox 1322 1279 1715 1361; x_wconf 66' lang='lat' dir='ltr'><strong>(distinquib).</strong></span> <span class='ocrx_word' id='word_1_51' title='bbox 1764 1278 2109 1344; x_wconf 86' lang='lat' dir='ltr'><strong>Varronem</strong></span> <span class='ocrx_word' id='word_1_52' title='bbox 2162 1278 2223 1343; x_wconf 94' lang='lat' dir='ltr'><strong>II</strong></span> <span class='ocrx_word' id='word_1_53' title='bbox 2271 1278 2332 1343; x_wconf 99' lang='grc'><strong>2.</strong></span> <span class='ocrx_word' id='word_1_54' title='bbox 2361 1277 2467 1344; x_wconf 84' lang='grc'><strong>25.</strong></span> 
     </span>
    </p>

    <p class='ocr_par' dir='ltr' id='par_1_6' title="bbox 640 1383 3049 1678">
     <span class='ocr_line' id='line_1_9' title="bbox 731 1383 3049 1472; baseline -0.001 -23"><span class='ocrx_word' id='word_1_55' title='bbox 731 1384 967 1462; x_wconf 88' lang='lat' dir='ltr'><strong>Locos,</strong></span> <span class='ocrx_word' id='word_1_56' title='bbox 1033 1385 1145 1449; x_wconf 93' lang='lat' dir='ltr'><strong>ubi</strong></span> <span class='ocrx_word' id='word_1_57' title='bbox 1211 1385 1454 1450; x_wconf 88' lang='lat' dir='ltr'><strong>Probus</strong></span> <span class='ocrx_word' id='word_1_58' title='bbox 1520 1388 1721 1471; x_wconf 85' lang='lat' dir='ltr'><strong>Asper</strong></span> <span class='ocrx_word' id='word_1_59' title='bbox 1768 1385 2085 1471; x_wconf 89' lang='lat' dir='ltr'><strong>designati</strong></span> <span class='ocrx_word' id='word_1_60' title='bbox 2134 1407 2269 1452; x_wconf 85' lang='lat' dir='ltr'><strong>esse</strong></span> <span class='ocrx_word' id='word_1_61' title='bbox 2315 1389 2616 1472; x_wconf 76' lang='lat' dir='ltr'><strong>possunt:</strong></span> <span class='ocrx_word' id='word_1_62' title='bbox 2664 1384 2694 1448; x_wconf 96' lang='grc' dir='ltr'>Ι</span> <span class='ocrx_word' id='word_1_63' title='bbox 2743 1383 2804 1448; x_wconf 92' lang='grc'><strong>2.</strong></span> <span class='ocrx_word' id='word_1_64' title='bbox 2834 1384 2918 1447; x_wconf 73' lang='lat'><strong>5*</strong></span> <span class='ocrx_word' id='word_1_65' title='bbox 2972 1388 3049 1447; x_wconf 88' lang='lat' dir='ltr'><strong>et</strong></span> 
     </span>
     <span class='ocr_line' id='line_1_10' title="bbox 642 1488 3042 1573; baseline -0.001 -18"><span class='ocrx_word' id='word_1_66' title='bbox 642 1490 684 1555; x_wconf 89' lang='grc'><strong>6</strong></span> <span class='ocrx_word' id='word_1_67' title='bbox 732 1498 796 1557; x_wconf 87' lang='lat' dir='ltr'><strong>et</strong></span> <span class='ocrx_word' id='word_1_68' title='bbox 844 1489 929 1557; x_wconf 85' lang='lat'><strong>87</strong></span> <span class='ocrx_word' id='word_1_69' title='bbox 977 1490 1411 1573; x_wconf 71' lang='lat' dir='ltr'><strong>(Hellanicus).</strong></span> <span class='ocrx_word' id='word_1_70' title='bbox 1460 1490 1525 1556; x_wconf 98' lang='grc' dir='ltr'><strong>ΙΙ</strong></span> <span class='ocrx_word' id='word_1_71' title='bbox 1574 1491 1729 1572; x_wconf 85' lang='grc'><strong>2.1,</strong></span> <span class='ocrx_word' id='word_1_72' title='bbox 1780 1490 1840 1557; x_wconf 85' lang='grc'><strong>3.</strong></span> <span class='ocrx_word' id='word_1_73' title='bbox 1869 1492 1976 1557; x_wconf 87' lang='grc'><strong>21.</strong></span> <span class='ocrx_word' id='word_1_74' title='bbox 2049 1491 2140 1557; x_wconf 93' lang='grc' dir='ltr'><strong>ΙΠ</strong></span> <span class='ocrx_word' id='word_1_75' title='bbox 2188 1492 2251 1558; x_wconf 91' lang='grc'><strong>2.</strong></span> <span class='ocrx_word' id='word_1_76' title='bbox 2280 1492 2381 1557; x_wconf 72' lang='grc'><strong>5*.</strong></span> <span class='ocrx_word' id='word_1_77' title='bbox 2448 1490 2535 1557; x_wconf 88' lang='lat' dir='ltr'><strong>IV</strong></span> <span class='ocrx_word' id='word_1_78' title='bbox 2574 1490 2637 1557; x_wconf 91' lang='grc'><strong>2.</strong></span> <span class='ocrx_word' id='word_1_79' title='bbox 2667 1488 2728 1568; x_wconf 88' lang='grc'><strong>9,</strong></span> <span class='ocrx_word' id='word_1_80' title='bbox 2780 1488 2843 1554; x_wconf 83' lang='lat'><strong>3.</strong></span> <span class='ocrx_word' id='word_1_81' title='bbox 2878 1488 3042 1567; x_wconf 55' lang='lat'><strong>11⁸5</strong></span> 
     </span>
     <span class='ocr_line' id='line_1_11' title="bbox 640 1595 2344 1678; baseline 0.001 -17"><span class='ocrx_word' id='word_1_82' title='bbox 640 1596 704 1663; x_wconf 89' lang='grc'><strong>4.</strong></span> <span class='ocrx_word' id='word_1_83' title='bbox 731 1596 818 1663; x_wconf 88' lang='grc'><strong>22</strong></span> <span class='ocrx_word' id='word_1_84' title='bbox 867 1598 1321 1678; x_wconf 56' lang='grc' dir='ltr'><strong>(εᾱεεὶωηιηιῖ).</strong></span> <span class='ocrx_word' id='word_1_85' title='bbox 1374 1595 1562 1676; x_wconf 77' lang='lat'><strong>43?*,</strong></span> <span class='ocrx_word' id='word_1_86' title='bbox 1617 1596 1857 1664; x_wconf 73' lang='lat'><strong>7.16*.</strong></span> <span class='ocrx_word' id='word_1_87' title='bbox 1906 1598 1961 1660; x_wconf 92' lang='lat' dir='ltr'><strong>V</strong></span> <span class='ocrx_word' id='word_1_88' title='bbox 2011 1598 2072 1663; x_wconf 85' lang='lat'><strong>8.</strong></span> <span class='ocrx_word' id='word_1_89' title='bbox 2103 1596 2209 1663; x_wconf 83' lang='grc'><strong>27.</strong></span> <span class='ocrx_word' id='word_1_90' title='bbox 2237 1598 2344 1663; x_wconf 85' lang='grc'><strong>49.</strong></span> 
     </span>
    </p>

    <p class='ocr_par' dir='ltr' id='par_1_7' title="bbox 731 1702 2228 1782">
     <span class='ocr_line' id='line_1_12' title="bbox 731 1702 2228 1782; baseline 0.001 -15"><span class='ocrx_word' id='word_1_91' title='bbox 731 1702 957 1769; x_wconf 78' lang='lat' dir='ltr'><strong>Editor</strong></span> <span class='ocrx_word' id='word_1_92' title='bbox 1000 1704 1322 1769; x_wconf 82' lang='lat' dir='ltr'><strong>Donatum</strong></span> <span class='ocrx_word' id='word_1_93' title='bbox 1373 1704 1685 1769; x_wconf 89' lang='lat' dir='ltr'><strong>indicavit</strong></span> <span class='ocrx_word' id='word_1_94' title='bbox 1730 1704 1895 1782; x_wconf 75' lang='lat' dir='ltr'><strong>(alii)</strong></span> <span class='ocrx_word' id='word_1_95' title='bbox 1940 1703 2028 1768; x_wconf 90' lang='lat' dir='ltr'><strong>IV</strong></span> <span class='ocrx_word' id='word_1_96' title='bbox 2077 1702 2134 1770; x_wconf 86' lang='lat'><strong>7.</strong></span> <span class='ocrx_word' id='word_1_97' title='bbox 2166 1702 2228 1769; x_wconf 88' lang='grc'><strong>6.</strong></span> 
     </span>
    </p>

    <p class='ocr_par' dir='ltr' id='par_1_8' title="bbox 731 1808 2340 1896">
     <span class='ocr_line' id='line_1_13' title="bbox 731 1808 2340 1896; baseline 0.001 -22"><span class='ocrx_word' id='word_1_98' title='bbox 731 1808 1037 1896; x_wconf 83' lang='lat' dir='ltr'><strong>Magistri</strong></span> <span class='ocrx_word' id='word_1_99' title='bbox 1083 1814 1284 1875; x_wconf 87' lang='lat' dir='ltr'><strong>citant</strong></span> <span class='ocrx_word' id='word_1_100' title='bbox 1330 1812 1610 1895; x_wconf 71' lang='lat' dir='ltr'><strong>quosdam</strong></span> <span class='ocrx_word' id='word_1_101' title='bbox 1658 1808 1745 1873; x_wconf 92' lang='lat' dir='ltr'><strong>IV</strong></span> <span class='ocrx_word' id='word_1_102' title='bbox 1794 1809 1854 1873; x_wconf 90' lang='lat'><strong>4.</strong></span> <span class='ocrx_word' id='word_1_103' title='bbox 1884 1808 1990 1875; x_wconf 87' lang='lat'><strong>41.</strong></span> <span class='ocrx_word' id='word_1_104' title='bbox 2042 1809 2095 1872; x_wconf 89' lang='lat' dir='ltr'><strong>V</strong></span> <span class='ocrx_word' id='word_1_105' title='bbox 2144 1808 2340 1875; x_wconf 84' lang='grc'><strong>4.17.</strong></span> 
     </span>
    </p>

    <p class='ocr_par' dir='ltr' id='par_1_9' title="bbox 732 1913 2927 2002">
     <span class='ocr_line' id='line_1_14' title="bbox 732 1913 2927 2002; baseline -0.001 -22"><span class='ocrx_word' id='word_1_106' title='bbox 732 1914 923 1981; x_wconf 83' lang='lat' dir='ltr'><strong>quta</strong></span> <span class='ocrx_word' id='word_1_107' title='bbox 970 1916 1162 1981; x_wconf 88' lang='lat' dir='ltr'><strong>Prob.</strong></span> <span class='ocrx_word' id='word_1_108' title='bbox 1213 1918 1398 2002; x_wconf 86' lang='lat' dir='ltr'><strong>Aspr.</strong></span> <span class='ocrx_word' id='word_1_109' title='bbox 1448 1916 1562 1982; x_wconf 89' lang='lat' dir='ltr'><strong>alii</strong></span> <span class='ocrx_word' id='word_1_110' title='bbox 1609 1918 1814 1981; x_wconf 84' lang='lat' dir='ltr'><strong>fontes</strong></span> <span class='ocrx_word' id='word_1_111' title='bbox 1860 1916 2228 1982; x_wconf 87' lang='lat' dir='ltr'><strong>indicantur</strong></span> <span class='ocrx_word' id='word_1_112' title='bbox 2274 1916 2333 1981; x_wconf 93' lang='lat'><strong>11</strong></span> <span class='ocrx_word' id='word_1_113' title='bbox 2384 1916 2443 1981; x_wconf 85' lang='lat'><strong>3.</strong></span> <span class='ocrx_word' id='word_1_114' title='bbox 2474 1916 2579 1981; x_wconf 84' lang='lat'><strong>21.</strong></span> <span class='ocrx_word' id='word_1_115' title='bbox 2630 1914 2723 1979; x_wconf 89' lang='lat'><strong>111</strong></span> <span class='ocrx_word' id='word_1_116' title='bbox 2771 1913 2833 1980; x_wconf 92' lang='grc'><strong>2.</strong></span> <span class='ocrx_word' id='word_1_117' title='bbox 2866 1916 2927 1979; x_wconf 83' lang='lat'><strong>5.</strong></span> 
     </span>
    </p>

    <p class='ocr_par' dir='ltr' id='par_1_10' title="bbox 734 2021 1847 2089">
     <span class='ocr_line' id='line_1_15' title="bbox 734 2021 1847 2089; baseline 0.003 -4"><span class='ocrx_word' id='word_1_118' title='bbox 734 2021 1136 2087; x_wconf 89' lang='lat' dir='ltr'><strong>Incerti.loci</strong></span> <span class='ocrx_word' id='word_1_119' title='bbox 1184 2021 1214 2085; x_wconf 95' lang='grc' dir='ltr'>Ι</span> <span class='ocrx_word' id='word_1_120' title='bbox 1261 2023 1323 2088; x_wconf 87' lang='grc'><strong>2.</strong></span> <span class='ocrx_word' id='word_1_121' title='bbox 1356 2022 1460 2087; x_wconf 92' lang='grc'><strong>10.</strong></span> <span class='ocrx_word' id='word_1_122' title='bbox 1509 2022 1596 2087; x_wconf 88' lang='lat' dir='ltr'><strong>IV</strong></span> <span class='ocrx_word' id='word_1_123' title='bbox 1650 2021 1708 2088; x_wconf 82' lang='lat'><strong>7.</strong></span> <span class='ocrx_word' id='word_1_124' title='bbox 1738 2021 1847 2089; x_wconf 84' lang='lat'><strong>25.</strong></span> 
     </span>
    </p>
   </div>
   <div class='ocr_carea' id='block_1_4' title="bbox 1636 2254 2022 2341">
    <p class='ocr_par' dir='ltr' id='par_1_11' title="bbox 1636 2254 2022 2341">
     <span class='ocr_line' id='line_1_16' title="bbox 1636 2254 2022 2341; baseline 0 -22"><span class='ocrx_word' id='word_1_125' title='bbox 1636 2254 2022 2341; x_wconf 88' lang='lat' dir='ltr'><strong>Adelphi.</strong></span> 
     </span>
    </p>
   </div>
   <div class='ocr_carea' id='block_1_5' title="bbox 637 2452 3032 4250">
    <p class='ocr_par' dir='ltr' id='par_1_12' title="bbox 735 2452 2769 2533">
     <span class='ocr_line' id='line_1_17' title="bbox 735 2452 2769 2533; baseline 0 -14"><span class='ocrx_word' id='word_1_126' title='bbox 735 2454 766 2519; x_wconf 94' lang='grc' dir='ltr'><strong>Ι</strong></span> <span class='ocrx_word' id='word_1_127' title='bbox 818 2454 941 2519; x_wconf 94' lang='grc'><strong>1.1</strong></span> <span class='ocrx_word' id='word_1_128' title='bbox 1019 2452 1282 2533; x_wconf 81' lang='lat' dir='ltr'><strong>Storax,</strong></span> <span class='ocrx_word' id='word_1_129' title='bbox 1329 2476 1456 2520; x_wconf 87' lang='lat' dir='ltr'><strong>non</strong></span> <span class='ocrx_word' id='word_1_130' title='bbox 1502 2454 1694 2519; x_wconf 90' lang='lat' dir='ltr'><strong>rediit</strong></span> <span class='ocrx_word' id='word_1_131' title='bbox 1740 2455 1858 2520; x_wconf 89' lang='lat' dir='ltr'><strong>hac</strong></span> <span class='ocrx_word' id='word_1_132' title='bbox 1902 2460 2085 2520; x_wconf 87' lang='lat' dir='ltr'><strong>nocte</strong></span> <span class='ocrx_word' id='word_1_133' title='bbox 2134 2476 2170 2519; x_wconf 92' lang='lat' dir='ltr'><strong>a</strong></span> <span class='ocrx_word' id='word_1_134' title='bbox 2217 2475 2370 2519; x_wconf 90' lang='lat' dir='ltr'><strong>cena</strong></span> <span class='ocrx_word' id='word_1_135' title='bbox 2418 2454 2769 2520; x_wconf 82' lang='lat' dir='ltr'><strong>Aeschinus</strong></span> 
     </span>
    </p>

    <p class='ocr_par' dir='ltr' id='par_1_13' title="bbox 639 2553 3031 2755">
     <span class='ocr_line' id='line_1_18' title="bbox 733 2553 3031 2648; baseline 0.001 -24"><span class='ocrx_word' id='word_1_136' title='bbox 733 2559 828 2643; x_wconf 87' lang='lat'><strong>(4)</strong></span> <span class='ocrx_word' id='word_1_137' title='bbox 891 2561 1030 2626; x_wconf 90' lang='lat' dir='ltr'><strong>Hoc</strong></span> <span class='ocrx_word' id='word_1_138' title='bbox 1090 2559 1199 2626; x_wconf 88' lang='lat' dir='ltr'><strong>alii</strong></span> <span class='ocrx_word' id='word_1_139' title='bbox 1255 2564 1749 2648; x_wconf 79' lang='lat' dir='ltr'><strong>interrogative,</strong></span> <span class='ocrx_word' id='word_1_140' title='bbox 1814 2560 1925 2627; x_wconf 89' lang='lat' dir='ltr'><strong>alii</strong></span> <span class='ocrx_word' id='word_1_141' title='bbox 1970 2553 2451 2648; x_wconf 84' lang='lat' dir='ltr'><strong>pronuntiative</strong></span> <span class='ocrx_word' id='word_1_142' title='bbox 2496 2563 2863 2648; x_wconf 85' lang='lat' dir='ltr'><strong>proferunt,</strong></span> <span class='ocrx_word' id='word_1_143' title='bbox 2913 2561 3031 2628; x_wconf 89' lang='lat' dir='ltr'><strong>sed</strong></span> 
     </span>
     <span class='ocr_line' id='line_1_19' title="bbox 639 2668 1786 2755; baseline -0.001 -21"><span class='ocrx_word' id='word_1_144' title='bbox 639 2671 853 2755; x_wconf 87' lang='lat' dir='ltr'><strong>magis</strong></span> <span class='ocrx_word' id='word_1_145' title='bbox 898 2670 1376 2755; x_wconf 84' lang='lat' dir='ltr'><strong>pronuntiative</strong></span> <span class='ocrx_word' id='word_1_146' title='bbox 1424 2668 1786 2734; x_wconf 87' lang='lat' dir='ltr'><strong>dicendum.</strong></span> 
     </span>
    </p>

    <p class='ocr_par' dir='ltr' id='par_1_14' title="bbox 641 2773 3028 2948">
     <span class='ocr_line' id='line_1_20' title="bbox 733 2773 3028 2861; baseline 0.003 -25"><span class='ocrx_word' id='word_1_147' title='bbox 733 2773 1096 2840; x_wconf 89' lang='lat' dir='ltr'><strong>Verisimile</strong></span> <span class='ocrx_word' id='word_1_148' title='bbox 1159 2781 1256 2840; x_wconf 89' lang='lat' dir='ltr'><strong>est</strong></span> <span class='ocrx_word' id='word_1_149' title='bbox 1309 2775 1596 2840; x_wconf 90' lang='lat' dir='ltr'><strong>Probum</strong></span> <span class='ocrx_word' id='word_1_150' title='bbox 1655 2777 1935 2861; x_wconf 80' lang='lat' dir='ltr'><strong>Asprum</strong></span> <span class='ocrx_word' id='word_1_151' title='bbox 1992 2778 2189 2841; x_wconf 89' lang='lat' dir='ltr'><strong>etiam</strong></span> <span class='ocrx_word' id='word_1_152' title='bbox 2234 2777 2353 2842; x_wconf 91' lang='lat' dir='ltr'><strong>hac</strong></span> <span class='ocrx_word' id='word_1_153' title='bbox 2400 2777 2477 2843; x_wconf 90' lang='lat' dir='ltr'><strong>de</strong></span> <span class='ocrx_word' id='word_1_154' title='bbox 2520 2799 2589 2842; x_wconf 91' lang='lat' dir='ltr'><strong>re</strong></span> <span class='ocrx_word' id='word_1_155' title='bbox 2635 2780 3028 2843; x_wconf 88' lang='lat' dir='ltr'><strong>sententiam</strong></span> 
     </span>
     <span class='ocr_line' id='line_1_21' title="bbox 641 2881 2232 2948; baseline 0.001 -1"><span class='ocrx_word' id='word_1_156' title='bbox 641 2881 887 2947; x_wconf 88' lang='lat' dir='ltr'><strong>tulisse.</strong></span> <span class='ocrx_word' id='word_1_157' title='bbox 938 2881 1432 2948; x_wconf 85' lang='lat' dir='ltr'><strong>Pronuntiativa</strong></span> <span class='ocrx_word' id='word_1_158' title='bbox 1478 2885 1640 2948; x_wconf 88' lang='lat' dir='ltr'><strong>ratio</strong></span> <span class='ocrx_word' id='word_1_159' title='bbox 1687 2885 1872 2947; x_wconf 88' lang='lat' dir='ltr'><strong>unice</strong></span> <span class='ocrx_word' id='word_1_160' title='bbox 1922 2903 2071 2948; x_wconf 87' lang='lat' dir='ltr'><strong>vera</strong></span> <span class='ocrx_word' id='word_1_161' title='bbox 2116 2889 2232 2948; x_wconf 89' lang='lat' dir='ltr'><strong>est.</strong></span> 
     </span>
    </p>

    <p class='ocr_par' dir='ltr' id='par_1_15' title="bbox 731 2987 1826 3076">
     <span class='ocr_line' id='line_1_22' title="bbox 731 2987 1826 3076; baseline 0.001 -24"><span class='ocrx_word' id='word_1_162' title='bbox 731 2987 762 3052; x_wconf 94' lang='grc' dir='ltr'><strong>Ι</strong></span> <span class='ocrx_word' id='word_1_163' title='bbox 811 2987 874 3054; x_wconf 91' lang='grc'><strong>2.</strong></span> <span class='ocrx_word' id='word_1_164' title='bbox 903 2987 940 3054; x_wconf 90' lang='grc'>7</span> <span class='ocrx_word' id='word_1_165' title='bbox 1014 2987 1213 3054; x_wconf 87' lang='lat' dir='ltr'><strong>Modo</strong></span> <span class='ocrx_word' id='word_1_166' title='bbox 1259 2988 1413 3075; x_wconf 91' lang='lat' dir='ltr'><strong>quid</strong></span> <span class='ocrx_word' id='word_1_167' title='bbox 1462 2988 1826 3076; x_wconf 88' lang='lat' dir='ltr'><strong>designavit</strong></span> 
     </span>
    </p>

    <p class='ocr_par' dir='ltr' id='par_1_16' title="bbox 637 3094 3032 4250">
     <span class='ocr_line' id='line_1_23' title="bbox 731 3094 3029 3185; baseline 0.003 -26"><span class='ocrx_word' id='word_1_168' title='bbox 731 3095 829 3174; x_wconf 88' lang='lat'><strong>(1)</strong></span> <span class='ocrx_word' id='word_1_169' title='bbox 890 3094 1353 3181; x_wconf 87' lang='lat' dir='ltr'><strong>Designare</strong></span> <span class='ocrx_word' id='word_1_170' title='bbox 1413 3102 1507 3162; x_wconf 88' lang='lat' dir='ltr'><strong>est</strong></span> <span class='ocrx_word' id='word_1_171' title='bbox 1566 3117 1702 3160; x_wconf 90' lang='lat' dir='ltr'><strong>rem</strong></span> <span class='ocrx_word' id='word_1_172' title='bbox 1765 3117 2000 3162; x_wconf 86' lang='lat' dir='ltr'><strong>novam</strong></span> <span class='ocrx_word' id='word_1_173' title='bbox 2056 3097 2260 3162; x_wconf 85' lang='lat' dir='ltr'><strong>facere</strong></span> <span class='ocrx_word' id='word_1_174' title='bbox 2292 3096 2337 3177; x_wconf 86' lang='lat'><strong>¹)</strong></span> <span class='ocrx_word' id='word_1_175' title='bbox 2384 3099 2450 3161; x_wconf 91' lang='lat' dir='ltr'><strong>in</strong></span> <span class='ocrx_word' id='word_1_176' title='bbox 2502 3103 2841 3184; x_wconf 85' lang='lat' dir='ltr'><strong>utramque</strong></span> <span class='ocrx_word' id='word_1_177' title='bbox 2887 3120 3029 3185; x_wconf 86' lang='lat' dir='ltr'><strong>par-</strong></span> 
     </span>
     <span class='ocr_line' id='line_1_24' title="bbox 639 3200 3026 3290; baseline 0.001 -24"><span class='ocrx_word' id='word_1_178' title='bbox 639 3207 811 3280; x_wconf 91' lang='lat' dir='ltr'><strong>tem,</strong></span> <span class='ocrx_word' id='word_1_179' title='bbox 876 3207 941 3266; x_wconf 89' lang='lat' dir='ltr'><strong>et</strong></span> <span class='ocrx_word' id='word_1_180' title='bbox 1000 3202 1234 3266; x_wconf 89' lang='lat' dir='ltr'><strong>bonam</strong></span> <span class='ocrx_word' id='word_1_181' title='bbox 1281 3207 1346 3266; x_wconf 91' lang='lat' dir='ltr'><strong>et</strong></span> <span class='ocrx_word' id='word_1_182' title='bbox 1391 3200 1667 3279; x_wconf 85' lang='lat' dir='ltr'><strong>malam;</strong></span> <span class='ocrx_word' id='word_1_183' title='bbox 1717 3223 1865 3267; x_wconf 86' lang='lat' dir='ltr'><strong>nam</strong></span> <span class='ocrx_word' id='word_1_184' title='bbox 1916 3209 1981 3268; x_wconf 91' lang='lat' dir='ltr'><strong>et</strong></span> <span class='ocrx_word' id='word_1_185' title='bbox 2026 3203 2623 3290; x_wconf 88' lang='lat' dir='ltr'><strong>designatores</strong></span> <span class='ocrx_word' id='word_1_186' title='bbox 2670 3203 2861 3282; x_wconf 89' lang='lat' dir='ltr'><strong>dicti,</strong></span> <span class='ocrx_word' id='word_1_187' title='bbox 2911 3207 3026 3290; x_wconf 90' lang='lat' dir='ltr'><strong>qui</strong></span> 
     </span>
     <span class='ocr_line' id='line_1_25' title="bbox 637 3307 3028 3399; baseline 0.001 -26"><span class='ocrx_word' id='word_1_188' title='bbox 637 3307 810 3373; x_wconf 90' lang='lat' dir='ltr'><strong>ludis</strong></span> <span class='ocrx_word' id='word_1_189' title='bbox 874 3307 1247 3374; x_wconf 88' lang='lat' dir='ltr'><strong>funebribus</strong></span> <span class='ocrx_word' id='word_1_190' title='bbox 1308 3315 1648 3394; x_wconf 88' lang='lat' dir='ltr'><strong>praesunt,</strong></span> <span class='ocrx_word' id='word_1_191' title='bbox 1710 3310 1897 3374; x_wconf 89' lang='lat' dir='ltr'><strong>credo</strong></span> <span class='ocrx_word' id='word_1_192' title='bbox 1959 3311 2035 3374; x_wconf 94' lang='lat' dir='ltr'><strong>ob</strong></span> <span class='ocrx_word' id='word_1_193' title='bbox 2098 3330 2240 3376; x_wconf 87' lang='lat' dir='ltr'><strong>eam</strong></span> <span class='ocrx_word' id='word_1_194' title='bbox 2304 3331 2598 3391; x_wconf 88' lang='lat' dir='ltr'><strong>causam,</strong></span> <span class='ocrx_word' id='word_1_195' title='bbox 2650 3311 2820 3398; x_wconf 90' lang='lat' dir='ltr'><strong>quod</strong></span> <span class='ocrx_word' id='word_1_196' title='bbox 2866 3314 3028 3399; x_wconf 88' lang='lat' dir='ltr'><strong>ipsis</strong></span> 
     </span>
     <span class='ocr_line' id='line_1_26' title="bbox 637 3412 3029 3501; baseline 0.003 -23"><span class='ocrx_word' id='word_1_197' title='bbox 637 3413 810 3479; x_wconf 83' lang='lat' dir='ltr'><strong>ludis</strong></span> <span class='ocrx_word' id='word_1_198' title='bbox 873 3412 1080 3478; x_wconf 87' lang='lat' dir='ltr'><strong>multa</strong></span> <span class='ocrx_word' id='word_1_199' title='bbox 1144 3413 1300 3478; x_wconf 88' lang='lat' dir='ltr'><strong>fiant</strong></span> <span class='ocrx_word' id='word_1_200' title='bbox 1360 3435 1526 3479; x_wconf 87' lang='lat' dir='ltr'><strong>nova</strong></span> <span class='ocrx_word' id='word_1_201' title='bbox 1587 3421 1653 3480; x_wconf 90' lang='lat' dir='ltr'><strong>et</strong></span> <span class='ocrx_word' id='word_1_202' title='bbox 1714 3416 2089 3501; x_wconf 89' lang='lat' dir='ltr'><strong>spectanda,</strong></span> <span class='ocrx_word' id='word_1_203' title='bbox 2152 3416 2352 3482; x_wconf 91' lang='lat' dir='ltr'><strong>simul</strong></span> <span class='ocrx_word' id='word_1_204' title='bbox 2415 3421 2610 3484; x_wconf 88' lang='lat' dir='ltr'><strong>etiam</strong></span> <span class='ocrx_word' id='word_1_205' title='bbox 2675 3425 2749 3484; x_wconf 91' lang='lat' dir='ltr'><strong>ut</strong></span> <span class='ocrx_word' id='word_1_206' title='bbox 2797 3419 3029 3484; x_wconf 87' lang='lat' dir='ltr'><strong>turbae</strong></span> 
     </span>
     <span class='ocr_line' id='line_1_27' title="bbox 637 3520 2835 3607; baseline 0.002 -22"><span class='ocrx_word' id='word_1_207' title='bbox 637 3523 1053 3598; x_wconf 88' lang='lat' dir='ltr'><strong>retineantur,</strong></span> <span class='ocrx_word' id='word_1_208' title='bbox 1117 3541 1279 3607; x_wconf 87' lang='lat' dir='ltr'><strong>quae</strong></span> <span class='ocrx_word' id='word_1_209' title='bbox 1344 3520 1509 3586; x_wconf 89' lang='lat' dir='ltr'><strong>fiunt</strong></span> <span class='ocrx_word' id='word_1_210' title='bbox 1571 3529 1687 3586; x_wconf 90' lang='lat' dir='ltr'><strong>aut</strong></span> <span class='ocrx_word' id='word_1_211' title='bbox 1746 3525 1813 3587; x_wconf 92' lang='lat' dir='ltr'><strong>in</strong></span> <span class='ocrx_word' id='word_1_212' title='bbox 1878 3522 2256 3607; x_wconf 81' lang='lat' dir='ltr'><strong>spectaculis</strong></span> <span class='ocrx_word' id='word_1_213' title='bbox 2318 3531 2432 3588; x_wconf 89' lang='lat' dir='ltr'><strong>aut</strong></span> <span class='ocrx_word' id='word_1_214' title='bbox 2478 3528 2545 3589; x_wconf 89' lang='lat' dir='ltr'><strong>in</strong></span> <span class='ocrx_word' id='word_1_215' title='bbox 2590 3524 2835 3591; x_wconf 86' lang='lat' dir='ltr'><strong>litibus.</strong></span> 
     </span>
     <span class='ocr_line' id='line_1_28' title="bbox 638 3626 3025 3714; baseline 0.001 -20"><span class='ocrx_word' id='word_1_216' title='bbox 638 3627 735 3711; x_wconf 88' lang='grc'><strong>(2)</strong></span> <span class='ocrx_word' id='word_1_217' title='bbox 771 3628 942 3692; x_wconf 90' lang='lat' dir='ltr'><strong>Puto</strong></span> <span class='ocrx_word' id='word_1_218' title='bbox 983 3649 1102 3714; x_wconf 91' lang='lat' dir='ltr'><strong>ego</strong></span> <span class='ocrx_word' id='word_1_219' title='bbox 1141 3626 1825 3714; x_wconf 89' lang='lat' dir='ltr'><strong>designationem</strong></span> <span class='ocrx_word' id='word_1_220' title='bbox 1866 3632 2363 3695; x_wconf 87' lang='lat' dir='ltr'><strong>contractionem</strong></span> <span class='ocrx_word' id='word_1_221' title='bbox 2400 3637 2513 3695; x_wconf 89' lang='lat' dir='ltr'><strong>aut</strong></span> <span class='ocrx_word' id='word_1_222' title='bbox 2536 3632 3025 3698; x_wconf 89' lang='lat' dir='ltr'><strong>conductionem</strong></span> 
     </span>
     <span class='ocr_line' id='line_1_29' title="bbox 637 3733 3025 3824; baseline 0.001 -23"><span class='ocrx_word' id='word_1_223' title='bbox 637 3734 862 3822; x_wconf 87' lang='lat' dir='ltr'><strong>populi</strong></span> <span class='ocrx_word' id='word_1_224' title='bbox 920 3736 988 3799; x_wconf 89' lang='lat' dir='ltr'><strong>in</strong></span> <span class='ocrx_word' id='word_1_225' title='bbox 1037 3756 1240 3799; x_wconf 90' lang='lat' dir='ltr'><strong>unum</strong></span> <span class='ocrx_word' id='word_1_226' title='bbox 1285 3733 1571 3821; x_wconf 84' lang='lat' dir='ltr'><strong>intelligi</strong></span> <span class='ocrx_word' id='word_1_227' title='bbox 1622 3771 1709 3783; x_wconf 89' lang='lat'><em>-</em></span> <span class='ocrx_word' id='word_1_228' title='bbox 1754 3735 1872 3800; x_wconf 89' lang='lat' dir='ltr'><strong>hoc</strong></span> <span class='ocrx_word' id='word_1_229' title='bbox 1918 3737 2090 3800; x_wconf 92' lang='lat' dir='ltr'><strong>enim</strong></span> <span class='ocrx_word' id='word_1_230' title='bbox 2139 3739 2458 3823; x_wconf 88' lang='lat' dir='ltr'><strong>contingit</strong></span> <span class='ocrx_word' id='word_1_231' title='bbox 2504 3739 2599 3816; x_wconf 91' lang='lat' dir='ltr'><strong>ei,</strong></span> <span class='ocrx_word' id='word_1_232' title='bbox 2648 3741 2761 3824; x_wconf 92' lang='lat' dir='ltr'><strong>qui</strong></span> <span class='ocrx_word' id='word_1_233' title='bbox 2804 3736 3025 3824; x_wconf 82' lang='lat' dir='ltr'><strong>aliq-uo</strong></span> 
     </span>
     <span class='ocr_line' id='line_1_30' title="bbox 637 3840 3031 3930; baseline 0 -22"><span class='ocrx_word' id='word_1_234' title='bbox 637 3842 885 3930; x_wconf 86' lang='lat' dir='ltr'><strong>flagitio</strong></span> <span class='ocrx_word' id='word_1_235' title='bbox 949 3841 1171 3929; x_wconf 88' lang='lat' dir='ltr'><strong>populi</strong></span> <span class='ocrx_word' id='word_1_236' title='bbox 1231 3843 1300 3907; x_wconf 90' lang='lat' dir='ltr'><strong>in</strong></span> <span class='ocrx_word' id='word_1_237' title='bbox 1361 3862 1427 3906; x_wconf 89' lang='lat' dir='ltr'><strong>se</strong></span> <span class='ocrx_word' id='word_1_238' title='bbox 1491 3840 1705 3907; x_wconf 91' lang='lat' dir='ltr'><strong>oculos</strong></span> <span class='ocrx_word' id='word_1_239' title='bbox 1766 3848 1828 3907; x_wconf 90' lang='lat' dir='ltr'><strong>et</strong></span> <span class='ocrx_word' id='word_1_240' title='bbox 1890 3862 2000 3908; x_wconf 87' lang='lat' dir='ltr'><strong>ora</strong></span> <span class='ocrx_word' id='word_1_241' title='bbox 2044 3845 2359 3908; x_wconf 83' lang='lat' dir='ltr'><strong>convertit</strong></span> <span class='ocrx_word' id='word_1_242' title='bbox 2404 3849 2469 3908; x_wconf 89' lang='lat' dir='ltr'><strong>et</strong></span> <span class='ocrx_word' id='word_1_243' title='bbox 2517 3844 2878 3930; x_wconf 87' lang='lat' dir='ltr'><strong>spectaculo</strong></span> <span class='ocrx_word' id='word_1_244' title='bbox 2927 3851 3031 3911; x_wconf 87' lang='lat' dir='ltr'><strong>est</strong></span> 
     </span>
     <span class='ocr_line' id='line_1_31' title="bbox 637 3948 3029 4036; baseline 0 -20"><span class='ocrx_word' id='word_1_245' title='bbox 637 3948 838 4036; x_wconf 84' lang='lat' dir='ltr'><strong>vulgo</strong></span> <span class='ocrx_word' id='word_1_246' title='bbox 904 3988 1012 4028; x_wconf 89' lang='lat'><strong>-,</strong></span> <span class='ocrx_word' id='word_1_247' title='bbox 1086 3949 1254 4035; x_wconf 91' lang='lat' dir='ltr'><strong>quod</strong></span> <span class='ocrx_word' id='word_1_248' title='bbox 1317 3949 1907 4034; x_wconf 85' lang='lat' dir='ltr'><strong>designatores</strong></span> <span class='ocrx_word' id='word_1_249' title='bbox 1976 3949 2149 4015; x_wconf 87' lang='lat' dir='ltr'><strong>ludis</strong></span> <span class='ocrx_word' id='word_1_250' title='bbox 2209 3951 2585 4016; x_wconf 87' lang='lat' dir='ltr'><strong>funebribus</strong></span> <span class='ocrx_word' id='word_1_251' title='bbox 2654 3951 3029 4018; x_wconf 89' lang='lat' dir='ltr'><strong>multitudi-</strong></span> 
     </span>
     <span class='ocr_line' id='line_1_32' title="bbox 637 4053 3032 4145; baseline 0.001 -24"><span class='ocrx_word' id='word_1_252' title='bbox 637 4078 784 4121; x_wconf 91' lang='lat' dir='ltr'><strong>nem</strong></span> <span class='ocrx_word' id='word_1_253' title='bbox 847 4059 1142 4121; x_wconf 90' lang='lat' dir='ltr'><strong>retinent.</strong></span> <span class='ocrx_word' id='word_1_254' title='bbox 1284 4053 1380 4134; x_wconf 88' lang='lat'><strong>(3)</strong></span> <span class='ocrx_word' id='word_1_255' title='bbox 1444 4055 1634 4140; x_wconf 86' lang='lat' dir='ltr'><strong>Apud</strong></span> <span class='ocrx_word' id='word_1_256' title='bbox 1695 4060 1941 4120; x_wconf 86' lang='lat' dir='ltr'><strong>veteres</strong></span> <span class='ocrx_word' id='word_1_257' title='bbox 1988 4057 2107 4121; x_wconf 91' lang='lat' dir='ltr'><strong>hoc</strong></span> <span class='ocrx_word' id='word_1_258' title='bbox 2155 4056 2426 4121; x_wconf 88' lang='lat' dir='ltr'><strong>verbum</strong></span> <span class='ocrx_word' id='word_1_259' title='bbox 2474 4057 2631 4122; x_wconf 87' lang='lat' dir='ltr'><strong>duas</strong></span> <span class='ocrx_word' id='word_1_260' title='bbox 2681 4079 2779 4123; x_wconf 89' lang='lat' dir='ltr'><strong>res</strong></span> <span class='ocrx_word' id='word_1_261' title='bbox 2826 4061 3032 4145; x_wconf 86' lang='lat' dir='ltr'><strong>signi-</strong></span> 
     </span>
     <span class='ocr_line' id='line_1_33' title="bbox 638 4161 2790 4250; baseline 0.002 -24"><span class='ocrx_word' id='word_1_262' title='bbox 638 4161 900 4227; x_wconf 88' lang='lat' dir='ltr'><strong>ficabat:</strong></span> <span class='ocrx_word' id='word_1_263' title='bbox 951 4164 1189 4225; x_wconf 89' lang='lat' dir='ltr'><strong>etenim</strong></span> <span class='ocrx_word' id='word_1_264' title='bbox 1240 4181 1432 4246; x_wconf 86' lang='lat' dir='ltr'><strong>prave</strong></span> <span class='ocrx_word' id='word_1_265' title='bbox 1481 4167 1545 4226; x_wconf 91' lang='lat' dir='ltr'><strong>et</strong></span> <span class='ocrx_word' id='word_1_266' title='bbox 1591 4166 1761 4227; x_wconf 89' lang='lat' dir='ltr'><strong>recte</strong></span> <span class='ocrx_word' id='word_1_267' title='bbox 1804 4162 1972 4227; x_wconf 85' lang='lat' dir='ltr'><strong>facta</strong></span> <span class='ocrx_word' id='word_1_268' title='bbox 2022 4162 2355 4250; x_wconf 85' lang='lat' dir='ltr'><strong>designata</strong></span> <span class='ocrx_word' id='word_1_269' title='bbox 2398 4164 2790 4230; x_wconf 81' lang='lat' dir='ltr'><strong>dicebantur.</strong></span> 
     </span>
    </p>
   </div>
   <div class='ocr_carea' id='block_1_6' title="bbox 645 4329 1035 4340">
    <p class='ocr_par' dir='ltr' id='par_1_17' title="bbox 645 4329 1035 4340">
     <span class='ocr_line' id='line_1_34' title="bbox 645 4329 1035 4340; baseline 0 745"><span class='ocrx_word' id='word_1_270' title='bbox 645 4329 1035 4340; x_wconf 95' lang='lat' dir='ltr'><strong> </strong></span> 
     </span>
    </p>
   </div>
   <div class='ocr_carea' id='block_1_7' title="bbox 637 4419 3031 4566">
    <p class='ocr_par' dir='ltr' id='par_1_18' title="bbox 637 4419 3031 4566">
     <span class='ocr_line' id='line_1_35' title="bbox 708 4419 3031 4490; baseline 0.002 -20"><span class='ocrx_word' id='word_1_271' title='bbox 708 4422 762 4484; x_wconf 92' lang='grc'><strong>1)</strong></span> <span class='ocrx_word' id='word_1_272' title='bbox 813 4419 1025 4470; x_wconf 80' lang='lat' dir='ltr'><strong>Terentii</strong></span> <span class='ocrx_word' id='word_1_273' title='bbox 1081 4419 1222 4470; x_wconf 77' lang='lat' dir='ltr'><strong>verba</strong></span> <span class='ocrx_word' id='word_1_274' title='bbox 1269 4420 1523 4470; x_wconf 77' lang='lat' dir='ltr'><strong>vernaculo</strong></span> <span class='ocrx_word' id='word_1_275' title='bbox 1556 4435 1774 4471; x_wconf 72' lang='lat' dir='ltr'><strong>sermone</strong></span> <span class='ocrx_word' id='word_1_276' title='bbox 1808 4421 1875 4471; x_wconf 72' lang='lat' dir='ltr'><strong>sic</strong></span> <span class='ocrx_word' id='word_1_277' title='bbox 1908 4421 2041 4472; x_wconf 83' lang='lat' dir='ltr'><strong>reddi</strong></span> <span class='ocrx_word' id='word_1_278' title='bbox 2078 4425 2299 4488; x_wconf 71' lang='lat' dir='ltr'><strong>possunt:</strong></span> <span class='ocrx_word' id='word_1_279' title='bbox 2344 4423 2487 4472; x_wconf 71' lang='lat' dir='ltr'><strong>‚wat</strong></span> <span class='ocrx_word' id='word_1_280' title='bbox 2524 4437 2639 4472; x_wconf 83' lang='lat' dir='ltr'><strong>voor</strong></span> <span class='ocrx_word' id='word_1_281' title='bbox 2672 4423 2827 4473; x_wconf 76' lang='lat' dir='ltr'><strong>nieuw</strong></span> <span class='ocrx_word' id='word_1_282' title='bbox 2863 4425 3031 4490; x_wconf 73' lang='lat' dir='ltr'><strong>stukje</strong></span> 
     </span>
     <span class='ocr_line' id='line_1_36' title="bbox 637 4501 2487 4566; baseline 0.001 -14"><span class='ocrx_word' id='word_1_283' title='bbox 637 4503 768 4552; x_wconf 75' lang='lat' dir='ltr'><strong>heeft</strong></span> <span class='ocrx_word' id='word_1_284' title='bbox 803 4503 864 4566; x_wconf 70' lang='lat' dir='ltr'><strong>hij</strong></span> <span class='ocrx_word' id='word_1_285' title='bbox 901 4517 965 4550; x_wconf 85' lang='lat' dir='ltr'><strong>nu</strong></span> <span class='ocrx_word' id='word_1_286' title='bbox 1005 4503 1158 4550; x_wconf 82' lang='lat' dir='ltr'><strong>weder</strong></span> <span class='ocrx_word' id='word_1_287' title='bbox 1189 4501 1476 4553; x_wconf 74' lang='lat' dir='ltr'><strong>vertoond”.</strong></span> <span class='ocrx_word' id='word_1_288' title='bbox 2484 4506 2487 4510; x_wconf 83' lang='lat'>&#39;</span> 
     </span>
    </p>
   </div>
  </div>
 </body>
</html>
