3246 5085
629 285 756 353 152
1635 306 2010 357 amomon.

619 476 851 537 ταῦτα.
924 472 1033 537 Sic
1098 472 1431 558 loquimur
1498 493 1648 537 cum
1717 472 2121 557 aliquatenus
2189 471 2599 537 concedimus
2659 493 2810 539 vera
2875 494 3022 539 esse

619 598 780 662 quae
850 576 1012 643 alter
1078 577 1346 656 dixerit,
1416 578 1607 643 modo
1671 581 1840 644 sinat
1907 581 2262 644 orationem
2322 577 2402 643 ad
2463 578 2594 644 alia
2659 578 3020 645 deflectere.

616 675 933 755 Similiter
992 686 1308 770 corrigam
1372 682 1619 771 Cratyl.
1671 682 1910 749 431E:
1977 684 2120 753 ἔςω
2170 688 2378 748 ταῦτα
2427 705 2542 770 pro
2590 682 2711 753 ἔςι
2758 691 3020 764 ταῦτα,

616 792 809 855 sicuti
855 787 1159 876 Gratylus
1200 789 1429 855 itidem
1472 789 1800 874 respondit
1840 789 1968 854 431
2000 790 2070 866 Α,
2118 809 2268 854 nam
2310 810 2436 854 non
2473 791 2598 855 nisi
2632 796 2902 876 gravate
2942 810 3022 855 ea

618 894 905 961 concedit
965 915 1127 981 quae
1190 899 1449 962 omnino
1510 916 1638 961 non
1704 900 1922 981 potest
1965 916 2200 981 negare
2247 902 2313 960 et
2359 916 2530 961 nunc
2577 902 2747 961 certe
2791 897 3022 982 pergit

623 1000 906 1087 obloqui.

706 1218 869 1284 Ibid.
934 1217 1126 1285 43D:
1196 1217 1724 1296 ἀπαγγέλλουσιν
1798 1216 2042 1292 ἥκοντές
2112 1241 2271 1291 τινες
2349 1219 2472 1284 α’πὸ
2548 1219 2790 1284 Σουνίου
2865 1218 3014 1285 καί

618 1324 1077 1398 καταλιπόντες
1118 1325 1248 1389 ἐκεῖ
1283 1323 1458 1391 αὐτό.
1508 1324 1706 1390 Ν11116
1740 1328 2000 1410 negotio
2035 1327 2351 1390 sentimus
2391 1328 2459 1389 in
2500 1332 2636 1390 tam
2674 1328 3018 1410 perspicuo

616 1434 954 1499 enunciato
1000 1434 1414 1516 participium
1458 1432 1915 1504 καταλιπόντες
1955 1431 2224 1517 pendere
2265 1452 2342 1496 ex
2383 1433 2722 1516 participio
2765 1429 3017 1503 ἥκοντες

616 1540 836 1623 itaque
879 1540 1241 1611 coniunctio
1293 1538 1404 1602 καί
1450 1537 1876 1624 expungenda
1920 1542 2036 1602 est.
2087 1536 2195 1601 Sic
2243 1535 2480 1601 millies
2530 1542 2816 1601 erratum
2856 1537 3016 1617 suit3

616 1644 933 1730 quomodo
994 1642 1231 1710 Graece
1293 1644 1636 1710 dicendum
1683 1647 1802 1722 sit,
1853 1650 1998 1709 tum
2053 1642 2203 1709 alibi
2253 1664 2554 1729 persaepe
2605 1650 2704 1708 est
2753 1644 3016 1722 videre,

617 1757 763 1815 tum
808 1750 966 1836 Rep.
1016 1750 1079 1815 II
1125 1772 1185 1835 p.
1237 1749 1479 1815 366A:
1548 1750 1894 1824 λισσόμενοι
1946 1749 2413 1827 ὑπερβαίνοντες
2466 1750 2568 1814 καί
2621 1748 3017 1830 ἁμαρτάνον-

619 1880 724 1928 τες
771 1858 1078 1929 πείθοντες
1125 1856 1352 1928 αὐτοὺς
1400 1856 1645 1937 ἀζήμιοι
1698 1854 2178 1933 ἀπαλλάξομεν.

707 2088 869 2154 Ibid.
918 2088 1109 2154 4413:
1172 2090 1279 2154 ἐὰν
1340 2087 1431 2153 σὺ
1496 2086 1840 2169 ἀποθάνῃς,
1907 2092 1970 2155 οὗ
2036 2088 2156 2167 μία
2202 2086 2497 2168 ξυμφοραί
2547 2089 2692 2157 ker.
2742 2088 3014 2175 Aliquid

619 2193 797 2259 deest
858 2192 1029 2281 quod
1087 2193 1167 2259 ad
1222 2193 1349 2260 loci
1412 2197 1796 2260 sententiam
1855 2200 1951 2261 est
2012 2216 2326 2280 perquam
2383 2196 2846 2261 necessarium:
2900 2195 3014 2260 ἐὰν

619 2300 698 2365 σὺ
748 2305 935 2381 (νῦν)
981 2298 1311 2381 ἀποθάνῃς.

707 2534 871 2602 Ibid.
919 2533 1115 2600 44D:
1164 2530 1273 2600 οἷοί
1318 2536 1374 2600 τ’
1424 2533 1571 2600 εἰσίν
1619 2534 1671 2598 οἰ
1723 2534 1938 2599 πολλοὶ
1987 2536 2052 2601 οὐ
2094 2535 2178 2600 τὰ
2216 2534 2602 2614 σμικρότατα
2645 2541 2762 2601 τῶν
2805 2544 3013 2601 κακῶν

616 2642 1076 2723 ἐξεργάζεσθαι.
1124 2640 1307 2722 Quod
1352 2641 1748 2725 adscriptum
1795 2647 1890 2709 est
1938 2640 2112 2704 ἀλλὰ
2155 2641 2237 2705 τὰ
2276 2641 2528 2718 μάλιςα
2569 2640 2814 2721 σχεδόν,
2853 2643 3014 2709 facit

616 2755 693 2814 ut
754 2750 1070 2814 sententia
1126 2746 1452 2834 langueat.
1511 2744 1769 2811 Dicitur
1827 2744 2155 2833 eleganter
2199 2748 2266 2810 οὐ
2317 2748 2386 2810 τὸ
2434 2747 2845 2826 σμικρότατον
2894 2770 3011 2834 pro

615 2857 685 2922 τὸ
746 2855 993 2920 πάντων
1052 2852 1342 2930 μέγιςον·
1414 2851 1638 2917 litotes
1701 2853 1999 2916 omnibus
2062 2853 2132 2916 in
2193 2873 2317 2917 usu
2379 2859 2477 2918 est
2536 2875 2652 2918 nec
2697 2857 3009 2939 cuiquam

615 2959 1037 3046 explicatione
1098 2979 1255 3044 opus
1318 2962 1434 3023 est.
1501 2955 1735 3022 Itidem
1795 2978 1857 3041 p.
1909 2956 2070 3022 52A
2126 2960 2280 3023 satis
2331 2963 2462 3024 est:
2510 2960 2729 3039 φαμὲν
2779 2961 2882 3023 καὶ
2936 2961 3006 3024 σὲ

613 3075 762 3137 ταῖς
830 3067 1059 3135 αἰτίαις
1136 3063 1440 3140 ἐνέξεσθαι
1506 3062 1609 3126 καὶ
1673 3063 1795 3140 οὐχ
1857 3059 2040 3137 ἥκιςα
2105 3065 2434 3138 Ἀθηναίων
2496 3063 2600 3141 σέ,
2650 3086 2763 3131 nec
2809 3065 3003 3130 Plato

615 3191 775 3255 opus
812 3169 1041 3235 habuit
1086 3167 1312 3234 addere
1358 3169 1538 3232 ἀλλ’
1591 3167 1665 3231 ἐν
1713 3175 1886 3239 τοῖς
1932 3169 2297 3247 μάλιςα,
2337 3188 2498 3255 quae
2534 3171 2729 3236 verba
2765 3169 3004 3237 sciolus

614 3277 917 3342 assumsit
962 3295 1036 3339 ex
1086 3276 1169 3338 iis
1214 3293 1376 3358 quae
1422 3274 1714 3359 proxime
1762 3277 2136 3358 sequuntur.

706 3523 864 3590 Ibid.
915 3522 1104 3588 5513:
1157 3524 1190 3599 ἦ
1230 3520 1457 3593 εἴσοδος
1505 3528 1647 3596 τῆς
1697 3520 1921 3594 δίκης
1965 3521 2048 3592 εἰς
2092 3522 2160 3586 τὸ
2201 3521 2539 3602 δικαςήριον
2580 3525 2654 3594 ὥς
2699 3525 3002 3606 εἰσῆλθες,

616 3628 746 3706 ἐξὸν
814 3632 902 3707 μὴ
973 3630 1286 3693 εἰσελθεῖν.
1359 3626 1536 3692 Duae
1605 3627 2151 3692 circumferuntur
2216 3626 2522 3694 lectiones
2597 3630 2871 3704 εἰσῆλθεν
2932 3637 3004 3697 et

614 3736 926 3813 εἰσῆλθες,
976 3733 1084 3800 sed
1130 3735 1570 3819 unusquisque
1610 3731 1792 3798 videt
1833 3737 2152 3818 praestare
2191 3734 2463 3806 εἰσῆλθες
2487 3783 2503 3812 ,
2546 3755 2750 3820 quum
2781 3757 3007 3822 sequa-

614 3848 723 3907 tur
769 3841 898 3920 ἔξὸν
943 3842 1031 3917 μη
1080 3841 1369 3905 εἰσελθεῖν
1416 3859 1613 3925 eaque
1661 3837 1851 3904 lectio
1892 3841 2091 3903 etia-m
2131 3859 2207 3903 ex
2248 3843 2630 3906 correctione
2669 3840 3006 3908 Bodleiani

610 3947 765 4013 libri
811 3953 927 4012 est.
976 3945 1215 4011 Verum
1262 3951 1528 4031 apparet
1568 3947 1810 4010 servari
1846 3966 1972 4010 non
2013 3944 2238 4010 debere
2277 3952 2384 4019 τῆς
2429 3945 2632 4026 δίκης,
2684 3968 2834 4012 nam
2872 3947 3005 4015 dici

614 4073 765 4118 saue
829 4057 1039 4138 potest
1100 4054 1133 4124 ἦ
1182 4052 1407 4124 εἴσοδος
1453 4059 1561 4124 τῆς
1614 4050 1780 4124 δίκης
1829 4053 1906 4122 ὥς
1957 4051 2252 4129 εἰσῆλθεν,
2302 4052 2409 4118 sed
2455 4053 2766 4119 absonum
2815 4059 2912 4118 est
2966 4055 3000 4129 ἡ

615 4156 838 4231 εἴσοδος
886 4165 995 4232 τῆς
1044 4158 1211 4232 δι’κης
1259 4160 1337 4230 ὥς
1386 4158 1683 4231 εἰσῆλθες.

707 4388 868 4456 Ibid.
912 4387 1097 4456 480:
1148 4389 1374 4455 ἐνθένδε
1416 4390 1739 4471 πειρᾶσθαι
1785 4387 2007 4466 ἐξιέναι
2043 4391 2132 4470 μη
2184 4389 2599 4473 ἀφιέντων
2639 4391 3004 4466 ’Λθηναίων.
