3246 5085
611 315 740 383 158
1610 336 1987 388 rnAromoA.

607 508 718 573 τῆς
775 504 996 579 ψυχῆς
1058 502 1368 576 πολλὴν
1430 502 1781 571 &melam
1849 501 2199 583 παρέχει
2264 510 2435 574 τοῖς
2506 502 2987 581 ἀνθρώποις,

605 608 730 683 μὴ,
804 606 1051 671 ἐπειδὰν
1124 609 1487 689 ἀπαλλαγῇ
1559 612 1666 673 τοῦ
1738 608 2061 685 σώματος,
2125 608 2485 683 οὐδαμοῦ
2548 606 2637 671 ἔτι
2702 604 2772 689 ᾖ,
2836 610 2990 673 ἀλλ’

607 712 801 793 ἐκείνῃ
861 722 937 793 τῇ
1003 710 1198 792 ἡμέρα
1260 712 1857 792 διαφθείρηταί
1903 740 1987 778 τε
2037 714 2168 778 καὶ
2218 714 2782 792 αἰπολλύιιται,
2834 710 2997 795 ᾖᾶν

605 814 910 896 ἄνθρωπος
958 819 1266 898 ἀποθάνῃ,
1321 820 1494 891 εὐθὺς
1540 819 2081 896 ἀπαλλαττομένη
2130 824 2238 885 τοῦ
2288 819 2575 895 σώματος
2623 820 2725 883 καὶ
2778 820 2998 898 ἐκβαί-

603 945 788 987 νουσα
836 920 1035 1001 ὥσπερ
1083 928 1334 997 πνεῦμα
1381 925 1416 999 ἢ
1466 926 1698 997 καπνὸς
1747 926 2259 990 διασκεδασθεῖσα
2307 927 2558 1004 οἴχηται
2608 924 2991 999 διαπτομένη

605 1026 712 1093 καὶ
777 1028 942 1093 οὐδὲν
1006 1028 1094 1092 ἔτι
1156 1030 1426 1106 οὐδαμοῦ
1476 1028 1533 1112 ᾖ.
1594 1030 1893 1096 Primum
1939 1053 2088 1096 cum
2135 1031 2513 1117 Hirschigio
2560 1033 2816 1097 eiiciam
2864 1030 2995 1095 δια-

603 1136 932 1215 Φθείρηταί
991 1160 1060 1199 τε
1117 1136 1220 1199 καὶ
1274 1136 1707 1215 uznoimam„
1756 1158 1918 1222 quae
1965 1140 2347 1203 sententiam
2398 1140 2559 1202 mire
2604 1136 2993 1221 impediunt.

601 1239 770 1305 Tum
829 1239 1213 1327 interpolata
1271 1242 1474 1307 habeo
1537 1242 1849 1307 vocabula
1915 1247 2152 1315 πολλὴν
2217 1244 2480 1311 ceneclan
2546 1244 2813 1323 παρέχει
2860 1250 2993 1313 τοῖς

602 1346 958 1424 stupebam,
1023 1366 1182 1431 quae
1246 1346 1542 1412 desumta
1589 1354 1743 1412 sunt
1788 1369 1867 1412 ex
1912 1351 2205 1433 proxime
2250 1347 2804 1433 praecedentibus:
2859 1355 2987 1420 τοῖς

600 1452 663 1517 δὲ
723 1459 974 1522 πολλοῖς
1039 1454 1299 1517 &mclxv
1363 1452 1629 1531 παρέχει
1693 1458 1759 1518 et
1820 1452 2139 1540 adscripta
2186 1455 2451 1520 fuerunt
2496 1455 2574 1519 ab
2622 1454 2817 1519 sciolo
2869 1456 2985 1539 qui

600 1580 724 1624 non
783 1556 1204 1643 intellegebat
1263 1558 1416 1644 quid
1480 1563 1681 1623 esset:
1749 1560 1901 1633 μὲν.
1933 1606 1947 1623 .
1977 1607 1991 1624 .
2042 1561 2309 1635 οὐδαμοῦ
2374 1559 2461 1624 ἔτι
2524 1558 2580 1639 ἦ.
2645 1558 2749 1625 Sic
2806 1562 2983 1623 enim

597 1664 945 1749 loquimur,
1008 1684 1155 1729 cum
1217 1671 1504 1729 auctores
1559 1664 1754 1729 alicui
1799 1686 2024 1730 sumus
2070 1672 2145 1730 ut
2189 1667 2614 1751 suspicionem
2660 1663 2981 1750 quandam

599 1758 874 1836 ulterius
942 1771 1324 1856 investiget,
1395 1772 1586 1834 sicuti
1658 1792 1719 1855 p.
1789 1770 1951 1835 69A
2010 1770 2301 1836 Socrates
2362 1771 2645 1836 dixerat:
2710 1772 2799 1845 μὴ
2860 1772 2983 1848 οὐχ

603 1874 761 1952 αὕτη
821 1875 856 1957 ᾖ
921 1879 955 1951 ἦ
1017 1876 1149 1954 ὀρθὴ
1212 1876 1496 1952 ἀλλαγῆ.
1561 1874 1635 1941 Si
1698 1883 2034 1941 servantur
2091 1875 2204 1941 illa
2270 1878 2495 1954 verba,
2560 1875 2837 1941 aliorum
2886 1880 2985 1939 est

599 1982 1010 2048 incredulitas
1072 2002 1233 2066 quae
1289 1987 1385 2045 est
1428 1984 1633 2066 ipsius
1682 1980 1956 2047 Cebetis.
2003 1981 2245 2047 Eadem
2294 2002 2523 2046 manus
2568 1979 2987 2066 interpolavit

602 2087 792 2153 86E:
859 2087 1012 2162 λέγε
1073 2088 1137 2151 τί
1198 2082 1264 2159 ἦν
1324 2088 1393 2150 τὸ
1439 2088 1506 2151 σὲ
1555 2083 1637 2153 αὖ
1686 2087 1985 2165 &pin-ovs
2016 2086 2355 2173 adscripsit
2402 2087 2751 2157 οὶπιςίαν
2801 2109 2987 2163 παρ·

601 2194 698 2274 ἐχ
725 2196 828 2269 εἰ,
892 2192 1060 2277 quod
1117 2191 1286 2256 vidit
1332 2188 1629 2257 Cobetus.
1669 2191 2005 2257 Praeterea
2050 2214 2164 2277 pro
2213 2192 2566 2267 οὐδαμοῦ
2616 2191 2706 2255 ἔτι
2742 2188 2825 2271 ᾖ,
2874 2210 2977 2275 pa-

597 2298 732 2365 lam
792 2305 890 2363 est
947 2296 1081 2383 leg-i
1127 2297 1352 2363 debere
1400 2297 1685 2379 (οὐδὲν)
1727 2298 2029 2373 οὐδαμοῦ,
2080 2300 2271 2362 sicuti
2317 2298 2474 2363 bene
2520 2300 2836 2381 scriptum
2880 2300 2981 2360 est

597 2407 664 2469 in
727 2403 1020 2469 laudatae
1083 2405 1434 2467 sententiae
1497 2402 1640 2468 fine.
1704 2404 1805 2468 Ad
1867 2404 2038 2468 hunc
2099 2403 2317 2468 locum
2378 2401 2666 2469 Socrates
2712 2403 2977 2487 respicit

599 2532 664 2596 p.
712 2507 905 2574 8413:
971 2508 1134 2574 οὐδὲν
1197 2508 1381 2574 δεινὸν
1439 2510 1527 2584 uh
1587 2509 1838 2590 Φοβηθῇ
1902 2506 2062 2581 ὅπως
2110 2511 2195 2585 μὴ
2245 2508 2865 2574 διασπασθεῖσα
2916 2506 2977 2570 ἐν

599 2624 676 2696 τῇ
740 2618 1098 2695 ἀπαλλαγῇ
1161 2618 1267 2678 τοῦ
1332 2616 1618 2690 σώματος
1694 2615 1807 2680 ὑπὸ
1877 2621 1992 2679 τῶν
2062 2616 2301 2691 ἀνέμων
2366 2613 2820 2692 διαφυσηθεῒσα
2868 2613 2975 2677 καὶ

599 2720 974 2798 διαπτομένη
1035 2718 1288 2798 οἴχηται
1336 2720 1440 2783 καὶ
1491 2720 1656 2784 οὐδὲν
1705 2718 1793 2785 ἔτι
1843 2721 2110 2796 οὐδαμοῦ
2160 2717 2214 2799 ᾖ.
2265 2717 2656 2806 Gor-ruptum
2701 2725 2799 2785 est
2846 2717 2980 2783 δια-

597 2829 988 2904 σπασθεῖσα,
1049 2847 1199 2891 nam
1257 2825 1324 2890 id
1389 2825 1557 2909 quod
1618 2825 2008 2904 διαφυσᾶται
2071 2831 2137 2892 et
2197 2825 2558 2891 διαπέτεται
2594 2847 2722 2890 non
2766 2828 2981 2910 potest

596 2936 1011 2999 διασπᾶσθαιτ
1072 2953 1233 3017 quae
1279 2934 1450 2996 enim
1499 2931 1703 2997 firmis
1750 2931 2024 2998 vinculis
2070 2931 2340 3018 alligata
2388 2952 2579 3017 aegre
2625 2930 2987 2996 dissolvun-

598 3047 727 3120 tur,
799 3039 1178 3102 διασπᾶται·
1251 3043 1469 3102 contra
1527 3038 1595 3101 id
1658 3037 1825 3122 quod
1885 3041 1953 3103 in
2016 3059 2201 3103 auras
2263 3039 2423 3103 abiit
2483 3040 2676 3102 sicuti
2720 3039 2980 3101 animae

595 3147 986 3222 διαφυσᾶται
1057 3149 1123 3208 et
1192 3141 1576 3207 διαπέτει-αι.
1666 3142 1960 3208 Alterum
2024 3149 2121 3208 est
2183 3163 2518 3228 corporum
2580 3141 2979 3218 solidorum,

595 3250 873 3315 alterum
940 3249 1104 3312 fumi
1168 3255 1232 3312 et
1298 3246 1700 3313 nebularum.
1772 3248 1840 3314 Si
1910 3247 2197 3314 Socrates
2264 3248 2433 3334 apud
2500 3247 2841 3313 Platonem
2908 3249 2977 3311 in

595 3354 940 3422 referendis
1011 3353 1236 3418 alienis
1297 3354 1511 3419 verbis
1581 3353 1959 3420 mortalium
2023 3357 2540 3420 accuratissimus
2600 3360 2731 3431 est,
2803 3353 2977 3437 quod

593 3482 707 3546 per
778 3465 991 3524 totum
1050 3457 1388 3524 Platonem
1457 3459 1697 3545 ubique
1767 3460 2101 3526 observare
2164 3462 2437 3544 poteris,
2498 3481 2701 3544 quum
2766 3457 2973 3524 Cebes

595 3567 889 3632 dixisset:
957 3561 1155 3642 ὥσπερ
1218 3569 1468 3640 πνεῦμα
1531 3565 1566 3640 ἢ
1634 3568 1864 3636 καπνὸς
1916 3565 2656 3642 διασκεδασθεῖσα,
2706 3569 2979 3649 apparet

594 3672 751 3756 quid
813 3691 926 3756 pro
991 3669 1449 3735 διασπασθεῖσα
1510 3671 1946 3754 reponendum
1983 3673 2091 3735 sit.
2138 3670 2358 3735 Etiam
2402 3670 2681 3735 conferre
2730 3671 2975 3753 poteris

592 3799 657 3863 p.
707 3773 792 3842 ‘77
813 3775 888 3842 D.
939 3773 1242 3842 Ceterum
1289 3775 1756 3842 Herwerdenus
1804 3775 2121 3842 diversam
2167 3778 2481 3840 rationem
2526 3777 2839 3859 sequitur.

681 3987 842 4054 Ibid.
895 3987 1083 4056 700:
1128 3987 1400 4060 παλαιός
1447 4009 1543 4060 τις
1593 3986 1783 4066 λόγος
1830 3985 1899 4052 οὐ
1943 3987 2347 4064 μεμνήμεθα·
2396 3989 2558 4052 mire
2606 3985 2855 4052 dictum
2898 3991 2971 4051 et

589 4115 740 4161 cum
790 4115 998 4160 sermo
1045 4094 1156 4159 fiat
1202 4094 1279 4158 de
1324 4093 1664 4158 hominum
1707 4096 1976 4172 animis,
2024 4113 2185 4177 quae
2229 4098 2377 4178 post
2421 4098 2592 4157 certa
2628 4089 2977 4156 intervalla

590 4204 658 4265 iu
727 4203 932 4265 vitam
994 4199 1295 4275 redeunt,
1365 4199 1835 4284 propemodum
1896 4197 2336 4264 commendare
2395 4200 2639 4263 ausim:
2704 4189 2781 4260 ὃν
2842 4221 2973 4272 με·

589 4307 986 4384 μυήμεθα.
1033 4303 1140 4369 Fit
1183 4309 1250 4369 in
1298 4303 1634 4370 Phaedone
1680 4307 2138 4390 mysteriorum
2188 4305 2430 4369 mentio
2478 4324 2540 4388 p.
2582 4301 2667 4368 69
2684 4299 2757 4379 G,
2800 4301 2968 4367 81A

588 4416 654 4476 et
697 4411 964 4476 fortasse
1013 4409 1142 4476 108
1162 4411 1243 4476 Α.
