3246 5085
606 318 740 385 394
1474 334 2124 385 onssnvarluucunan

599 527 720 569 non
783 512 870 568 est
930 512 999 568 ut
1059 506 1166 567 hoc
1225 503 1420 568 edicto
1485 508 1779 580 teneatur,
1844 523 1971 564 cum
2017 501 2085 564 in
2129 502 2238 564 hoc
2284 502 2474 565 edicto
2520 502 2651 566 doli
2695 502 2854 566 mali-
2888 504 3049 585 fiat

595 611 831 675 mentio,
891 612 1156 675 Ceterum
1185 608 1235 692 1)
1283 610 1401 673 eric
1448 609 1835 672 interdictum
1882 614 1939 671 et
1967 630 2085 689 per
2119 615 2542 689 procuratores
2584 609 2863 690 litiyare,
2922 610 3046 672 do-

599 717 783 781 minio
812 714 861 798 ²)
899 717 966 780 in
1007 739 1102 780 eos
1140 716 1578 801 [plerumque]
1622 736 1698 779 ex
1736 716 1909 779 iusta
1948 714 2018 795 (l.
2044 714 2348 797 fiduciae)
2390 737 2571 777 causa
2596 716 2919 779 translato
2956 714 3043 796 ³).

598 822 759 902 Sed,
826 826 1124 908 quamvis
1189 844 1287 887 res
1353 821 1576 886 fraude
1640 826 1882 897 careat,
1946 827 2165 884 tamen
2226 824 2295 884 in
2350 824 2710 906 captionem
2758 822 3044 887 incidet

599 932 1034 1009 adversarius,
1102 932 1250 1016 quia
1313 927 1483 993 nihil
1547 928 1845 1012 prohibet
1903 929 2183 1011 priorem
2233 927 2605 1005 dominum,
2655 930 3041 1013 quominus

597 1042 836 1103 iterum
903 1036 978 1101 de
1043 1038 1431 1121 proprietate
1496 1037 1898 1119 experiat-um
1956 1054 2108 1098 nam
2156 1036 2221 1098 et
2265 1034 2459 1099 habet
2504 1038 2573 1099 in
2619 1056 2754 1100 rem
2804 1038 3039 1100 actio-

603 1164 753 1209 nem
781 1142 852 1225 4),
917 1164 1028 1208 nec
1078 1141 1332 1227 repellit
1378 1161 1530 1206 eum
1577 1142 1867 1225 exceptio
1913 1142 2005 1205 rei
2052 1139 2373 1206 iudicatae
2420 1140 2523 1207 vel
2568 1144 2634 1206 in
2681 1140 3035 1206 iudicium

603 1248 911 1315 deductae
975 1268 1054 1313 ex
1117 1267 1384 1333 persona
1445 1248 1846 1312 successoris
1917 1245 2036 1311 Est
2084 1254 2301 1311 autem
2349 1267 2539 1311 causa
2584 1246 3035 1323 κακονομίας,

601 1354 773 1441 quod
821 1354 1098 1420 Romani
1143 1356 1489 1419 remittunt
1526 1353 1789 1439 quidem
1830 1356 2229 1439 procuratori
2268 1354 2752 1419 satisdationem
2793 1358 3035 1419 ratam

599 1482 742 1527 rem
805 1461 1061 1539 haberi,
1109 1460 1330 1546 'quum
1395 1466 1645 1526 certum
1708 1467 1840 1538 est,
1904 1480 2039 1525 rem
2104 1462 2171 1524 in
2218 1460 2536 1525 iudicium
2582 1460 2847 1538 deduci;
2900 1458 3033 1525 sed

599 1589 724 1634 non
788 1571 1061 1653 exigunt
1123 1566 1512 1653 generaliter
1574 1587 1610 1632 a
1674 1587 2112 1652 quocumque,
2178 1566 2253 1631 de
2318 1588 2444 1651 quo
2499 1569 2821 1633 incertum
2870 1572 3029 1643 est,

600 1682 825 1741 utrum
871 1696 1007 1741 rem
1054 1676 1120 1740 in
1166 1674 1481 1739 iudicium
1533 1673 1837 1752 deducat3
1888 1672 2097 1759 qualis
2139 1680 2237 1738 est
2277 1679 2463 1738 vetus
2503 1671 2835 1751 dominus,
2880 1676 3033 1737 nisi

600 1786 670 1847 in
709 1784 1068 1868 praesentia
1109 1784 1194 1845 sit
1231 1802 1552 1847 successor
1578 1782 1652 1861 ⁵),
1694 1781 1897 1846 n‘ovus
1940 1787 2161 1846 autem
2202 1780 2502 1846 dominus
2527 1780 2907 1846 omnimodo
2936 1779 3022 1861 ⁰).

603 1888 701 1955 Ex
765 1888 1015 1954 diverso
1081 1909 1204 1952 non
1271 1887 1491 1964 video,
1556 1886 1976 1972 quamobrem
2038 1886 2115 1952 de
2180 1892 2318 1952 rato
2367 1907 2591 1952 cavere
2637 1886 2862 1952 debeat
2914 1907 3028 1953 co-

601 1996 824 2072 lonus,
893 1996 1004 2080 qui
1065 2000 1437 2080 propterea,
1487 1994 1659 2078 quod
1709 1993 1919 2057 lobium
1964 2000 2071 2057 aut
2116 2016 2361 2057 avenam
2407 1994 2476 2057 in
2527 2000 2767 2076 ceyetem
2810 2013 3013 2058 suam

602 2102 904 2180 inieceris,
976 2101 1280 2167 adversus
1342 2107 1406 2166 te
1467 2103 1535 2164 in
1600 2100 1843 2165 factum
1906 2102 2154 2165 actione
2217 2099 2293 2165 de
2353 2121 2467 2165 suo
2531 2100 2765 2165 damno
2822 2101 3018 2185 agit,

605 2211 824 2294 itaque
883 2207 1158 2274 libenter
1217 2208 1495 2294 Ulpiano
1526 2206 1580 2283 ἵ)
1640 2206 2073 2272 abiudicarem
2136 2206 2323 2271 haec:
2388 2213 2446 2270 et
2488 2208 2545 2270 si
2592 2206 2829 2270 colonus
2876 2228 3018 2270 eam

608 2315 875 2380 exercuit
903 2314 973 2396 8),
1047 2337 1252 2378 cavere
1322 2336 1452 2377 eum
1519 2314 1727 2377 debere
1795 2314 2056 2396 amplius
2118 2336 2236 2377 non
2296 2313 2416 2394 aqi,
2477 2312 2707 2376 scilicet
2765 2336 2840 2375 ne
2902 2314 3015 2376 do-

606 2421 804 2486 minus
888 2421 1150 2503 amplius
1235 2421 1546 2506 inquietet.
1634 2419 1790 2499 Sed,
1866 2420 2035 2485 unde
2105 2419 2377 2506 digressi
2448 2440 2709 2495 sumus,
2782 2440 2855 2483 eo
2930 2424 3014 2483 ut

607 2528 978 2606 redeamus,
1032 2565 1117 2576 —
1166 2526 1555 2614 quantulum
1617 2532 1750 2605 est,
1814 2526 1985 2612 quod
2045 2531 2468 2613 peecaverunt
2512 2524 2793 2591 Romani
2834 2526 3011 2591 circa

607 2635 684 2699 de
743 2640 882 2699 rato
944 2637 1340 2712 cautionem,
1405 2637 1462 2699 si
1521 2637 1665 2720 quis
1724 2633 2103 2712 contulerit,
2156 2633 2311 2720 quid
2356 2635 2424 2697 in
2471 2635 2592 2699 hoc
2636 2636 2778 2719 ipso
2824 2634 3013 2698 satis·

606 2742 939 2820 dationum
1005 2762 1240 2828 genere
1301 2743 1708 2827 peccaverint
1754 2744 1906 2807 novi
1954 2740 2178 2827 legum
2225 2740 2494 2819 latores,
2545 2740 2698 2805 dum
2746 2740 3011 2805 confun-

605 2847 767 2914 dunt
806 2851 948 2913 iure
981 2850 1391 2934 cognitorum
1422 2848 1759 2929 (Anwc'ilte)
1786 2852 1851 2912 et
1876 2852 2361 2932 procuratorum
2388 2846 3009 2927 (Bevollmc‘ichtiyte),

602 2976 764 3040 quos
811 2955 1036 3020 iubent
1084 2954 1256 3020 idem
1305 2975 1438 3020 esse
1465 2953 1537 3035 ⁰),
1587 2974 1711 3018 nou
1758 2959 2124 3040 perspecto,
2175 2958 2489 3039 quantum
2534 2955 2788 3018 intersit
2830 2955 3010 3018 inter

669 3251 724 3314 1)
760 3249 857 3297 Pro
889 3247 1118 3311 alioquin,
1154 3249 1210 3296 ut
1243 3245 1446 3311 saepius.
1484 3245 1560 3295 cf.
1597 3246 1778 3304 Noodt,
1816 3243 2015 3295 Observ.
2051 3244 2104 3293 11
2143 3245 2221 3293 14.

669 3329 725 3392 2)
773 3329 894 3378 Liris
944 3328 1210 3377 dominium
1262 3327 1492 3391 intelligit
1540 3325 1693 3376 Faber
1736 3326 1809 3390 (iu
1850 3325 2217 3386 nationalibus),
2262 3325 2425 3391 itaque
2459 3325 2688 3376 cancellat
2710 3329 3006 3392 plerunque,

600 3426 748 3476 quum
799 3409 980 3458 scilicet
1016 3409 1118 3458 ficri
1153 3424 1248 3458 non
1283 3409 1448 3474 possit,
1483 3408 1599 3474 quin
1636 3408 1739 3458 litis
1772 3409 1995 3457 dominus
2028 3411 2315 3473 procurator
2348 3408 2540 3457 existat.
2575 3409 2701 3459 Liris
2736 3410 3003 3461 dominium

601 3492 836 3556 intelligit
881 3507 1070 3556 quoque
1105 3491 1636 3555 Bethmann-Hollweg,
1684 3491 1915 3541 Versus-he
1948 3490 2125 3555 (1827)
2158 3507 2203 3555 p.
2243 3491 2422 3550 lsssm
2468 3490 2653 3541 salvum
2688 3491 3003 3542 nihilomiuus

601 3575 680 3626 hio
725 3575 857 3640 cupit
901 3576 1186 3638 plerumque,
1236 3575 1361 3638 quod
1409 3573 1476 3622 sic
1521 3575 1898 3638 interpretatum
1951 3588 2045 3622 non
2090 3572 2193 3622 sine
2238 3573 2365 3622 iusta
2411 3588 2551 3623 cansa
2584 3573 2735 3623 solere
2770 3576 3001 3626 constitui

601 3661 938 3723 procuratores
967 3655 1018 3705 in
1048 3670 1219 3719 eosque
1250 3655 1351 3704 litis
1378 3655 1644 3704 dominium
1675 3654 1943 3704 transferri.
1980 3655 2188 3719 Reponit
2216 3655 2407 3718 quidem
2426 3671 2515 3721 pro
2544 3657 2774 3707 dominio:
2805 3658 3001 3708 iudicio.

673 3741 726 3804 3)
777 3741 848 3788 De
883 3738 1073 3805 fiducia
1117 3738 1412 3802 cogitaverat
1455 3737 1972 3800 Bethmann-Hollweg
2006 3735 2139 3800 (1.l.-)‚
2186 3737 2265 3785 sed
2295 3737 2401 3785 ideo
2438 3737 2615 3797 omisit,
2649 3739 2763 3802 quia
2798 3738 2875 3788 vix
2912 3745 3001 3800 eat,

601 3825 656 3872 ut
691 3824 972 3886 plerumque
1005 3837 1112 3870 cum
1150 3823 1460 3885 procuratore
1495 3818 1666 3868 fiducia
1704 3818 2039 3868 intercesserit.
2074 3819 2248 3867 Nonne
2276 3819 2429 3882 igitur
2450 3821 2721 3884 plerumque
2744 3821 3005 3882 significari

601 3909 758 3971 potest
809 3905 1084 3954 interdum?
1141 3903 1348 3953 Videtur
1400 3903 1595 3966 quidem
1640 3903 1919 3965 plerumque
1962 3901 2223 3951 insititium
2268 3917 2383 3961 ease,
2432 3918 2563 3952 mens
2611 3907 2768 3953 sutem
2804 3905 3003 3970 Ulpiani

603 3988 742 4036 haec:
792 3987 964 4035 efficiet
991 3985 1191 4035 dominii
1227 3985 1480 4034 translatio
1515 3985 1564 4033 in
1601 3993 1978 4049 procuratorem,
2016 3999 2074 4033 ne
2110 3985 2275 4048 possit.
2294 3999 2380 4049 per
2412 3991 2773 4049 procuratorem
2801 3987 3004 4052 litigari,

601 4069 693 4118 nisi
729 4068 999 4118 iurisdictio
1035 4068 1400 4132 temperabitur.

668 4151 727 4214 4)
763 4151 836 4198 Cf.
871 4150 1088 4215 superius
1123 4155 1266 4214 caput
1301 4149 1453 4198 LXII.
2136 4151 2189 4212 5)
2227 4150 2281 4198 1..
2318 4151 2383 4198 62
2422 4152 2480 4200 D.
2515 4151 2596 4200 42.
2617 4152 2663 4200 1.

670 4232 1258 4296 6)L9521).44.2.
2133 4231 2189 4296 ⁷)
2226 4232 2279 4280 1..
2315 4231 2523 4294 27514
2560 4235 2617 4283 D.
2656 4235 2769 4283 22.

667 4315 722 4378 8)
760 4313 942 4378 Quodsi
975 4328 1086 4362 cum
1123 4313 1332 4377 genuino
1368 4313 1578 4378 Ulpiano
1615 4329 1691 4363 res
1725 4317 1813 4373 eat,
1849 4314 2174 4379 reponendum
2204 4329 2398 4364 censeo:
2435 4316 2680 4366 exercebit.

665 4394 725 4461 9)
772 4395 966 4444 Novum
998 4409 1209 4443 errorem
1246 4394 1296 4444 in
1334 4401 1543 4445 veterem
1579 4395 1829 4445 historiam
1870 4395 2055 4445 invexit
2093 4394 2326 4455 Wlaasak,
2361 4415 2404 4448 z.
2445 4397 2607 4447 amb.
2641 4399 2728 4448 der
2764 4398 2999 4466 Coqnitur

591 4479 763 4542 (1893)
796 4495 827 4545 p
880 4477 968 4528 22:
1010 4505 1034 4527 a
1050 4475 1349 4543 qunitorem,
1387 4479 1748 4530 Procuratorem
1785 4480 1887 4529 und
1915 4479 2127 4544 ander-(e)
2166 4479 2436 4533 Auwdltd'.
