3246 5085
1321 347 1641 398 nolemus.
2588 338 2679 404 29

303 511 524 580 cicero
583 509 802 594 (Catil.
847 511 878 575 I
927 510 992 590 1)
1058 530 1295 594 „quam
1355 509 1466 574 diu
1529 512 1727 576 etiam
1784 513 1961 578 furor
2004 515 2129 578 ista
2174 521 2327 580 tuus
2372 517 2591 583 eludet
2607 516 2676 582 ?''

301 617 408 682 Sic
458 618 618 682 Don.
667 616 973 701 Sequitur
1019 614 1114 697 (3)
1165 614 1523 691 „Eludere”
1573 621 1671 681 est
1716 616 1909 682 finem
1956 617 2112 684 ludo
2157 622 2505 705 imponere.

301 721 480 788 Haec
541 721 956 808 significatio,
1021 719 1277 784 aliunde
1340 741 1468 784 non
1527 724 1821 806 cognita,
1867 723 2012 789 ficta
2057 725 2315 790 videtur
2360 728 2438 791 ab
2483 727 2682 792 Inter-

301 826 619 911 polatore,
684 825 762 890 de
822 828 1004 890 cuius
1049 824 1229 889 falsis
1274 825 1621 890 verborum
1671 826 2144 893 definitionibus
2190 829 2339 894 vide
2385 832 2680 916 exempla

301 932 382 997 ad
442 932 754 996 Andriam
816 933 883 995 in
943 930 1187 995 Mnem.
1236 929 1328 994 l.l.
1378 952 1440 1016 p.
1490 930 1621 996 219
1646 953 1780 1016 sqq.
1829 933 2055 998 Posuit
2099 936 2259 1000 hanc
2304 941 2680 1002 correctiun·

300 1035 514 1102 culam
561 1039 745 1101 iuxta
791 1034 990 1100 schol.
1043 1035 1200 1100 Don.
1249 1034 1368 1116 (2).
2417 1041 2482 1108 S.
2532 1065 2584 1108 ο.

388 1141 605 1206 Etiam
650 1142 900 1205 uncinis
947 1139 1181 1204 inclusi
1229 1140 1745 1207 additamentum
1788 1145 2085 1229 ineptum
2127 1148 2195 1210 in
2241 1145 2359 1228 (2).

387 1245 550 1313 Ibid.
600 1245 689 1311 20
734 1245 956 1332 Egone
1001 1243 1220 1322 illam,
1267 1265 1430 1330 quae
1475 1245 1704 1325 illum,
1754 1269 1917 1332 quae
1963 1271 2099 1326 me,
2149 1271 2311 1333 quae
2356 1273 2482 1316 non
2531 1301 2546 1318 .
2578 1251 2673 1319 ..1

298 1349 453 1418 Sine
503 1350 727 1417 model

386 1457 482 1537 (1)
544 1455 910 1521 Familiaris
974 1454 1253 1536 ἔλλειψις
1297 1458 1719 1522 irascentibus
1735 1479 1752 1536 ;
1806 1495 1892 1508 —
1940 1478 2090 1524 nam
2136 1460 2393 1546 singula
2438 1463 2529 1526 sic
2575 1482 2679 1526 ex-

294 1560 587 1648 plentur:
638 1581 881 1647 „egone
925 1559 1150 1625 illam’'
1192 1582 1318 1626 non
1355 1560 1644 1638 ulciscar,
1690 1583 1893 1648 „quae
1928 1563 2167 1628 illum'’
2204 1568 2475 1650 recepit,
2516 1587 2676 1651 quae

295 1687 402 1732 me
463 1665 840 1744 „exclusit'',
911 1686 1112 1751 „quae
1171 1665 1344 1732 non”
1408 1666 1671 1732 admisit
1718 1704 1801 1716 —
1850 1671 2091 1734 etenim
2155 1679 2363 1748 <nec>
2422 1691 2675 1737 necesse

297 1771 492 1836 habet
533 1792 648 1837 nec
691 1777 903 1857 potest
947 1770 1265 1856 complere
1311 1774 1662 1837 orationem
1681 1820 1697 1849 ,
1744 1775 1857 1857 qui
1902 1779 1967 1838 et
2012 1795 2229 1839 secum
2271 1773 2565 1859 loquitur
2610 1783 2674 1841 et

299 1874 514 1940 dolore
575 1883 864 1941 vexatur.
912 1912 995 1924 —
1044 1875 1140 1955 (2)
1200 1874 1367 1939 Nam
1414 1882 1590 1941 amat
1636 1879 2092 1952 ἀποσιωπήσεις
2138 1882 2338 1944 nimia
2380 1880 2675 1965 indigna-

297 1982 425 2058 tio,
476 2015 560 2028 —-
609 1985 684 2044 ut
731 1978 919 2067 Verg.
984 1978 1041 2059 (I
1091 1978 1246 2060 135)
1308 1980 1522 2059 „Quos
1583 2002 1705 2067 ego
1755 2029 1770 2046 .
1799 2030 1814 2047 .
1844 1980 1896 2047 ‚l
1960 1982 2069 2047 sed
2130 1992 2338 2049 motos
2397 1991 2676 2071 praestat

299 2105 676 2169 componere
722 2083 1020 2149 fluctus''.

387 2189 671 2256 Lineolis
729 2189 965 2255 inclusi
1025 2189 1182 2254 duas
1239 2190 1759 2275 interpolationes
1822 2189 1941 2268 IP,
2004 2193 2272 2257 insertas
2335 2214 2447 2278 per
2493 2218 2625 2258 nam
2655 2243 2671 2273 ,

298 2316 424 2380 quo
470 2297 636 2362 facto
684 2298 1050 2361 restituitur
1095 2316 1300 2360 unum
1349 2294 1584 2360 Donati
1630 2296 1945 2375 scholium
1994 2291 2390 2364 continuum.
2439 2298 2516 2365 D.
2558 2321 2673 2365 nec

297 2403 417 2467 hoc
460 2401 598 2467 loco
642 2400 926 2466 Terentii
970 2399 1267 2485 explendi
1305 2421 1610 2466 conamen
1650 2402 1837 2479 fecit,
1875 2423 2080 2487 neque
2118 2403 2313 2467 Andr.
2355 2404 2384 2468 Ι
2429 2405 2485 2469 1.
2522 2403 2668 2482 138,

297 2510 408 2593 qui
453 2507 629 2573 locus
673 2509 912 2573 citatur
957 2526 994 2571 a
1039 2505 1260 2572 Servio
1307 2508 1386 2573 ad
1434 2509 1590 2572 Aen.
1638 2506 1755 2587 1.1.,
1803 2509 1917 2573 nbi
1962 2507 2223 2574 Servius
2268 2517 2541 2596 praeter·
2564 2511 2669 2576 ad-

293 2615 689 2677 notationem
747 2634 781 2678 e
844 2610 1092 2679 Gomm.
1155 2611 1390 2677 Donati
1443 2612 1840 2698 Vergiliano,
1905 2616 2101 2678 etiam
2150 2614 2670 2700 supplementum

294 2716 550 2783 aliunde
634 2720 858 2783 citavit
940 2717 1427 2796 („subauditur:
1500 2717 1812 2783 ulciscar'’
1878 2723 2077 2797 ceth).
2171 2719 2245 2783 In
2313 2718 2667 2804 supplendo

291 2831 586 2887 nostrum
624 2821 841 2887 locum
878 2825 968 2887 sic
1004 2821 1164 2885 lusit
1200 2821 1562 2886 Priscianus
1610 2822 1718 2888 vel
1752 2825 1810 2887 is
1834 2842 2023 2908 quem
2049 2826 2358 2907 sequitur,
2382 2823 2478 2888 111
2504 2824 2664 2889 111:

296 2926 556 3013 „Egone
615 2925 844 2992 illam'’
905 2927 1134 3011 digner
1201 2926 1482 2991 adventu
1529 2947 1708 3004 mee,
1762 2948 1964 3013 „quae
2010 2926 2248 2992 illum'’
2296 2934 2667 3015 praeposuit

293 3032 486 3109 mihi,
541 3052 743 3115 „quae
790 3031 935 3095 me”
987 3052 1109 3094 non
1159 3033 1437 3115 suscepit
1481 3031 1640 3095 heri.

381 3134 610 3201 Sabb.
675 3156 1004 3221 perperam
1067 3133 1326 3199 seclusit
1385 3134 1655 3200 alteram
1717 3136 2113 3202 scholiorum.
2168 3142 2415 3223 partem
2434 3186 2451 3213 ,
2518 3138 2665 3204 inde

289 3242 369 3305 ab
416 3241 742 3318 „etenim”
791 3261 992 3325 usque
1037 3240 1117 3304 ad
1164 3238 1464 3305 fluctus''.

379 3343 658 3411 Attende
733 3346 852 3410 hoc
931 3343 1302 3430 exemplum
1371 3345 1921 3431 interpolationis,
1988 3350 2092 3411 cui
2156 3347 2365 3413 multa
2424 3347 2663 3413 similia

286 3452 468 3516 nobis
530 3457 886 3530 occurrent,
950 3471 1098 3515 cum
1154 3450 1598 3535 supplemento
1650 3454 1855 3515 textui
1902 3437 2273 3517 inseruntur
2317 3474 2431 3538 per
2476 3455 2669 3537 parti-

287 3554 466 3621 culas
504 3579 672 3630 nam,
720 3557 856 3634 sed,
905 3561 1023 3621 etc.
1646 3610 1649 3614 .

370 3661 514 3727 Ibid
563 3661 649 3725 28
695 3661 780 3725 Et
825 3660 1103 3746 prudens
1147 3662 1348 3724 sciens
1370 3706 1386 3737 ,
1431 3662 1625 3725 vivus
1674 3660 2023 3747 vidensque
2069 3682 2258 3746 pereo

373 3767 468 3847 (1)
531 3766 700 3831 Mire
745 3771 810 3831 et
852 3786 1018 3831 nove
1067 3767 1302 3843 „vivus
1348 3766 1577 3849 pereo”
1631 3802 1715 3813 --
1766 3771 1832 3831 et
1884 3767 2153 3852 „pereo”
2202 3768 2294 3831 sic
2341 3766 2539 3844 dixit,
2588 3771 2664 3831 ut

282 3871 728 3956 intelligamus
774 3870 1131 3945 occidor,
1180 3875 1245 3934 et
1293 3869 1571 3946 „vivus”
1625 3872 1807 3953 quasi
1853 3874 2102 3956 sapiens
2142 3876 2207 3935 et
2247 3872 2546 3935 sentiens.
2576 3907 2661 3920 -

282 3975 380 4055 (2)
423 3976 588 4043 Bene
625 3975 868 4041 addidit
911 3973 1240 4053 „videns’'‚
1284 4009 1367 4021 —
1407 3994 1557 4037 nam
1603 3976 1881 4050 „vivus”
1923 3978 2091 4060 perit
2128 3976 2325 4039 etiam
2372 3978 2483 4059 qui
2529 3974 2667 4040 dor-

282 4084 488 4145 miens
533 4084 940 4167 opprimitur,
1002 4078 1310 4157 „videns”
1360 4085 1577 4143 autem
1627 4082 1739 4162 qui
1788 4080 2069 4166 vigilans
2114 4082 2249 4144 vim
2296 4083 2544 4164 patitur
2589 4085 2665 4145 ut

281 4191 514 4270 pereat.
567 4222 654 4234 —
699 4186 797 4265 (3)
836 4206 988 4249 nam
1027 4182 1326 4260 „videre”
1368 4202 1484 4268 pro
1526 4182 1800 4268 vigilare
1838 4187 2085 4269 posuit,
2126 4189 2201 4248 ut
2224 4186 2423 4249 etiam
2447 4184 2662 4271 Verg„

281 4311 429 4355 cum
497 4290 574 4355 de
642 4289 856 4356 Sileno
921 4289 1077 4353 dicit
1145 4287 1246 4367 (Ε.
1295 4284 1381 4350 VI
1427 4285 1541 4364 21)
1622 4290 1920 4373 „iamque
1981 4288 2229 4355 videnti
2290 4290 2663 4375 sanguineis

281 4394 554 4459 frontem
601 4396 802 4459 moris
847 4400 910 4458 et
959 4400 1247 4477 tempora
1294 4389 1573 4476 pingit''.
