3246 5085
579 939 721 1032 DE
793 943 1177 1048 TITULO
1262 947 1713 1049 QUODAM
1791 951 2165 1044 ATTICO
2255 953 2947 1070 sEpULcRALt.

667 1127 908 1203 (o.1.A.
957 1141 1028 1203 11,
1071 1122 1270 1205 3961,
1319 1145 1562 1193 Ruunt.
1606 1126 1717 1208 87,
1766 1146 1963 1195 cosan
2008 1147 2153 1196 ΑΜ.
2201 1147 2636 1197 amnunmrs
2678 1128 2860 1212 887).

1638 1356 1887 1399 salumn·

1327 1538 1404 1603 A.
1453 1539 1528 1605 E.
1575 1539 1636 1606 J.
1686 1539 2204 1606 HOLWERDA.

1565 1845 1958 1884 -οοοψοοψ-
2032 1831 2045 1840 ’

834 2107 1082 2177 Μνῆμοι
1131 2098 1554 2178 Μνησαγόραο
1602 2099 1707 2162 καὶ
1758 2096 2148 2179 Νικοχάρους
2194 2098 2337 2166 τάδε
2387 2108 2611 2166 κεῖται.

836 2205 1001 2269 αὐτὼ
1049 2203 1112 2268 δὲ
1159 2204 1226 2288 οὐ
1275 2209 1348 2286 (·)
1397 2202 1767 2282 παραδεῖξαι
1814 2204 2117 2282 ἀφείλετο
2166 2203 2452 2282 δαίμονος
2498 2203 2651 2271 αἶα-οι

836 2309 1025 2388 πατρὶ
1075 2311 1246 2388 ΦΙλῳ
1294 2309 1398 2373 καὶ
1448 2309 1637 2388 μητρί
1673 2315 1747 2390 (·)
1786 2308 2039 2373 λιπόντε
2086 2310 2346 2388 ὦμΦοῖμ.
2396 2311 2572 2389 μέγα
2610 2310 2853 2391 πένθος,

837 2411 1052 2480 οὕνεκα
1098 2415 1497 2494 ἀποφθιμένου
1545 2414 1747 2492 βήτην
1795 2413 1972 2490 δόμον
2011 2414 2223 2488 Ἄϊδος
2274 2414 2436 2483 εἷο-ω.

655 2519 1013 2607 Superveni
1050 2519 1392 2608 aliquando
1435 2519 1767 2608 discipulis
1807 2521 1883 2586 A.
1902 2519 2004 2587 W.
2031 2520 2379 2609 Byvanck,
2420 2523 2515 2589 M.
2542 2524 2619 2590 A.
2645 2521 2942 2603 Evelein‚

561 2628 643 2694 N.
693 2628 752 2695 J.
801 2626 1005 2694 Krom
1067 2628 1145 2693 de
1205 2631 1676 2715 epigrammate
1734 2622 1853 2693 hoc
1916 2627 2113 2712 (quod
2174 2649 2341 2693 unus
2400 2650 2481 2695 ex
2542 2632 2625 2695 iis
2687 2636 2945 2716 propter

562 2735 1001 2819 quaestionem
1047 2732 1368 2819 quandam
1407 2731 1953 2819 archaeologicam
1992 2732 2356 2820 intelligere
2397 2733 2585 2800 valde
2624 2737 2948 2822 cupiebat)

558 2839 842 2906 studiose
880 2838 1375 2925 disputantibus.
1418 2838 1683 2904 Frustra
1716 2859 1966 2924 quoque
2004 2841 2139 2924 ipse
2173 2839 2242 2904 id
2266 2842 2529 2906 tentavi.
2574 2840 2717 2906 Hoc
2740 2862 2945 2906 unum

559 2950 815 3011 tantum
877 2943 1045 3011 clare
1090 2944 1633 3031 perspiciebamus
1676 2965 1715 3010 a
1759 2942 2040 3009 Kohlero
2088 2964 2340 3031 quoque
2385 2947 2479 3024 (in
2528 2943 2718 3031 Gorp.
2764 2944 2945 3025 Ins.),

558 3050 858 3117 Kaibelio
877 3099 895 3129 ‚
937 3048 1172 3118 Conzio
1216 3071 1442 3116 versus
1488 3051 1604 3116 hos
1651 3070 1910 3135 prorsus
1955 3071 2081 3115 non
2128 3070 2263 3115 esse
2308 3049 2686 3116 intellectos.

649 3154 746 3220 De
782 3175 851 3221 re
889 3157 1022 3220 iam
1061 3156 1575 3243 desperabamus.
1618 3154 1901 3221 Tandem
1944 3161 2159 3221 tamen
2182 3176 2261 3221 ex
2286 3156 2687 3222 sermonibus
2708 3159 2945 3222 nostris

559 3265 785 3346 sponte
809 3260 1121 3346 quaedam
1145 3263 1590 3347 interpretatio
1614 3260 2034 3347 exsurgebat,
2059 3263 2245 3326 cuius
2267 3267 2382 3326 aut
2404 3283 2593 3328 nemo
2619 3268 2945 3343 nostrum,

558 3370 672 3432 aut
715 3386 936 3432 omnes
981 3365 1180 3432 simul
1229 3373 1518 3434 auctores
1563 3387 1868 3434 essemus.
1924 3365 2099 3433 Haec
2146 3366 2353 3453 qualis
2391 3370 2505 3445 sit,
2552 3370 2684 3434 iam
2724 3371 2945 3455 paucis

557 3492 893 3558 exponam.

646 3578 1068 3665 Epigramma
1104 3579 1340 3646 idcirco
1381 3600 1419 3645 a
1457 3581 1620 3646 viris
1658 3578 1791 3645 illis
1829 3579 2032 3646 doctis
2068 3578 2474 3646 intellectum
2510 3601 2636 3646 non
2660 3580 2939 3660 videtur,

553 3686 706 3770 quia
741 3686 811 3750 in
850 3706 1039 3751 versu
1077 3685 1352 3752 secundo
1392 3683 1692 3752 voculam
1734 3688 1799 3750 οὐ
1838 3688 2299 3772 coniungerent
2330 3706 2481 3750 cum
2504 3687 2941 3772 sequentibus.

554 3789 823 3856 Videtur
861 3798 1080 3858 contra
1118 3794 1187 3857 in
1225 3792 1347 3858 hoc
1387 3790 1704 3857 versiculo
1745 3796 1889 3878 post
1926 3812 2153 3857 vocem
2191 3793 2256 3856 οὗ
2297 3791 2775 3857 subsistendum
2807 3812 2946 3859 esse

551 3894 760 3976 (colon
826 3896 1221 3983 ponendum)
1291 3902 1482 3983 atque
1552 3901 1769 3962 mente
1838 3895 2271 3983 supplendum
2342 3897 2593 3963 κεῖσθον.
2664 3897 2947 3964 Nomina

551 4023 768 4068 eorum
810 4006 924 4088 qui
954 4006 1023 4068 in
1061 4002 1370 4090 sepulcris
1411 4002 1650 4069 conditi
1687 4007 1898 4082 erant,
1932 4004 2299 4089 saepissime
2323 4003 2609 4079 μνήμασι
2634 4001 2947 4088 sepulcris

547 4109 872 4193 impositis
914 4108 1237 4195 insculpta
1285 4112 1464 4175 erant
1481 4130 1498 4189 ;
1562 4107 1735 4174 haud
1784 4128 1925 4173 raro
1972 4128 2204 4174 nomen
2252 4106 2513 4193 aliquod
2558 4108 2946 4192 sequebatur

548 4213 832 4280 formula
871 4213 1078 4279 ἐνθάδε
1119 4222 1344 4280 κεῖται.
1388 4215 1790 4299 Quicumque
1829 4212 2059 4279 stelam
2094 4216 2201 4278 cui
2222 4214 2625 4300 epigramma
2647 4220 2942 4278 nostrum

545 4318 945 4406 insculptum
983 4326 1148 4399 erat,
1191 4327 1261 4386 ut
1294 4321 1412 4386 hoc
1443 4320 1723 4407 legeret,
1760 4318 2003 4397 adibat,
2044 4319 2452 4405 exspectabat
2476 4340 2545 4383 se
2582 4326 2943 4404 compertu-

547 4446 695 4491 rum
733 4428 1030 4512 quisnam
1066 4427 1158 4493 ibi
1191 4428 1425 4492 iaceret
1454 4424 1689 4505 (ἐνθάδε
1722 4424 1964 4504 ἔκειτο).
1996 4423 2281 4490 Frustra.
2316 4423 2737 4511 Epigramma
2758 4426 2938 4489 enim
