3246 5085
423 1125 565 1215 DE
618 1125 1175 1217 COMMENTI
1214 1126 1839 1356 ἕξῗιὲῖἑιῗξὲ
1888 1127 2663 1220 COMPOSITIONE

1424 1500 1674 1543 sompsrr

1149 1683 1234 1748 H.
1299 1682 1374 1750 T.
1436 1683 1946 1751 KARS'I'EN.

1019 1851 1493 1931 (Continuantur
1554 1878 1628 1919 ea·
1679 1878 1824 1938 paq.
1887 1854 2065 1937 324).

1378 2152 1699 2196 —⁴-O-0—

439 2415 772 2480 Postremo
838 2411 981 2479 loco
1050 2412 1393 2478 dicendum
1463 2420 1562 2479 est
1634 2412 1711 2478 de
1781 2412 2168 2479 scholiorum
2227 2434 2494 2501 genere,
2567 2415 2734 2501 quod

342 2522 847 2588 Wessnerus
922 2540 1164 2606 „parva
1226 2519 1709 2586 additamenta’'
1776 2522 2063 2599 vocavit,
2126 2542 2286 2608 quae
2348 2544 2462 2608 per
2522 2528 2736 2590 totum

346 2635 791 2695 commentum
827 2629 1144 2712 scriptura
1179 2626 1485 2692 inclinata
1522 2631 1774 2693 notavit
1809 2649 2078 2694 numero
2118 2647 2289 2694 onxx
2328 2630 2504 2711 (vide
2543 2653 2736 2717 supra

341 2759 407 2823 p.
455 2736 497 2800 2
522 2742 665 2821 sq.),
712 2735 815 2800 his
862 2741 1081 2799 autem
1123 2733 1333 2800 multo
1373 2732 1561 2819 plura
1599 2735 1941 2814 accedunt,
1983 2757 2144 2822 quae
2183 2757 2335 2801 mox
2373 2757 2732 2824 persequar.

342 2841 639 2908 Produnt
707 2841 859 2906 haec
930 2839 1160 2906 falsam
1223 2843 1543 2925 originem
1604 2862 1730 2906 non
1795 2844 2074 2906 externis
2135 2842 2428 2921 indiciis,
2491 2843 2601 2909 sed
2659 2865 2734 2908 eo

348 2946 521 3034 quod
580 2945 740 3012 falsa
793 2951 907 3011 aut
951 2949 1167 3012 inania
1214 2947 1657 3032 tironibusque
1701 2948 1813 3011 vix
1861 2946 2058 3032 digna
2103 2946 2542 3014 scholiuncula
2597 2969 2738 3014 con-

344 3057 589 3132 tinent,
637 3051 743 3119 vel
789 3054 986 3117 etiam
1034 3052 1469 3138 superioribus
1508 3050 1766 3118 scholiis
1805 3050 2194 3138 tautologice
2233 3053 2734 3140 subiunguntur.

349 3159 518 3226 Sunt
554 3180 804 3246 semper
842 3160 1221 3225 brevissima
1258 3165 1321 3224 et
1359 3161 1547 3224 certis
1584 3159 1714 3224 fere
1740 3158 2070 3244 particulis
2095 3165 2273 3241 (erqo,
2301 3181 2457 3238 nam,
2483 3167 2540 3224 et
2564 3166 2734 3241 etc.),

346 3266 608 3346 adnexa,
657 3287 728 3332 ac
766 3265 1084 3351 peculiare
1120 3286 1329 3353 genus
1368 3270 1467 3331 est
1503 3287 1730 3332 eorum
1769 3286 1930 3351 quae
1978 3264 2220 3351 aliquid
2269 3264 2485 3332 deesse
2533 3268 2740 3332 obser-

346 3379 537 3452 vent,
593 3373 795 3459 quod,
844 3375 969 3438 nisi
1017 3374 1130 3437 ubi
1176 3393 1512 3458 perperam
1561 3371 1986 3449 contenditur,
2039 3372 2141 3438 vel
2189 3393 2412 3438 caecus
2458 3377 2594 3459 ipse
2640 3378 2737 3441 vi-

348 3480 535 3546 derit.
584 3477 979 3565 Compilator
1026 3485 1157 3558 est,
1208 3481 1321 3565 qui
1369 3479 1525 3544 haec
1569 3478 2014 3545 scholiuncula
2058 3499 2092 3544 e
2138 3482 2465 3545 variarum
2513 3481 2736 3546 editio-

348 3608 511 3652 num
571 3586 973 3673 marginibus
1042 3588 1112 3650 in
1180 3591 1559 3652 contextum
1633 3583 1962 3650 transtulit
2029 3606 2380 3671 eorumque
2448 3592 2736 3653 auctores

348 3694 611 3759 fuerunt
657 3695 956 3778 magistri
1003 3695 1267 3758 minoris
1314 3705 1536 3771 notae,
1582 3695 1648 3757 in
1699 3691 1933 3776 quibus
1979 3690 2126 3769 ille,
2175 3713 2368 3777 quem
2415 3695 2472 3757 A
2518 3693 2735 3760 littera

348 3803 600 3886 saepius
646 3800 990 3885 insignivi,
1039 3819 1231 3863 suum
1271 3797 1488 3864 locum
1528 3799 1794 3863 obtinet.
1843 3797 2010 3863 Sunt
2050 3801 2240 3864 etiam
2284 3819 2448 3883 quae
2485 3799 2736 3865 Editori

350 3905 746 3993 adsignanda
809 3905 1166 3983 videantur,
1232 3911 1385 3969 sunt
1448 3905 1525 3970 de
1586 3905 1821 3990 quibus
1879 3904 2131 3969 dubites
2194 3907 2404 3969 sintne
2467 3906 2734 3972 fortasse

346 4014 555 4099 ipsius
601 4009 871 4090 Donati,
921 4011 1090 4096 quod
1135 4011 1573 4098 interrogandi
1621 4013 1806 4096 signo
1852 4010 2143 4075 indicabo
2175 4011 2242 4088 ¹).

443 4117 621 4183 Haec
681 4120 896 4183 omnia
957 4138 1148 4202 quam
1211 4118 1589 4184 brevissime
1634 4117 1906 4182 referam
1951 4116 2302 4182 secundum
2351 4118 2732 4203 particulaS,

353 4226 585 4310 quibus
646 4223 953 4290 Donateis
999 4227 1335 4290 coniuncta
1380 4230 1563 4302 sunt,
1612 4223 1859 4288 diutius
1905 4229 2273 4288 moraturus
2318 4224 2386 4288 in
2433 4226 2514 4289 iis
2561 4226 2737 4291 scho-

420 4486 475 4550 1)
508 4485 719 4535 Litterae
760 4484 864 4534 ΛΝ.
901 4481 974 4533 c.”
1010 4483 1333 4534 additamenta
1366 4483 1642 4535 indicabunt
1683 4485 1777 4533 iam
1813 4499 1842 4532 a
1883 4483 1942 4532 W
1959 4497 2218 4533 euenere
2251 4485 2434 4534 notata.
