<?xml version="1.0" encoding="UTF-8"?>
<!DOCTYPE html PUBLIC "-//W3C//DTD XHTML 1.0 Transitional//EN"
    "http://www.w3.org/TR/xhtml1/DTD/xhtml1-transitional.dtd">
<html xmlns="http://www.w3.org/1999/xhtml" xml:lang="en" lang="en">
 <head>
  <title>
</title>
<meta http-equiv="Content-Type" content="text/html;charset=utf-8" />
  <meta name='ocr-system' content='tesseract 3.04.00' />
  <meta name='ocr-capabilities' content='ocr_page ocr_carea ocr_par ocr_line ocrx_word'/>
</head>
<body>
  <div class='ocr_page' id='page_1' title='image "./mnemosynevolume03verdgoog_0296.png"; bbox 0 0 3246 5085; ppageno 0'>
   <div class='ocr_carea' id='block_1_1' title="bbox 618 326 1973 394">
    <p class='ocr_par' dir='ltr' id='par_1_1' title="bbox 618 326 1973 394">
     <span class='ocr_line' id='line_1_1' title="bbox 618 326 1973 394; baseline -0.003 -1"><span class='ocrx_word' id='word_1_1' title='bbox 618 326 754 394; x_wconf 84' lang='grc'><strong>288</strong></span> <span class='ocrx_word' id='word_1_2' title='bbox 1655 340 1973 392; x_wconf 67' lang='lat' dir='ltr'><strong>nona-rus.</strong></span> 
     </span>
    </p>
   </div>
   <div class='ocr_carea' id='block_1_2' title="bbox 613 505 3028 1020">
    <p class='ocr_par' dir='ltr' id='par_1_2' title="bbox 615 505 3025 706">
     <span class='ocr_line' id='line_1_2' title="bbox 615 505 3025 595; baseline -0.001 -19"><span class='ocrx_word' id='word_1_3' title='bbox 615 512 709 593; x_wconf 84' lang='lat' dir='ltr'><strong>(X</strong></span> <span class='ocrx_word' id='word_1_4' title='bbox 757 509 918 592; x_wconf 84' lang='grc' dir='ltr'><strong>Ι720)</strong></span> <span class='ocrx_word' id='word_1_5' title='bbox 967 557 1029 588; x_wconf 80' lang='grc'><strong>,,.</strong></span> <span class='ocrx_word' id='word_1_6' title='bbox 1058 556 1074 575; x_wconf 96' lang='grc'><strong>.</strong></span> <span class='ocrx_word' id='word_1_7' title='bbox 1104 556 1118 575; x_wconf 93' lang='grc'><strong>.</strong></span> <span class='ocrx_word' id='word_1_8' title='bbox 1168 505 1407 574; x_wconf 81' lang='lat' dir='ltr'><strong>Graius</strong></span> <span class='ocrx_word' id='word_1_9' title='bbox 1448 506 1714 574; x_wconf 87' lang='lat' dir='ltr'><strong>homo”.</strong></span> <span class='ocrx_word' id='word_1_10' title='bbox 1767 543 1850 557; x_wconf 91' lang='lat'>-</span> <span class='ocrx_word' id='word_1_11' title='bbox 1901 506 1998 590; x_wconf 89' lang='lat'><strong>(4)</strong></span> <span class='ocrx_word' id='word_1_12' title='bbox 2051 507 2329 586; x_wconf 82' lang='lat' dir='ltr'><strong>„Orare”</strong></span> <span class='ocrx_word' id='word_1_13' title='bbox 2377 509 2667 595; x_wconf 80' lang='lat' dir='ltr'><strong>proprie3</strong></span> <span class='ocrx_word' id='word_1_14' title='bbox 2723 509 2816 575; x_wconf 88' lang='lat' dir='ltr'><strong>sic</strong></span> <span class='ocrx_word' id='word_1_15' title='bbox 2859 506 3025 574; x_wconf 85' lang='lat' dir='ltr'><strong>Ver-</strong></span> 
     </span>
     <span class='ocr_line' id='line_1_3' title="bbox 616 612 2166 706; baseline -0.003 -22"><span class='ocrx_word' id='word_1_16' title='bbox 616 617 818 706; x_wconf 80' lang='lat' dir='ltr'><strong>gilius</strong></span> <span class='ocrx_word' id='word_1_17' title='bbox 870 615 1184 696; x_wconf 85' lang='lat' dir='ltr'><strong>„orabunt</strong></span> <span class='ocrx_word' id='word_1_18' title='bbox 1227 635 1450 681; x_wconf 87' lang='lat' dir='ltr'><strong>causas</strong></span> <span class='ocrx_word' id='word_1_19' title='bbox 1488 612 1773 680; x_wconf 90' lang='lat' dir='ltr'><strong>melius&#39;&#39;</strong></span> <span class='ocrx_word' id='word_1_20' title='bbox 1821 613 1936 694; x_wconf 92' lang='lat' dir='ltr'><strong>(VI</strong></span> <span class='ocrx_word' id='word_1_21' title='bbox 1983 613 2166 698; x_wconf 87' lang='lat'>849).</span> 
     </span>
    </p>

    <p class='ocr_par' dir='ltr' id='par_1_3' title="bbox 613 719 3028 1020">
     <span class='ocr_line' id='line_1_4' title="bbox 706 719 3025 806; baseline -0.002 -16"><span class='ocrx_word' id='word_1_22' title='bbox 706 724 993 790; x_wconf 81' lang='lat' dir='ltr'><strong>Iudicavi</strong></span> <span class='ocrx_word' id='word_1_23' title='bbox 1054 720 1658 806; x_wconf 80' lang='lat' dir='ltr'><strong>interpolationem:</strong></span> <span class='ocrx_word' id='word_1_24' title='bbox 1725 719 1917 800; x_wconf 83' lang='lat' dir='ltr'><strong>„me”</strong></span> <span class='ocrx_word' id='word_1_25' title='bbox 1967 721 2228 786; x_wconf 90' lang='lat' dir='ltr'><strong>omnino</strong></span> <span class='ocrx_word' id='word_1_26' title='bbox 2275 741 2402 786; x_wconf 90' lang='lat' dir='ltr'><strong>non</strong></span> <span class='ocrx_word' id='word_1_27' title='bbox 2447 721 2746 806; x_wconf 84' lang='lat' dir='ltr'><strong>usurpari</strong></span> <span class='ocrx_word' id='word_1_28' title='bbox 2791 721 3025 806; x_wconf 80' lang='lat' dir='ltr'><strong>potuit</strong></span> 
     </span>
     <span class='ocr_line' id='line_1_5' title="bbox 616 824 3028 914; baseline -0.002 -18"><span class='ocrx_word' id='word_1_29' title='bbox 616 829 737 896; x_wconf 89' lang='lat' dir='ltr'><strong>hoc</strong></span> <span class='ocrx_word' id='word_1_30' title='bbox 780 827 918 895; x_wconf 89' lang='lat' dir='ltr'><strong>loco</strong></span> <span class='ocrx_word' id='word_1_31' title='bbox 964 833 1029 893; x_wconf 88' lang='lat' dir='ltr'><strong>et</strong></span> <span class='ocrx_word' id='word_1_32' title='bbox 1074 825 1449 913; x_wconf 86' lang='lat' dir='ltr'><strong>exemplum</strong></span> <span class='ocrx_word' id='word_1_33' title='bbox 1497 824 1772 914; x_wconf 79' lang='lat' dir='ltr'>Vergilii</span> <span class='ocrx_word' id='word_1_34' title='bbox 1818 829 2036 891; x_wconf 87' lang='lat' dir='ltr'><strong>minus</strong></span> <span class='ocrx_word' id='word_1_35' title='bbox 2079 825 2299 892; x_wconf 84' lang='lat' dir='ltr'><strong>efficax</strong></span> <span class='ocrx_word' id='word_1_36' title='bbox 2345 831 2443 891; x_wconf 87' lang='lat' dir='ltr'><strong>est</strong></span> <span class='ocrx_word' id='word_1_37' title='bbox 2481 846 2676 912; x_wconf 86' lang='lat' dir='ltr'><strong>quam</strong></span> <span class='ocrx_word' id='word_1_38' title='bbox 2717 824 3028 894; x_wconf 76' lang='lat' dir='ltr'><strong>Sallustii</strong></span> 
     </span>
     <span class='ocr_line' id='line_1_6' title="bbox 613 925 2731 1020; baseline -0.001 -18"><span class='ocrx_word' id='word_1_39' title='bbox 613 937 682 1002; x_wconf 91' lang='lat' dir='ltr'><strong>in</strong></span> <span class='ocrx_word' id='word_1_40' title='bbox 726 936 856 1018; x_wconf 88' lang='lat'>(1);</span> <span class='ocrx_word' id='word_1_41' title='bbox 911 931 1264 1015; x_wconf 82' lang='lat' dir='ltr'><strong>„dicendo”</strong></span> <span class='ocrx_word' id='word_1_42' title='bbox 1314 939 1380 1000; x_wconf 86' lang='lat' dir='ltr'><strong>et</strong></span> <span class='ocrx_word' id='word_1_43' title='bbox 1427 925 1776 1012; x_wconf 67' lang='lat' dir='ltr'><strong>„non-&#39;sed’&#39;</strong></span> <span class='ocrx_word' id='word_1_44' title='bbox 1826 933 2104 1020; x_wconf 83' lang='lat' dir='ltr'><strong>produnt</strong></span> <span class='ocrx_word' id='word_1_45' title='bbox 2150 932 2380 999; x_wconf 89' lang='lat' dir='ltr'><strong>stilum</strong></span> <span class='ocrx_word' id='word_1_46' title='bbox 2427 932 2731 1000; x_wconf 85' lang='lat' dir='ltr'><strong>Editoris.</strong></span> 
     </span>
    </p>
   </div>
   <div class='ocr_carea' id='block_1_3' title="bbox 547 1133 3025 3683">
    <p class='ocr_par' dir='ltr' id='par_1_4' title="bbox 612 1133 3020 1342">
     <span class='ocr_line' id='line_1_7' title="bbox 704 1133 3020 1235; baseline -0 -19"><span class='ocrx_word' id='word_1_47' title='bbox 704 1150 768 1216; x_wconf 91' lang='lat' dir='ltr'><strong>H</strong></span> <span class='ocrx_word' id='word_1_48' title='bbox 815 1149 878 1217; x_wconf 97' lang='grc'><strong>2.</strong></span> <span class='ocrx_word' id='word_1_49' title='bbox 906 1149 949 1215; x_wconf 88' lang='lat'>8</span> <span class='ocrx_word' id='word_1_50' title='bbox 1018 1147 1187 1230; x_wconf 78' lang='lat' dir='ltr'><strong>Quid</strong></span> <span class='ocrx_word' id='word_1_51' title='bbox 1251 1150 1353 1214; x_wconf 84' lang='lat' dir='ltr'><strong>vis</strong></span> <span class='ocrx_word' id='word_1_52' title='bbox 1399 1150 1529 1214; x_wconf 89' lang='lat' dir='ltr'><strong>nisi</strong></span> <span class='ocrx_word' id='word_1_53' title='bbox 1573 1133 1652 1214; x_wconf 86' lang='lat' dir='ltr'><strong>ut</strong></span> <span class='ocrx_word' id='word_1_54' title='bbox 1697 1153 1953 1216; x_wconf 84' lang='lat' dir='ltr'><strong>maneat</strong></span> <span class='ocrx_word' id='word_1_55' title='bbox 1999 1148 2326 1214; x_wconf 87' lang='lat' dir='ltr'><strong>Phanium</strong></span> <span class='ocrx_word' id='word_1_56' title='bbox 2375 1154 2568 1235; x_wconf 90' lang='lat' dir='ltr'><strong>atque</strong></span> <span class='ocrx_word' id='word_1_57' title='bbox 2615 1169 2693 1214; x_wconf 87' lang='lat' dir='ltr'><strong>ex</strong></span> <span class='ocrx_word' id='word_1_58' title='bbox 2739 1149 3020 1215; x_wconf 87' lang='lat' dir='ltr'><strong>crimine</strong></span> 
     </span>
     <span class='ocr_line' id='line_1_8' title="bbox 612 1255 2966 1342; baseline -0.002 -18"><span class='ocrx_word' id='word_1_59' title='bbox 612 1259 735 1324; x_wconf 87' lang='lat' dir='ltr'><strong>hoc</strong></span> <span class='ocrx_word' id='word_1_60' title='bbox 783 1256 1220 1342; x_wconf 77' lang='lat' dir='ltr'><strong>Antiphonem</strong></span> <span class='ocrx_word' id='word_1_61' title='bbox 1266 1257 1539 1342; x_wconf 78' lang='lat' dir='ltr'><strong>eripiam</strong></span> <span class='ocrx_word' id='word_1_62' title='bbox 1585 1261 1653 1322; x_wconf 90' lang='lat' dir='ltr'><strong>et</strong></span> <span class='ocrx_word' id='word_1_63' title='bbox 1697 1257 1765 1320; x_wconf 92' lang='lat' dir='ltr'><strong>in</strong></span> <span class='ocrx_word' id='word_1_64' title='bbox 1811 1276 2218 1321; x_wconf 89' lang='lat' dir='ltr'><strong>me·omnem</strong></span> <span class='ocrx_word' id='word_1_65' title='bbox 2255 1258 2423 1322; x_wconf 89' lang='lat' dir='ltr'><strong>iram</strong></span> <span class='ocrx_word' id='word_1_66' title='bbox 2462 1255 2752 1322; x_wconf 84' lang='lat' dir='ltr'><strong>derivem</strong></span> <span class='ocrx_word' id='word_1_67' title='bbox 2789 1257 2966 1321; x_wconf 87' lang='lat' dir='ltr'><strong>senis</strong></span> 
     </span>
    </p>

    <p class='ocr_par' dir='ltr' id='par_1_5' title="bbox 610 1361 3025 1644">
     <span class='ocr_line' id='line_1_9' title="bbox 703 1361 3025 1449; baseline -0 -20"><span class='ocrx_word' id='word_1_68' title='bbox 703 1363 803 1445; x_wconf 86' lang='lat'><strong>(2)</strong></span> <span class='ocrx_word' id='word_1_69' title='bbox 850 1361 1003 1429; x_wconf 81' lang='lat' dir='ltr'><strong>&#39;Pria</strong></span> <span class='ocrx_word' id='word_1_70' title='bbox 1047 1364 1373 1449; x_wconf 86' lang='lat' dir='ltr'><strong>promittit</strong></span> <span class='ocrx_word' id='word_1_71' title='bbox 1419 1364 1487 1428; x_wconf 90' lang='lat' dir='ltr'><strong>in</strong></span> <span class='ocrx_word' id='word_1_72' title='bbox 1534 1362 1771 1449; x_wconf 89' lang='lat' dir='ltr'><strong>quibus</strong></span> <span class='ocrx_word' id='word_1_73' title='bbox 1819 1365 2029 1428; x_wconf 85' lang='lat' dir='ltr'><strong>omnis</strong></span> <span class='ocrx_word' id='word_1_74' title='bbox 2076 1362 2466 1448; x_wconf 85' lang='lat' dir='ltr'><strong>Antiphonis</strong></span> <span class='ocrx_word' id='word_1_75' title='bbox 2502 1383 2694 1429; x_wconf 83' lang='lat' dir='ltr'><strong>causa</strong></span> <span class='ocrx_word' id='word_1_76' title='bbox 2734 1368 2831 1427; x_wconf 88' lang='lat' dir='ltr'><strong>est</strong></span> <span class='ocrx_word' id='word_1_77' title='bbox 2868 1381 3025 1428; x_wconf 88' lang='lat' dir='ltr'><strong>con-</strong></span> 
     </span>
     <span class='ocr_line' id='line_1_10' title="bbox 610 1466 3017 1556; baseline -0.001 -19"><span class='ocrx_word' id='word_1_78' title='bbox 610 1473 860 1537; x_wconf 85' lang='lat' dir='ltr'><strong>stituta.</strong></span> <span class='ocrx_word' id='word_1_79' title='bbox 1000 1468 1096 1550; x_wconf 85' lang='lat'><strong>(4)</strong></span> <span class='ocrx_word' id='word_1_80' title='bbox 1144 1466 1489 1536; x_wconf 84' lang='lat' dir='ltr'><strong>Considera</strong></span> <span class='ocrx_word' id='word_1_81' title='bbox 1535 1471 1740 1534; x_wconf 84' lang='lat' dir='ltr'><strong>trium</strong></span> <span class='ocrx_word' id='word_1_82' title='bbox 1790 1489 2005 1535; x_wconf 85' lang='lat' dir='ltr'><strong>rerum</strong></span> <span class='ocrx_word' id='word_1_83' title='bbox 2055 1489 2212 1555; x_wconf 89' lang='lat' dir='ltr'><strong>quas</strong></span> <span class='ocrx_word' id='word_1_84' title='bbox 2249 1470 2577 1555; x_wconf 86' lang='lat' dir='ltr'><strong>promittit</strong></span> <span class='ocrx_word' id='word_1_85' title='bbox 2612 1468 2851 1556; x_wconf 83' lang='lat' dir='ltr'><strong>gradus</strong></span> <span class='ocrx_word' id='word_1_86' title='bbox 2889 1488 3017 1554; x_wconf 88' lang='lat' dir='ltr'><strong>per</strong></span> 
     </span>
     <span class='ocr_line' id='line_1_11' title="bbox 610 1578 1439 1644; baseline -0.001 -1"><span class='ocrx_word' id='word_1_87' title='bbox 610 1578 903 1644; x_wconf 84' lang='lat' dir='ltr'><strong>auxesim</strong></span> <span class='ocrx_word' id='word_1_88' title='bbox 947 1596 1085 1642; x_wconf 86' lang='lat' dir='ltr'><strong>esse</strong></span> <span class='ocrx_word' id='word_1_89' title='bbox 1132 1583 1439 1642; x_wconf 83' lang='lat' dir='ltr'><strong>servatos.</strong></span> 
     </span>
    </p>

    <p class='ocr_par' dir='ltr' id='par_1_6' title="bbox 547 1681 2160 1875">
     <span class='ocr_line' id='line_1_12' title="bbox 699 1681 1988 1749; baseline 0 -1"><span class='ocrx_word' id='word_1_90' title='bbox 699 1681 874 1749; x_wconf 90' lang='lat' dir='ltr'><strong>Illud</strong></span> <span class='ocrx_word' id='word_1_91' title='bbox 919 1681 1171 1748; x_wconf 85' lang='lat' dir='ltr'><strong>Editori</strong></span> <span class='ocrx_word' id='word_1_92' title='bbox 1215 1681 1339 1748; x_wconf 87' lang='lat' dir='ltr'><strong>hoc</strong></span> <span class='ocrx_word' id='word_1_93' title='bbox 1384 1681 1638 1748; x_wconf 87' lang='lat' dir='ltr'><strong>Donato</strong></span> <span class='ocrx_word' id='word_1_94' title='bbox 1685 1681 1988 1748; x_wconf 85' lang='lat' dir='ltr'><strong>dederim.</strong></span> 
     </span>
     <span class='ocr_line' id='line_1_13' title="bbox 547 1787 2160 1875; baseline 0 -20"><span class='ocrx_word' id='word_1_95' title='bbox 547 1795 558 1806; x_wconf 92' lang='grc'><em>“</em></span> <span class='ocrx_word' id='word_1_96' title='bbox 700 1788 865 1855; x_wconf 88' lang='lat' dir='ltr'><strong>Ibid.</strong></span> <span class='ocrx_word' id='word_1_97' title='bbox 917 1788 1002 1854; x_wconf 92' lang='grc'><strong>10</strong></span> <span class='ocrx_word' id='word_1_98' title='bbox 1025 1787 1123 1870; x_wconf 92' lang='grc'><strong>(1)</strong></span> <span class='ocrx_word' id='word_1_99' title='bbox 1191 1788 1244 1854; x_wconf 94' lang='grc' dir='ltr'><strong>Ο</strong></span> <span class='ocrx_word' id='word_1_100' title='bbox 1293 1790 1394 1854; x_wconf 79' lang='lat' dir='ltr'><strong>vir</strong></span> <span class='ocrx_word' id='word_1_101' title='bbox 1440 1788 1628 1854; x_wconf 82' lang='lat' dir='ltr'><strong>fortis</strong></span> <span class='ocrx_word' id='word_1_102' title='bbox 1673 1793 1866 1875; x_wconf 85' lang='lat' dir='ltr'><strong>atque</strong></span> <span class='ocrx_word' id='word_1_103' title='bbox 1913 1790 2160 1855; x_wconf 81' lang='lat' dir='ltr'><strong>amicus</strong></span> 
     </span>
    </p>

    <p class='ocr_par' dir='ltr' id='par_1_7' title="bbox 701 1877 3009 1984">
     <span class='ocr_line' id='line_1_14' title="bbox 701 1877 3009 1984; baseline 0.001 -24"><span class='ocrx_word' id='word_1_104' title='bbox 701 1895 797 1977; x_wconf 91' lang='lat' dir='ltr'><strong>(l)</strong></span> <span class='ocrx_word' id='word_1_105' title='bbox 858 1894 1094 1961; x_wconf 86' lang='lat' dir='ltr'><strong>Ordine</strong></span> <span class='ocrx_word' id='word_1_106' title='bbox 1157 1894 1486 1974; x_wconf 83' lang='lat' dir='ltr'><strong>laudavit,</strong></span> <span class='ocrx_word' id='word_1_107' title='bbox 1548 1894 1697 1984; x_wconf 88' lang='lat' dir='ltr'><strong>plus</strong></span> <span class='ocrx_word' id='word_1_108' title='bbox 1745 1877 1844 1962; x_wconf 68' lang='lat' dir='ltr'><strong>es&#39;t</strong></span> <span class='ocrx_word' id='word_1_109' title='bbox 1889 1898 2066 1962; x_wconf 88' lang='lat' dir='ltr'><strong>enim</strong></span> <span class='ocrx_word' id='word_1_110' title='bbox 2111 1896 2357 1962; x_wconf 89' lang='lat' dir='ltr'><strong>amicus</strong></span> <span class='ocrx_word' id='word_1_111' title='bbox 2404 1915 2600 1982; x_wconf 88' lang='lat' dir='ltr'><strong>quam</strong></span> <span class='ocrx_word' id='word_1_112' title='bbox 2651 1897 2750 1962; x_wconf 83' lang='lat' dir='ltr'><strong>vir</strong></span> <span class='ocrx_word' id='word_1_113' title='bbox 2795 1895 3009 1962; x_wconf 86' lang='lat' dir='ltr'><strong>fortis.</strong></span> 
     </span>
    </p>

    <p class='ocr_par' dir='ltr' id='par_1_8' title="bbox 702 2000 1257 2088">
     <span class='ocr_line' id='line_1_15' title="bbox 702 2000 1257 2088; baseline 0 -22"><span class='ocrx_word' id='word_1_114' title='bbox 702 2000 826 2066; x_wconf 79' lang='lat' dir='ltr'><strong>Vix</strong></span> <span class='ocrx_word' id='word_1_115' title='bbox 871 2003 1257 2088; x_wconf 81' lang='lat' dir='ltr'><strong>genuinum.</strong></span> 
     </span>
    </p>

    <p class='ocr_par' dir='ltr' id='par_1_9' title="bbox 699 2105 1869 2195">
     <span class='ocr_line' id='line_1_16' title="bbox 699 2105 1869 2195; baseline 0.001 -22"><span class='ocrx_word' id='word_1_116' title='bbox 699 2107 862 2173; x_wconf 91' lang='lat' dir='ltr'><strong>Ibid.</strong></span> <span class='ocrx_word' id='word_1_117' title='bbox 916 2107 999 2173; x_wconf 87' lang='lat'><strong>18</strong></span> <span class='ocrx_word' id='word_1_118' title='bbox 1069 2107 1143 2172; x_wconf 89' lang='lat' dir='ltr'><strong>In</strong></span> <span class='ocrx_word' id='word_1_119' title='bbox 1196 2106 1333 2173; x_wconf 89' lang='lat' dir='ltr'><strong>illis</strong></span> <span class='ocrx_word' id='word_1_120' title='bbox 1380 2128 1571 2195; x_wconf 87' lang='lat' dir='ltr'><strong>opera</strong></span> <span class='ocrx_word' id='word_1_121' title='bbox 1614 2105 1869 2174; x_wconf 86' lang='lat' dir='ltr'><strong>luditur</strong></span> 
     </span>
    </p>

    <p class='ocr_par' dir='ltr' id='par_1_10' title="bbox 606 2213 3010 2834">
     <span class='ocr_line' id='line_1_17' title="bbox 700 2213 3010 2298; baseline 0 -20"><span class='ocrx_word' id='word_1_122' title='bbox 700 2213 797 2295; x_wconf 88' lang='lat'><strong>(5)</strong></span> <span class='ocrx_word' id='word_1_123' title='bbox 846 2213 1212 2292; x_wconf 87' lang='lat' dir='ltr'><strong>„Luditur”</strong></span> <span class='ocrx_word' id='word_1_124' title='bbox 1274 2221 1625 2281; x_wconf 69' lang='lat' dir='ltr'><strong>exercetur·</strong></span> <span class='ocrx_word' id='word_1_125' title='bbox 1764 2215 1861 2298; x_wconf 90' lang='lat'><strong>(6)</strong></span> <span class='ocrx_word' id='word_1_126' title='bbox 1917 2216 2018 2280; x_wconf 82' lang='lat' dir='ltr'><strong>An</strong></span> <span class='ocrx_word' id='word_1_127' title='bbox 2083 2213 2470 2293; x_wconf 84' lang='lat' dir='ltr'><strong>„illuditur”</strong></span> <span class='ocrx_word' id='word_1_128' title='bbox 2528 2214 2650 2281; x_wconf 88' lang='lat' dir='ltr'><strong>hoc</strong></span> <span class='ocrx_word' id='word_1_129' title='bbox 2710 2219 2807 2280; x_wconf 87' lang='lat' dir='ltr'><strong>est</strong></span> <span class='ocrx_word' id='word_1_130' title='bbox 2865 2214 3010 2279; x_wconf 86' lang='lat' dir='ltr'><strong>fru-</strong></span> 
     </span>
     <span class='ocr_line' id='line_1_18' title="bbox 607 2318 3004 2403; baseline 0 -17"><span class='ocrx_word' id='word_1_131' title='bbox 607 2318 890 2387; x_wconf 79' lang='lat' dir='ltr'><strong>stratur?</strong></span> <span class='ocrx_word' id='word_1_132' title='bbox 1072 2320 1215 2387; x_wconf 92' lang='lat' dir='ltr'><strong>Hoc</strong></span> <span class='ocrx_word' id='word_1_133' title='bbox 1274 2321 1393 2386; x_wconf 82' lang='lat' dir='ltr'><strong>Ed.</strong></span> <span class='ocrx_word' id='word_1_134' title='bbox 1458 2321 1740 2402; x_wconf 89' lang='lat' dir='ltr'><strong>addidit,</strong></span> <span class='ocrx_word' id='word_1_135' title='bbox 1803 2328 1880 2388; x_wconf 90' lang='lat' dir='ltr'><strong>ut</strong></span> <span class='ocrx_word' id='word_1_136' title='bbox 1939 2322 2146 2388; x_wconf 86' lang='lat' dir='ltr'><strong>forma</strong></span> <span class='ocrx_word' id='word_1_137' title='bbox 2190 2321 2450 2387; x_wconf 82' lang='lat' dir='ltr'><strong>indicat.</strong></span> <span class='ocrx_word' id='word_1_138' title='bbox 2513 2320 2588 2386; x_wconf 90' lang='lat' dir='ltr'><strong>In</strong></span> <span class='ocrx_word' id='word_1_139' title='bbox 2632 2321 2729 2403; x_wconf 76' lang='grc'><strong>(1)</strong></span> <span class='ocrx_word' id='word_1_140' title='bbox 2777 2326 3004 2386; x_wconf 88' lang='lat' dir='ltr'><strong>autem</strong></span> 
     </span>
     <span class='ocr_line' id='line_1_19' title="bbox 606 2425 3006 2515; baseline 0.001 -23"><span class='ocrx_word' id='word_1_141' title='bbox 606 2425 1042 2512; x_wconf 88' lang='lat' dir='ltr'><strong>supplendum</strong></span> <span class='ocrx_word' id='word_1_142' title='bbox 1103 2448 1324 2493; x_wconf 87' lang='lat' dir='ltr'><strong>censeo</strong></span> <span class='ocrx_word' id='word_1_143' title='bbox 1379 2427 1704 2506; x_wconf 86' lang='lat' dir='ltr'><strong>„frustra”</strong></span> <span class='ocrx_word' id='word_1_144' title='bbox 1755 2432 1900 2515; x_wconf 86' lang='lat' dir='ltr'><strong>post</strong></span> <span class='ocrx_word' id='word_1_145' title='bbox 1945 2432 2296 2494; x_wconf 88' lang='lat' dir='ltr'><strong>exercetur.</strong></span> <span class='ocrx_word' id='word_1_146' title='bbox 2346 2426 2655 2493; x_wconf 87' lang='lat' dir='ltr'><strong>Formula</strong></span> <span class='ocrx_word' id='word_1_147' title='bbox 2700 2427 3006 2514; x_wconf 78' lang='lat' dir='ltr'><strong>frequens</strong></span> 
     </span>
     <span class='ocr_line' id='line_1_20' title="bbox 606 2531 3008 2623; baseline 0 -22"><span class='ocrx_word' id='word_1_148' title='bbox 606 2539 707 2601; x_wconf 87' lang='lat' dir='ltr'><strong>est</strong></span> <span class='ocrx_word' id='word_1_149' title='bbox 750 2535 818 2600; x_wconf 90' lang='lat' dir='ltr'><strong>in</strong></span> <span class='ocrx_word' id='word_1_150' title='bbox 866 2531 1097 2600; x_wconf 88' lang='lat' dir='ltr'><strong>Plauto</strong></span> <span class='ocrx_word' id='word_1_151' title='bbox 1138 2541 1203 2601; x_wconf 86' lang='lat' dir='ltr'><strong>et</strong></span> <span class='ocrx_word' id='word_1_152' title='bbox 1241 2533 1572 2619; x_wconf 77' lang='lat' dir='ltr'><strong>Terentio,</strong></span> <span class='ocrx_word' id='word_1_153' title='bbox 1613 2537 1726 2622; x_wconf 92' lang='lat' dir='ltr'><strong>qui</strong></span> <span class='ocrx_word' id='word_1_154' title='bbox 1763 2534 1984 2602; x_wconf 87' lang='lat' dir='ltr'><strong>eadem</strong></span> <span class='ocrx_word' id='word_1_155' title='bbox 2025 2535 2492 2623; x_wconf 82' lang='lat' dir='ltr'><strong>significatione</strong></span> <span class='ocrx_word' id='word_1_156' title='bbox 2531 2536 2732 2604; x_wconf 86' lang='lat' dir='ltr'><strong>etiam</strong></span> <span class='ocrx_word' id='word_1_157' title='bbox 2775 2533 3008 2601; x_wconf 86' lang='lat' dir='ltr'><strong>dicunt</strong></span> 
     </span>
     <span class='ocr_line' id='line_1_21' title="bbox 610 2638 3005 2728; baseline 0 -22"><span class='ocrx_word' id='word_1_158' title='bbox 610 2661 912 2728; x_wconf 79' lang='lat' dir='ltr'><strong>„operam</strong></span> <span class='ocrx_word' id='word_1_159' title='bbox 984 2638 1311 2727; x_wconf 89' lang='lat' dir='ltr'><strong>perdere”.</strong></span> <span class='ocrx_word' id='word_1_160' title='bbox 1382 2638 1480 2709; x_wconf 83' lang='lat' dir='ltr'><strong>Of.</strong></span> <span class='ocrx_word' id='word_1_161' title='bbox 1551 2641 1914 2708; x_wconf 84' lang='lat' dir='ltr'><strong>Lorentz</strong></span> <span class='ocrx_word' id='word_1_162' title='bbox 1984 2642 2064 2708; x_wconf 93' lang='lat' dir='ltr'><strong>ad</strong></span> <span class='ocrx_word' id='word_1_163' title='bbox 2131 2643 2365 2709; x_wconf 84' lang='lat' dir='ltr'><strong>Pseud.</strong></span> <span class='ocrx_word' id='word_1_164' title='bbox 2430 2640 2588 2723; x_wconf 81' lang='lat'><strong>357,</strong></span> <span class='ocrx_word' id='word_1_165' title='bbox 2657 2641 2853 2707; x_wconf 85' lang='lat' dir='ltr'><strong>Brix</strong></span> <span class='ocrx_word' id='word_1_166' title='bbox 2913 2640 3005 2707; x_wconf 88' lang='lat' dir='ltr'><strong>ad</strong></span> 
     </span>
     <span class='ocr_line' id='line_1_22' title="bbox 609 2745 999 2834; baseline -0.005 -20"><span class='ocrx_word' id='word_1_167' title='bbox 609 2745 792 2834; x_wconf 84' lang='lat' dir='ltr'><strong>Capt.</strong></span> <span class='ocrx_word' id='word_1_168' title='bbox 844 2746 999 2813; x_wconf 85' lang='lat'>344.</span> 
     </span>
    </p>

    <p class='ocr_par' dir='ltr' id='par_1_11' title="bbox 698 2852 1894 2943">
     <span class='ocr_line' id='line_1_23' title="bbox 698 2852 1894 2943; baseline 0.002 -24"><span class='ocrx_word' id='word_1_169' title='bbox 698 2853 861 2920; x_wconf 89' lang='lat' dir='ltr'><strong>Ibid.</strong></span> <span class='ocrx_word' id='word_1_170' title='bbox 909 2852 996 2920; x_wconf 82' lang='lat'><strong>27</strong></span> <span class='ocrx_word' id='word_1_171' title='bbox 1067 2853 1187 2921; x_wconf 91' lang='lat' dir='ltr'><strong>Ille</strong></span> <span class='ocrx_word' id='word_1_172' title='bbox 1233 2856 1519 2943; x_wconf 81' lang='lat' dir='ltr'><strong>ringitur</strong></span> <span class='ocrx_word' id='word_1_173' title='bbox 1563 2861 1642 2921; x_wconf 86' lang='lat' dir='ltr'><strong>tu</strong></span> <span class='ocrx_word' id='word_1_174' title='bbox 1686 2854 1894 2921; x_wconf 79' lang='lat' dir='ltr'><strong>rideas</strong></span> 
     </span>
    </p>

    <p class='ocr_par' dir='ltr' id='par_1_12' title="bbox 603 2958 3002 3153">
     <span class='ocr_line' id='line_1_24' title="bbox 696 2958 3002 3048; baseline 0.001 -23"><span class='ocrx_word' id='word_1_175' title='bbox 696 2960 855 3026; x_wconf 90' lang='lat' dir='ltr'><strong>Don.</strong></span> <span class='ocrx_word' id='word_1_176' title='bbox 922 2958 1021 3041; x_wconf 82' lang='lat'><strong>(4)</strong></span> <span class='ocrx_word' id='word_1_177' title='bbox 1089 2958 1300 3039; x_wconf 82' lang='lat' dir='ltr'><strong>Varie,</strong></span> <span class='ocrx_word' id='word_1_178' title='bbox 1370 2982 1523 3027; x_wconf 88' lang='lat' dir='ltr'><strong>nam</strong></span> <span class='ocrx_word' id='word_1_179' title='bbox 1589 2962 2076 3048; x_wconf 83' lang='lat' dir='ltr'><strong>pronuntiativo</strong></span> <span class='ocrx_word' id='word_1_180' title='bbox 2147 2962 2639 3027; x_wconf 80' lang='lat' dir='ltr'><strong>coniunctivum</strong></span> <span class='ocrx_word' id='word_1_181' title='bbox 2707 2960 3002 3027; x_wconf 81' lang='lat' dir='ltr'><strong>miscuit.</strong></span> 
     </span>
     <span class='ocr_line' id='line_1_25' title="bbox 603 3064 2231 3153; baseline 0.002 -21"><span class='ocrx_word' id='word_1_182' title='bbox 603 3064 871 3132; x_wconf 86' lang='lat' dir='ltr'><strong>Addidit</strong></span> <span class='ocrx_word' id='word_1_183' title='bbox 914 3064 1177 3132; x_wconf 83' lang='lat' dir='ltr'><strong>Editor:</strong></span> <span class='ocrx_word' id='word_1_184' title='bbox 1227 3087 1355 3131; x_wconf 89' lang='lat' dir='ltr'><strong>non</strong></span> <span class='ocrx_word' id='word_1_185' title='bbox 1400 3066 1567 3132; x_wconf 88' lang='lat' dir='ltr'><strong>dixit</strong></span> <span class='ocrx_word' id='word_1_186' title='bbox 1612 3069 1787 3133; x_wconf 87' lang='lat' dir='ltr'><strong>enim</strong></span> <span class='ocrx_word' id='word_1_187' title='bbox 1839 3066 2231 3153; x_wconf 82' lang='lat' dir='ltr'><strong>„ringitur’&#39;.</strong></span> 
     </span>
    </p>

    <p class='ocr_par' dir='ltr' id='par_1_13' title="bbox 695 3169 2538 3259">
     <span class='ocr_line' id='line_1_26' title="bbox 695 3169 2538 3259; baseline 0.001 -23"><span class='ocrx_word' id='word_1_188' title='bbox 695 3170 858 3237; x_wconf 89' lang='lat' dir='ltr'><strong>Ibid.</strong></span> <span class='ocrx_word' id='word_1_189' title='bbox 906 3169 993 3236; x_wconf 87' lang='grc'><strong>29</strong></span> <span class='ocrx_word' id='word_1_190' title='bbox 1068 3170 1193 3237; x_wconf 91' lang='lat' dir='ltr'><strong>Ubi</strong></span> <span class='ocrx_word' id='word_1_191' title='bbox 1238 3176 1313 3237; x_wconf 89' lang='lat' dir='ltr'><strong>tu</strong></span> <span class='ocrx_word' id='word_1_192' title='bbox 1358 3171 1613 3239; x_wconf 82' lang='lat' dir='ltr'><strong>dubites</strong></span> <span class='ocrx_word' id='word_1_193' title='bbox 1662 3171 1817 3259; x_wconf 87' lang='lat' dir='ltr'><strong>quid</strong></span> <span class='ocrx_word' id='word_1_194' title='bbox 1863 3193 2082 3239; x_wconf 86' lang='lat' dir='ltr'><strong>sumas</strong></span> <span class='ocrx_word' id='word_1_195' title='bbox 2126 3174 2538 3259; x_wconf 88' lang='lat' dir='ltr'><strong>potissimum</strong></span> 
     </span>
    </p>

    <p class='ocr_par' dir='ltr' id='par_1_14' title="bbox 604 3276 3002 3683">
     <span class='ocr_line' id='line_1_27' title="bbox 696 3276 3002 3366; baseline 0.001 -24"><span class='ocrx_word' id='word_1_196' title='bbox 696 3276 795 3359; x_wconf 91' lang='grc'><strong>(2)</strong></span> <span class='ocrx_word' id='word_1_197' title='bbox 831 3277 975 3343; x_wconf 90' lang='lat' dir='ltr'><strong>Non</strong></span> <span class='ocrx_word' id='word_1_198' title='bbox 1016 3278 1318 3364; x_wconf 88' lang='lat' dir='ltr'><strong>„potius”</strong></span> <span class='ocrx_word' id='word_1_199' title='bbox 1360 3277 1469 3345; x_wconf 83' lang='lat' dir='ltr'><strong>sed</strong></span> <span class='ocrx_word' id='word_1_200' title='bbox 1513 3279 2015 3366; x_wconf 76' lang='lat' dir='ltr'><strong>„potissimum”</strong></span> <span class='ocrx_word' id='word_1_201' title='bbox 2058 3278 2258 3357; x_wconf 81' lang='lat' dir='ltr'><strong>dixit,</strong></span> <span class='ocrx_word' id='word_1_202' title='bbox 2299 3284 2374 3345; x_wconf 89' lang='lat' dir='ltr'><strong>ut</strong></span> <span class='ocrx_word' id='word_1_203' title='bbox 2410 3281 2481 3344; x_wconf 88' lang='lat' dir='ltr'><strong>in</strong></span> <span class='ocrx_word' id='word_1_204' title='bbox 2526 3300 2596 3347; x_wconf 88' lang='lat' dir='ltr'><strong>re</strong></span> <span class='ocrx_word' id='word_1_205' title='bbox 2635 3280 2810 3345; x_wconf 90' lang='lat' dir='ltr'><strong>omni</strong></span> <span class='ocrx_word' id='word_1_206' title='bbox 2848 3276 3002 3344; x_wconf 85' lang='lat' dir='ltr'><strong>aliis</strong></span> 
     </span>
     <span class='ocr_line' id='line_1_28' title="bbox 604 3383 3001 3471; baseline -0.001 -20"><span class='ocrx_word' id='word_1_207' title='bbox 604 3383 733 3451; x_wconf 86' lang='lat' dir='ltr'><strong>alia</strong></span> <span class='ocrx_word' id='word_1_208' title='bbox 778 3386 1026 3471; x_wconf 88' lang='lat' dir='ltr'><strong>potiora</strong></span> <span class='ocrx_word' id='word_1_209' title='bbox 1070 3390 1476 3453; x_wconf 86' lang='lat' dir='ltr'><strong>monstraret.</strong></span> <span class='ocrx_word' id='word_1_210' title='bbox 1528 3385 1800 3453; x_wconf 86' lang='lat' dir='ltr'><strong>Plautus</strong></span> <span class='ocrx_word' id='word_1_211' title='bbox 1848 3386 2194 3465; x_wconf 87' lang='lat' dir='ltr'><strong>„standum</strong></span> <span class='ocrx_word' id='word_1_212' title='bbox 2243 3390 2342 3452; x_wconf 86' lang='lat' dir='ltr'><strong>eet</strong></span> <span class='ocrx_word' id='word_1_213' title='bbox 2386 3387 2454 3451; x_wconf 87' lang='lat' dir='ltr'><strong>in</strong></span> <span class='ocrx_word' id='word_1_214' title='bbox 2501 3384 2700 3465; x_wconf 89' lang='lat' dir='ltr'><strong>lecto,</strong></span> <span class='ocrx_word' id='word_1_215' title='bbox 2741 3387 2797 3451; x_wconf 87' lang='lat' dir='ltr'><strong>ei</strong></span> <span class='ocrx_word' id='word_1_216' title='bbox 2836 3384 3001 3471; x_wconf 89' lang='lat' dir='ltr'><strong>quid</strong></span> 
     </span>
     <span class='ocr_line' id='line_1_29' title="bbox 604 3489 2996 3578; baseline -0 -21"><span class='ocrx_word' id='word_1_217' title='bbox 604 3490 683 3557; x_wconf 88' lang='lat' dir='ltr'><strong>de</strong></span> <span class='ocrx_word' id='word_1_218' title='bbox 730 3510 987 3557; x_wconf 84' lang='lat' dir='ltr'><strong>summa</strong></span> <span class='ocrx_word' id='word_1_219' title='bbox 1025 3490 1248 3576; x_wconf 85' lang='lat' dir='ltr'><strong>petas’&#39;</strong></span> <span class='ocrx_word' id='word_1_220' title='bbox 1297 3492 1498 3572; x_wconf 88' lang='lat' dir='ltr'><strong>(Men.</strong></span> <span class='ocrx_word' id='word_1_221' title='bbox 1538 3490 1573 3557; x_wconf 92' lang='lat'>1</span> <span class='ocrx_word' id='word_1_222' title='bbox 1617 3493 1677 3559; x_wconf 91' lang='lat'><strong>1.</strong></span> <span class='ocrx_word' id='word_1_223' title='bbox 1704 3489 1840 3574; x_wconf 84' lang='grc'><strong>27).</strong></span> <span class='ocrx_word' id='word_1_224' title='bbox 1979 3491 2481 3578; x_wconf 83' lang='lat' dir='ltr'><strong>Philosophatur</strong></span> <span class='ocrx_word' id='word_1_225' title='bbox 2515 3496 2584 3558; x_wconf 91' lang='lat' dir='ltr'><strong>et</strong></span> <span class='ocrx_word' id='word_1_226' title='bbox 2619 3489 2996 3577; x_wconf 85' lang='lat' dir='ltr'><strong>exemplum</strong></span> 
     </span>
     <span class='ocr_line' id='line_1_30' title="bbox 604 3598 1195 3683; baseline -0.002 -19"><span class='ocrx_word' id='word_1_227' title='bbox 604 3598 831 3664; x_wconf 86' lang='lat' dir='ltr'><strong>asserit</strong></span> <span class='ocrx_word' id='word_1_228' title='bbox 876 3598 1195 3683; x_wconf 88' lang='lat' dir='ltr'><strong>ineptum.</strong></span> 
     </span>
    </p>
   </div>
   <div class='ocr_carea' id='block_1_4' title="bbox 596 3809 2996 4540">
    <p class='ocr_par' dir='ltr' id='par_1_15' title="bbox 596 3809 2996 4540">
     <span class='ocr_line' id='line_1_31' title="bbox 693 3809 2995 3895; baseline -0.002 -15"><span class='ocrx_word' id='word_1_229' title='bbox 693 3812 1117 3881; x_wconf 83' lang='lat' dir='ltr'><strong>Pervenimus</strong></span> <span class='ocrx_word' id='word_1_230' title='bbox 1153 3812 1235 3879; x_wconf 88' lang='lat' dir='ltr'><strong>ad</strong></span> <span class='ocrx_word' id='word_1_231' title='bbox 1272 3833 1417 3879; x_wconf 87' lang='lat' dir='ltr'><strong>eam</strong></span> <span class='ocrx_word' id='word_1_232' title='bbox 1455 3812 1864 3880; x_wconf 86' lang='lat' dir='ltr'><strong>Phormionis</strong></span> <span class='ocrx_word' id='word_1_233' title='bbox 1905 3833 2195 3880; x_wconf 86' lang='lat' dir='ltr'><strong>scaenam</strong></span> <span class='ocrx_word' id='word_1_234' title='bbox 2235 3811 2326 3895; x_wconf 94' lang='lat' dir='ltr'><strong>(II</strong></span> <span class='ocrx_word' id='word_1_235' title='bbox 2365 3812 2455 3895; x_wconf 85' lang='lat'><strong>3),</strong></span> <span class='ocrx_word' id='word_1_236' title='bbox 2505 3814 2690 3879; x_wconf 88' lang='lat' dir='ltr'><strong>cuius</strong></span> <span class='ocrx_word' id='word_1_237' title='bbox 2729 3809 2995 3890; x_wconf 82' lang='lat' dir='ltr'><strong>scholia,</strong></span> 
     </span>
     <span class='ocr_line' id='line_1_32' title="bbox 602 3918 2996 4011; baseline -0.002 -22"><span class='ocrx_word' id='word_1_238' title='bbox 602 3926 747 4010; x_wconf 86' lang='lat' dir='ltr'><strong>post</strong></span> <span class='ocrx_word' id='word_1_239' title='bbox 792 3924 1033 4011; x_wconf 84' lang='lat' dir='ltr'><strong>primos</strong></span> <span class='ocrx_word' id='word_1_240' title='bbox 1077 3941 1339 4001; x_wconf 77' lang='lat' dir='ltr'><strong>versus,</strong></span> <span class='ocrx_word' id='word_1_241' title='bbox 1386 3918 1733 4007; x_wconf 82' lang='lat' dir='ltr'><strong>dupliciter</strong></span> <span class='ocrx_word' id='word_1_242' title='bbox 1778 3926 1930 3988; x_wconf 86' lang='lat' dir='ltr'><strong>sunt</strong></span> <span class='ocrx_word' id='word_1_243' title='bbox 1975 3919 2246 3999; x_wconf 82' lang='lat' dir='ltr'><strong>tradita,</strong></span> <span class='ocrx_word' id='word_1_244' title='bbox 2294 3921 2364 3985; x_wconf 91' lang='lat' dir='ltr'><strong>in</strong></span> <span class='ocrx_word' id='word_1_245' title='bbox 2403 3919 2607 3986; x_wconf 84' lang='lat' dir='ltr'><strong>altera</strong></span> <span class='ocrx_word' id='word_1_246' title='bbox 2651 3918 2811 3984; x_wconf 85' lang='lat' dir='ltr'><strong>serie</strong></span> <span class='ocrx_word' id='word_1_247' title='bbox 2849 3918 2908 3984; x_wconf 83' lang='lat' dir='ltr'>A</span> <span class='ocrx_word' id='word_1_248' title='bbox 2953 3938 2996 3985; x_wconf 86' lang='lat' dir='ltr'><strong>a</strong></span> 
     </span>
     <span class='ocr_line' id='line_1_33' title="bbox 600 4023 2996 4108; baseline -0.002 -13"><span class='ocrx_word' id='word_1_249' title='bbox 600 4049 697 4097; x_wconf 79' lang='lat' dir='ltr'><strong>vs.</strong></span> <span class='ocrx_word' id='word_1_250' title='bbox 744 4027 785 4093; x_wconf 87' lang='lat'><strong>3</strong></span> <span class='ocrx_word' id='word_1_251' title='bbox 833 4027 912 4093; x_wconf 86' lang='lat' dir='ltr'><strong>ad</strong></span> <span class='ocrx_word' id='word_1_252' title='bbox 956 4027 1190 4108; x_wconf 87' lang='lat' dir='ltr'><strong>finem,</strong></span> <span class='ocrx_word' id='word_1_253' title='bbox 1236 4029 1302 4092; x_wconf 89' lang='lat' dir='ltr'><strong>in</strong></span> <span class='ocrx_word' id='word_1_254' title='bbox 1351 4026 1551 4093; x_wconf 82' lang='lat' dir='ltr'><strong>altere</strong></span> <span class='ocrx_word' id='word_1_255' title='bbox 1595 4026 1650 4091; x_wconf 94' lang='lat' dir='ltr'><strong>B</strong></span> <span class='ocrx_word' id='word_1_256' title='bbox 1695 4047 1733 4093; x_wconf 83' lang='lat' dir='ltr'><strong>a</strong></span> <span class='ocrx_word' id='word_1_257' title='bbox 1772 4048 1868 4093; x_wconf 86' lang='lat' dir='ltr'><strong>vs.</strong></span> <span class='ocrx_word' id='word_1_258' title='bbox 1908 4024 1948 4090; x_wconf 79' lang='grc' dir='ltr'>ὅ</span> <span class='ocrx_word' id='word_1_259' title='bbox 1997 4025 2076 4093; x_wconf 84' lang='lat' dir='ltr'><strong>ad</strong></span> <span class='ocrx_word' id='word_1_260' title='bbox 2114 4024 2327 4092; x_wconf 87' lang='lat' dir='ltr'><strong>finem.</strong></span> <span class='ocrx_word' id='word_1_261' title='bbox 2371 4025 2508 4092; x_wconf 86' lang='lat' dir='ltr'><strong>Has</strong></span> <span class='ocrx_word' id='word_1_262' title='bbox 2547 4030 2768 4092; x_wconf 83' lang='lat' dir='ltr'><strong>autem</strong></span> <span class='ocrx_word' id='word_1_263' title='bbox 2805 4023 2996 4091; x_wconf 81' lang='lat' dir='ltr'><strong>Sab-</strong></span> 
     </span>
     <span class='ocr_line' id='line_1_34' title="bbox 599 4130 2996 4219; baseline -0.002 -18"><span class='ocrx_word' id='word_1_264' title='bbox 599 4133 929 4212; x_wconf 85' lang='lat' dir='ltr'><strong>badini,</strong></span> <span class='ocrx_word' id='word_1_265' title='bbox 978 4132 1351 4213; x_wconf 83' lang='lat' dir='ltr'><strong>Rabbow,</strong></span> <span class='ocrx_word' id='word_1_266' title='bbox 1402 4132 1793 4200; x_wconf 90' lang='lat' dir='ltr'><strong>Wessner</strong></span> <span class='ocrx_word' id='word_1_267' title='bbox 1838 4137 2310 4219; x_wconf 86' lang='lat' dir='ltr'><strong>repraesentare</strong></span> <span class='ocrx_word' id='word_1_268' title='bbox 2357 4132 2667 4219; x_wconf 85' lang='lat' dir='ltr'><strong>putabant</strong></span> <span class='ocrx_word' id='word_1_269' title='bbox 2712 4130 2996 4198; x_wconf 88' lang='lat' dir='ltr'><strong>duorum</strong></span> 
     </span>
     <span class='ocr_line' id='line_1_35' title="bbox 597 4238 2996 4326; baseline -0.001 -20"><span class='ocrx_word' id='word_1_270' title='bbox 597 4240 1065 4326; x_wconf 80' lang='lat' dir='ltr'><strong>Excerptorum</strong></span> <span class='ocrx_word' id='word_1_271' title='bbox 1136 4238 1401 4307; x_wconf 86' lang='lat' dir='ltr'><strong>illorum</strong></span> <span class='ocrx_word' id='word_1_272' title='bbox 1471 4241 1825 4306; x_wconf 83' lang='lat' dir='ltr'><strong>commenti</strong></span> <span class='ocrx_word' id='word_1_273' title='bbox 1903 4242 2290 4326; x_wconf 87' lang='lat' dir='ltr'><strong>specimina,</strong></span> <span class='ocrx_word' id='word_1_274' title='bbox 2371 4259 2534 4325; x_wconf 88' lang='lat' dir='ltr'><strong>quae</strong></span> <span class='ocrx_word' id='word_1_275' title='bbox 2603 4238 2684 4320; x_wconf 78' lang='lat' dir='ltr'><strong>ad</strong></span> <span class='ocrx_word' id='word_1_276' title='bbox 2751 4241 2996 4305; x_wconf 85' lang='lat' dir='ltr'><strong>ceteras</strong></span> 
     </span>
     <span class='ocr_line' id='line_1_36' title="bbox 596 4344 2994 4434; baseline 0.001 -24"><span class='ocrx_word' id='word_1_277' title='bbox 596 4345 845 4413; x_wconf 81' lang='lat' dir='ltr'><strong>fabulas</strong></span> <span class='ocrx_word' id='word_1_278' title='bbox 896 4346 1219 4433; x_wconf 85' lang='lat' dir='ltr'><strong>huiusque</strong></span> <span class='ocrx_word' id='word_1_279' title='bbox 1268 4368 1521 4413; x_wconf 85' lang='lat' dir='ltr'><strong>scaenas</strong></span> <span class='ocrx_word' id='word_1_280' title='bbox 1569 4348 1813 4434; x_wconf 86' lang='lat' dir='ltr'><strong>primas</strong></span> <span class='ocrx_word' id='word_1_281' title='bbox 1866 4366 1905 4412; x_wconf 89' lang='lat' dir='ltr'><strong>a</strong></span> <span class='ocrx_word' id='word_1_282' title='bbox 1951 4344 2385 4433; x_wconf 85' lang='lat' dir='ltr'><strong>Gompilatore</strong></span> <span class='ocrx_word' id='word_1_283' title='bbox 2434 4349 2644 4412; x_wconf 88' lang='lat' dir='ltr'><strong>essent</strong></span> <span class='ocrx_word' id='word_1_284' title='bbox 2687 4345 2994 4426; x_wconf 83' lang='lat' dir='ltr'><strong>confusa,</strong></span> 
     </span>
     <span class='ocr_line' id='line_1_37' title="bbox 596 4450 2992 4540; baseline -0.001 -20"><span class='ocrx_word' id='word_1_285' title='bbox 596 4452 705 4521; x_wconf 87' lang='lat' dir='ltr'><strong>sed</strong></span> <span class='ocrx_word' id='word_1_286' title='bbox 751 4452 835 4522; x_wconf 90' lang='lat' dir='ltr'><strong>ad</strong></span> <span class='ocrx_word' id='word_1_287' title='bbox 879 4453 1041 4521; x_wconf 84' lang='lat' dir='ltr'><strong>hanc</strong></span> <span class='ocrx_word' id='word_1_288' title='bbox 1087 4474 1380 4521; x_wconf 86' lang='lat' dir='ltr'><strong>scaenam</strong></span> <span class='ocrx_word' id='word_1_289' title='bbox 1423 4455 1502 4521; x_wconf 89' lang='lat' dir='ltr'><strong>ab</strong></span> <span class='ocrx_word' id='word_1_290' title='bbox 1552 4453 1780 4522; x_wconf 88' lang='lat' dir='ltr'><strong>eodem</strong></span> <span class='ocrx_word' id='word_1_291' title='bbox 1824 4452 2026 4523; x_wconf 88' lang='lat' dir='ltr'><strong>altera</strong></span> <span class='ocrx_word' id='word_1_292' title='bbox 2072 4458 2218 4540; x_wconf 76' lang='lat' dir='ltr'><strong>post</strong></span> <span class='ocrx_word' id='word_1_293' title='bbox 2262 4450 2536 4521; x_wconf 83' lang='lat' dir='ltr'><strong>alteram</strong></span> <span class='ocrx_word' id='word_1_294' title='bbox 2581 4453 2992 4540; x_wconf 85' lang='lat' dir='ltr'><strong>transcripta.</strong></span> 
     </span>
    </p>
   </div>
  </div>
 </body>
</html>
