3246 5085
1324 330 1607 383 sunus.
2521 315 2649 381 139

252 498 507 581 ingens’
569 495 889 563 Achillem
954 500 1202 575 vocari,
1270 519 1363 563 vs.
1416 496 1547 563 914
1610 498 1994 584 'depositum
2045 504 2180 564 tam
2225 498 2486 586 grande'
2533 520 2652 565 nec

256 622 373 665 non
412 601 735 669 Puteanei
772 604 1196 690 archetypum
1231 604 1351 669 hoc
1390 604 1533 671 loco
1571 604 1949 671 lacunosum
1988 605 2213 682 fuisse,
2239 626 2407 671 nunc
2432 611 2646 671 tamen

256 705 681 774 wilkinsium
726 707 1065 775 lectionem
1116 709 1421 775 traditam
1466 714 1696 776 merito
1741 713 2079 777 retinuisse
2127 711 2332 777 credo.

337 924 617 993 Calchas
676 930 988 994 instinctu
1050 928 1271 995 divino
1332 928 1679 1015 afflatuque
1744 934 1960 995 motus
2013 933 2230 995 mente
2275 929 2456 995 videt
2500 950 2652 1017 quo-

252 1032 447 1099 modo
501 1032 727 1099 Thetis
770 1033 980 1100 filium
1025 1035 1307 1119 abripiat
1352 1034 1830 1121 exclamatque:

535 1137 673 1218 Quo
716 1141 887 1224 rapis
932 1142 1267 1225 ing-entem
1317 1142 1541 1225 magni
1586 1137 1882 1206 Chironis
1920 1138 2260 1206 alumnum

534 1243 861 1322 femineis,
912 1245 1139 1324 Nerei,
1187 1243 1397 1311 dolis?
1444 1245 1571 1311 huc
1617 1249 1844 1311 mitte:
1895 1245 2051 1331 quid
2098 1240 2354 1312 aufers?

532 1372 657 1417 non
704 1354 942 1437 patiar:
990 1372 1175 1417 meus
1216 1354 1376 1430 iste,
1426 1372 1630 1419 meus.
1679 1356 1755 1418 tu
1801 1352 1953 1419 diva
2003 1352 2334 1439 profundi,

338 1456 479 1522 529
532 1464 612 1522 et
658 1478 763 1523 me
809 1458 1109 1523 Phoebus
1156 1460 1313 1545 agit.

248 1562 589 1627 Nimirum
647 1562 1055 1629 scribendum
1114 1570 1247 1629 est:
1310 1568 1395 1628 at
1454 1583 1558 1628 me
1617 1563 1918 1629 Phoebus
1983 1566 2140 1649 agit.
2208 1560 2514 1629 Ceterum
2559 1563 2638 1629 cf.

250 1690 342 1733 va
393 1668 570 1735 552:

530 1780 645 1842 aut
688 1796 915 1842 verum
961 1778 1219 1862 penitus
1266 1775 1427 1842 latet
1473 1779 1539 1842 et
1584 1778 1721 1889 sine
1767 1774 2068 1861 Apolline
2115 1774 2404 1844 Calchas.

333 1976 711 2045 Calchantis
774 1980 1080 2045 vaticinio
1144 1977 1364 2043 audito
1426 1976 1770 2043 Diomedes
1832 1979 2138 2043 comitem
2199 1998 2264 2041 se
2320 1980 2650 2065 promittit

261 2082 491 2169 Ulyssi
514 2132 533 2163 ‚
600 2087 659 2149 si
724 2086 817 2150 ire
875 2082 1037 2149 velit
1098 2083 1175 2149 ad
1236 2081 1563 2149 Achillem
1627 2083 2098 2168 quaerendum,
2169 2103 2320 2150 eum
2379 2086 2605 2150 incitat
2627 2134 2644 2163 ,

254 2189 535 2275 denique
578 2190 753 2255 hunc
797 2188 1201 2256 allocutionis
1248 2189 1400 2254 facit
1445 2188 1672 2253 finem:

340 2296 479 2360 544
526 2316 653 2361 non
699 2296 865 2360 mihi
910 2297 1055 2380 quis
1105 2299 1333 2361 vatum
1380 2294 1595 2361 dubiis
1641 2297 1708 2359 in
1756 2295 2007 2360 casibus
2053 2297 2282 2361 ausit

529 2402 659 2466 fata
704 2400 921 2467 videre
963 2403 1160 2486 prior.
2037 2384 2042 2391 ’

246 2507 403 2574 Fuit
461 2528 613 2574 cum
674 2507 869 2573 verbo
914 2506 1077 2572 ausit
1124 2528 1249 2573 non
1294 2526 1435 2572 eam
1483 2508 1623 2572 vim
1666 2508 1872 2573 inesse
1921 2511 2219 2591 putarem
2267 2525 2460 2591 quam
2499 2527 2637 2573 sen-

246 2617 458 2680 tent-ia
520 2612 847 2700 postulare
908 2613 1237 2679 videretur
1294 2633 1500 2698 neque
1562 2612 1716 2679 ferri
1777 2633 1959 2698 posse
2007 2612 2396 2678 adiectivum
2433 2614 2633 2695 prior,

250 2722 305 2784 si
350 2719 527 2784 illud
572 2721 991 2796 retineretur:
1040 2739 1244 2804 neque
1290 2717 1619 2797 Schrader,
1670 2720 1783 2803 qui
1828 2719 1992 2782 adsit
2035 2721 2400 2804 proposuit,
2452 2717 2641 2784 aliter

248 2827 575 2890 censuisse
624 2823 899 2901 videtur,
950 2823 1058 2889 sed
1105 2844 1184 2888 ne
1230 2825 1321 2888 sic
1365 2823 1628 2909 quidem
1676 2844 1898 2889 omnes
1945 2825 2075 2888 iam
2123 2821 2266 2888 tolli
2311 2823 2642 2890 credebam

252 2929 680 2995 difficultates.
731 2929 973 2994 Locum
1021 2930 1380 2994 accuratius
1426 2928 1851 2994 consideranti
1900 2930 2438 3014 opportunissime
2476 2929 2641 2993 mihi

250 3038 316 3099 in
366 3041 657 3101 mentem
704 3037 882 3100 venit
928 3032 1053 3099 loci
1096 3036 1165 3098 in
1211 3032 1533 3099 Thebaide
1581 3036 1694 3118 qui
1741 3038 1840 3100 est
1883 3034 1932 3099 Ι.
1985 3032 2116 3099 398
2143 3054 2272 3120 sq.:

525 3140 594 3205 id
637 3138 904 3206 volvens
949 3160 1075 3205 non
1120 3141 1259 3225 ipse
1303 3145 1505 3224 pater,
1554 3160 1682 3205 nou
1730 3139 1911 3206 docte
1955 3140 2160 3204 futuri

526 3245 915 3330 Amphiarae
966 3244 1200 3310 vides
1248 3246 1515 3324 (etenim
1560 3249 1742 3310 vetat
1789 3250 2010 3310 auctor
2054 3243 2334 3330 Apollo),

250 3355 295 3416 i.
322 3371 381 3416 e.
430 3371 820 3436 quamquam
864 3349 1109 3415 Phoebi
1154 3349 1488 3415 oraculum
1526 3349 1681 3435 quid
1722 3350 1844 3414 sibi
1884 3348 2042 3415 velit
2079 3348 2298 3415 sedulo
2335 3349 2636 3416 iudicatis

253 3461 321 3520 et
388 3454 813 3540 perpenditis,
882 3475 1089 3540 neque
1156 3457 1293 3540 ipse
1356 3460 1466 3531 tu,
1532 3454 1836 3532 Adrasto,
1899 3475 2104 3540 neque
2165 3455 2630 3541 Amphiaraus,

252 3567 438 3626 vates
492 3561 603 3627 ille
662 3563 981 3646 optimus,
1046 3559 1113 3625 id
1174 3559 1499 3626 videtis
1558 3562 1603 3626 i.
1648 3581 1701 3626 e.
1767 3559 2186 3648 intellegitis,
2248 3563 2630 3647 perspicitis.

254 3666 489 3732 Nostro
547 3669 755 3754 igitur
816 3665 953 3732 loco
999 3665 1343 3732 Diomedes
1390 3665 1545 3731 haec
1591 3665 1770 3732 vult:
1817 3665 1960 3732 Non
2008 3667 2172 3732 mihi
2220 3669 2365 3751 quis
2407 3671 2633 3732 vatum

252 3775 322 3836 in
390 3771 601 3836 dubiis
661 3771 909 3836 casibus
971 3775 1038 3835 te
1096 3773 1273 3856 prior
1333 3791 1470 3836 esse
1533 3773 1704 3835 ausit
1769 3773 1881 3856 qui
1927 3774 2230 3836 vaticinia
2277 3771 2423 3836 data
2468 3777 2636 3837 recte

254 3875 547 3962 explicet.
618 3875 893 3961 Utroque
956 3878 1131 3941 enim
1191 3875 1329 3941 loco
1376 3875 1638 3943 videndi
1683 3876 1876 3942 verbo
1924 3879 2092 3942 inest
2137 3877 2637 3963 pervidendi

251 3983 431 4047 notio
450 4029 467 4059 ,
514 4002 674 4046 non:
722 3980 1155 4066 praevidendi.

342 4196 809 4264 Describuntur
852 4198 1121 4264 Achillis
1168 4219 1415 4265 amores
1463 4218 1535 4265 ac
1578 4197 1964 4265 blanditiae:

422 4316 437 4331 ·
526 4325 691 4370 nunc
737 4303 993 4371 levibus
1038 4307 1261 4384 sertia,
1307 4305 1503 4392 lapsis
1546 4326 1717 4370 nunc
1761 4311 1988 4391 sponte
2032 4309 2352 4385 canistris,

349 4407 481 4476 572
525 4431 691 4476 nunc
735 4412 961 4498 thyrso
1006 4416 1301 4497 parcente
1345 4412 1529 4492 ferit,
1578 4412 1768 4478 modo
1812 4412 2024 4479 dulcia
2067 4419 2317 4479 notae
