<?xml version="1.0" encoding="UTF-8"?>
<!DOCTYPE html PUBLIC "-//W3C//DTD XHTML 1.0 Transitional//EN"
    "http://www.w3.org/TR/xhtml1/DTD/xhtml1-transitional.dtd">
<html xmlns="http://www.w3.org/1999/xhtml" xml:lang="en" lang="en">
 <head>
  <title>
</title>
<meta http-equiv="Content-Type" content="text/html;charset=utf-8" />
  <meta name='ocr-system' content='tesseract 3.04.00' />
  <meta name='ocr-capabilities' content='ocr_page ocr_carea ocr_par ocr_line ocrx_word'/>
</head>
<body>
  <div class='ocr_page' id='page_1' title='image "./mnemosynevolume03verdgoog_0391.png"; bbox 0 0 3246 5085; ppageno 0'>
   <div class='ocr_carea' id='block_1_1' title="bbox 1031 324 2624 391">
    <p class='ocr_par' dir='ltr' id='par_1_1' title="bbox 1031 324 2624 391">
     <span class='ocr_line' id='line_1_1' title="bbox 1031 324 2624 391; baseline 0.001 -3"><span class='ocrx_word' id='word_1_1' title='bbox 1031 342 1118 389; x_wconf 78' lang='lat' dir='ltr'><strong>nn</strong></span> <span class='ocrx_word' id='word_1_2' title='bbox 1162 342 1482 391; x_wconf 77' lang='lat' dir='ltr'><strong>ntmn’rme</strong></span> <span class='ocrx_word' id='word_1_3' title='bbox 1527 342 1847 390; x_wconf 77' lang='lat' dir='ltr'><strong>mammo.</strong></span> <span class='ocrx_word' id='word_1_4' title='bbox 2489 324 2624 391; x_wconf 80' lang='lat'><strong>383</strong></span> 
     </span>
    </p>
   </div>
   <div class='ocr_carea' id='block_1_2' title="bbox 219 504 2635 3152">
    <p class='ocr_par' dir='ltr' id='par_1_2' title="bbox 219 504 2635 1769">
     <span class='ocr_line' id='line_1_2' title="bbox 232 504 2627 596; baseline 0.003 -27"><span class='ocrx_word' id='word_1_5' title='bbox 232 508 372 577; x_wconf 73' lang='grc' dir='ltr'><strong>Διὸς</strong></span> <span class='ocrx_word' id='word_1_6' title='bbox 423 514 532 571; x_wconf 86' lang='lat' dir='ltr'><strong>est</strong></span> <span class='ocrx_word' id='word_1_7' title='bbox 577 506 871 591; x_wconf 81' lang='lat' dir='ltr'>Euripidi</span> <span class='ocrx_word' id='word_1_8' title='bbox 913 506 1030 587; x_wconf 87' lang='lat'><strong>(10.</strong></span> <span class='ocrx_word' id='word_1_9' title='bbox 1073 504 1226 573; x_wconf 84' lang='lat'><strong>871.</strong></span> <span class='ocrx_word' id='word_1_10' title='bbox 1277 506 1518 572; x_wconf 89' lang='lat' dir='ltr'><strong>Melan.</strong></span> <span class='ocrx_word' id='word_1_11' title='bbox 1568 506 1647 571; x_wconf 83' lang='lat' dir='ltr'><strong>fr.</strong></span> <span class='ocrx_word' id='word_1_12' title='bbox 1690 505 1869 587; x_wconf 85' lang='lat'>487),</span> <span class='ocrx_word' id='word_1_13' title='bbox 1918 514 1984 573; x_wconf 90' lang='lat' dir='ltr'><strong>et</strong></span> <span class='ocrx_word' id='word_1_14' title='bbox 2030 528 2421 596; x_wconf 85' lang='lat' dir='ltr'><strong>quamquam</strong></span> <span class='ocrx_word' id='word_1_15' title='bbox 2472 531 2627 596; x_wconf 87' lang='lat' dir='ltr'><strong>quo-</strong></span> 
     </span>
     <span class='ocr_line' id='line_1_3' title="bbox 223 614 2628 705; baseline 0.003 -29"><span class='ocrx_word' id='word_1_16' title='bbox 223 616 604 699; x_wconf 86' lang='lat' dir='ltr'><strong>tiescunque</strong></span> <span class='ocrx_word' id='word_1_17' title='bbox 667 619 964 679; x_wconf 89' lang='lat' dir='ltr'><strong>naturam</strong></span> <span class='ocrx_word' id='word_1_18' title='bbox 1027 634 1248 679; x_wconf 87' lang='lat' dir='ltr'><strong>rerum</strong></span> <span class='ocrx_word' id='word_1_19' title='bbox 1293 621 1550 680; x_wconf 90' lang='lat' dir='ltr'><strong>aeterna</strong></span> <span class='ocrx_word' id='word_1_20' title='bbox 1596 618 1735 679; x_wconf 83' lang='lat' dir='ltr'><strong>vita</strong></span> <span class='ocrx_word' id='word_1_21' title='bbox 1782 614 2113 681; x_wconf 87' lang='lat' dir='ltr'><strong>florentem</strong></span> <span class='ocrx_word' id='word_1_22' title='bbox 2164 622 2433 697; x_wconf 87' lang='lat' dir='ltr'><strong>tractat,</strong></span> <span class='ocrx_word' id='word_1_23' title='bbox 2483 640 2628 705; x_wconf 82' lang='lat' dir='ltr'><strong>my-</strong></span> 
     </span>
     <span class='ocr_line' id='line_1_4' title="bbox 221 718 2627 808; baseline 0.003 -25"><span class='ocrx_word' id='word_1_24' title='bbox 221 718 557 807; x_wconf 84' lang='lat' dir='ltr'><strong>tholog-iae</strong></span> <span class='ocrx_word' id='word_1_25' title='bbox 600 720 1002 807; x_wconf 87' lang='lat' dir='ltr'><strong>imaginibus</strong></span> <span class='ocrx_word' id='word_1_26' title='bbox 1049 740 1205 785; x_wconf 84' lang='lat' dir='ltr'><strong>usus</strong></span> <span class='ocrx_word' id='word_1_27' title='bbox 1253 720 1532 786; x_wconf 87' lang='lat' dir='ltr'><strong>Aethera</strong></span> <span class='ocrx_word' id='word_1_28' title='bbox 1575 726 1829 805; x_wconf 88' lang='lat' dir='ltr'><strong>patrem</strong></span> <span class='ocrx_word' id='word_1_29' title='bbox 1868 720 2095 808; x_wconf 86' lang='lat' dir='ltr'><strong>fingit,</strong></span> <span class='ocrx_word' id='word_1_30' title='bbox 2136 726 2247 808; x_wconf 88' lang='lat' dir='ltr'><strong>qui</strong></span> <span class='ocrx_word' id='word_1_31' title='bbox 2286 746 2363 790; x_wconf 84' lang='lat' dir='ltr'><strong>ex</strong></span> <span class='ocrx_word' id='word_1_32' title='bbox 2410 724 2627 803; x_wconf 80' lang='lat' dir='ltr'><strong>Terra,</strong></span> 
     </span>
     <span class='ocr_line' id='line_1_5' title="bbox 222 824 2627 921; baseline 0.003 -31"><span class='ocrx_word' id='word_1_33' title='bbox 222 824 426 891; x_wconf 83' lang='lat' dir='ltr'><strong>altera</strong></span> <span class='ocrx_word' id='word_1_34' title='bbox 467 827 588 893; x_wconf 85' lang='lat' dir='ltr'><strong>dea</strong></span> <span class='ocrx_word' id='word_1_35' title='bbox 625 826 736 892; x_wconf 86' lang='lat' dir='ltr'><strong>sed</strong></span> <span class='ocrx_word' id='word_1_36' title='bbox 776 826 1052 892; x_wconf 75' lang='lat' dir='ltr'><strong>Aethere</strong></span> <span class='ocrx_word' id='word_1_37' title='bbox 1101 832 1282 911; x_wconf 86' lang='lat' dir='ltr'><strong>patre</strong></span> <span class='ocrx_word' id='word_1_38' title='bbox 1327 827 1665 905; x_wconf 85' lang='lat' dir='ltr'><strong>inferiore,</strong></span> <span class='ocrx_word' id='word_1_39' title='bbox 1712 830 2320 921; x_wconf 31' lang='lat' dir='ltr'><strong>omnia-progignat</strong></span> <span class='ocrx_word' id='word_1_40' title='bbox 2368 830 2627 920; x_wconf 81' lang='lat' dir='ltr'><strong>(Chrys.</strong></span> 
     </span>
     <span class='ocr_line' id='line_1_6' title="bbox 223 930 2631 1025; baseline 0.005 -30"><span class='ocrx_word' id='word_1_41' title='bbox 223 932 294 995; x_wconf 87' lang='lat' dir='ltr'><strong>fr.</strong></span> <span class='ocrx_word' id='word_1_42' title='bbox 359 930 528 998; x_wconf 84' lang='lat'><strong>839.</strong></span> <span class='ocrx_word' id='word_1_43' title='bbox 591 933 670 999; x_wconf 86' lang='lat' dir='ltr'><strong>fr.</strong></span> <span class='ocrx_word' id='word_1_44' title='bbox 717 936 840 999; x_wconf 88' lang='lat' dir='ltr'><strong>inc.</strong></span> <span class='ocrx_word' id='word_1_45' title='bbox 891 933 1072 1015; x_wconf 79' lang='grc'>898),</span> <span class='ocrx_word' id='word_1_46' title='bbox 1137 954 1332 999; x_wconf 79' lang='lat' dir='ltr'><strong>verus</strong></span> <span class='ocrx_word' id='word_1_47' title='bbox 1387 932 1564 999; x_wconf 89' lang='lat' dir='ltr'><strong>Deus</strong></span> <span class='ocrx_word' id='word_1_48' title='bbox 1628 940 1694 999; x_wconf 89' lang='lat' dir='ltr'><strong>et</strong></span> <span class='ocrx_word' id='word_1_49' title='bbox 1758 955 2057 1001; x_wconf 87' lang='lat' dir='ltr'><strong>summus</strong></span> <span class='ocrx_word' id='word_1_50' title='bbox 2118 940 2177 1002; x_wconf 87' lang='lat' dir='ltr'><strong>is</strong></span> <span class='ocrx_word' id='word_1_51' title='bbox 2236 941 2295 1003; x_wconf 89' lang='lat' dir='ltr'><strong>ei</strong></span> <span class='ocrx_word' id='word_1_52' title='bbox 2358 946 2459 1005; x_wconf 88' lang='lat' dir='ltr'><strong>est</strong></span> <span class='ocrx_word' id='word_1_53' title='bbox 2514 942 2631 1025; x_wconf 82' lang='lat' dir='ltr'><strong>qui</strong></span> 
     </span>
     <span class='ocr_line' id='line_1_7' title="bbox 220 1038 2630 1129; baseline 0.004 -28"><span class='ocrx_word' id='word_1_54' title='bbox 220 1046 444 1104; x_wconf 87' lang='lat' dir='ltr'><strong>mente</strong></span> <span class='ocrx_word' id='word_1_55' title='bbox 495 1038 820 1125; x_wconf 81' lang='lat' dir='ltr'><strong>praeditus</strong></span> <span class='ocrx_word' id='word_1_56' title='bbox 865 1042 932 1104; x_wconf 91' lang='lat' dir='ltr'><strong>in</strong></span> <span class='ocrx_word' id='word_1_57' title='bbox 979 1040 1238 1106; x_wconf 86' lang='lat' dir='ltr'><strong>aethere</strong></span> <span class='ocrx_word' id='word_1_58' title='bbox 1285 1046 1532 1127; x_wconf 83' lang='lat' dir='ltr'><strong>regnat.</strong></span> <span class='ocrx_word' id='word_1_59' title='bbox 1582 1039 1807 1127; x_wconf 86' lang='lat' dir='ltr'><strong>Itaque</strong></span> <span class='ocrx_word' id='word_1_60' title='bbox 1854 1062 2001 1107; x_wconf 88' lang='lat' dir='ltr'><strong>cum</strong></span> <span class='ocrx_word' id='word_1_61' title='bbox 2050 1044 2273 1129; x_wconf 90' lang='lat' dir='ltr'><strong>procul</strong></span> <span class='ocrx_word' id='word_1_62' title='bbox 2324 1046 2515 1113; x_wconf 89' lang='lat' dir='ltr'><strong>dubio</strong></span> <span class='ocrx_word' id='word_1_63' title='bbox 2562 1048 2630 1111; x_wconf 88' lang='lat' dir='ltr'><strong>iu</strong></span> 
     </span>
     <span class='ocr_line' id='line_1_8' title="bbox 219 1134 2633 1235; baseline 0.005 -27"><span class='ocrx_word' id='word_1_64' title='bbox 219 1144 560 1210; x_wconf 81' lang='lat' dir='ltr'><strong>nonnullis</strong></span> <span class='ocrx_word' id='word_1_65' title='bbox 619 1148 853 1212; x_wconf 86' lang='lat' dir='ltr'><strong>merito</strong></span> <span class='ocrx_word' id='word_1_66' title='bbox 914 1146 1256 1232; x_wconf 78' lang='lat' dir='ltr'><strong>Euripides</strong></span> <span class='ocrx_word' id='word_1_67' title='bbox 1318 1134 1780 1235; x_wconf 78' lang='lat' dir='ltr'><strong>Anaxagoreus</strong></span> <span class='ocrx_word' id='word_1_68' title='bbox 1842 1148 2111 1229; x_wconf 86' lang='lat' dir='ltr'><strong>dicatur,</strong></span> <span class='ocrx_word' id='word_1_69' title='bbox 2172 1154 2239 1217; x_wconf 88' lang='lat' dir='ltr'><strong>in</strong></span> <span class='ocrx_word' id='word_1_70' title='bbox 2302 1152 2423 1219; x_wconf 85' lang='lat' dir='ltr'><strong>hac</strong></span> <span class='ocrx_word' id='word_1_71' title='bbox 2478 1174 2545 1219; x_wconf 86' lang='lat' dir='ltr'><strong>re</strong></span> <span class='ocrx_word' id='word_1_72' title='bbox 2596 1174 2633 1219; x_wconf 89' lang='lat' dir='ltr'><strong>a</strong></span> 
     </span>
     <span class='ocr_line' id='line_1_9' title="bbox 219 1252 2635 1341; baseline 0.003 -24"><span class='ocrx_word' id='word_1_73' title='bbox 219 1257 640 1337; x_wconf 79' lang='lat' dir='ltr'><strong>praeceptore</strong></span> <span class='ocrx_word' id='word_1_74' title='bbox 699 1252 994 1319; x_wconf 88' lang='lat' dir='ltr'><strong>declinat.</strong></span> <span class='ocrx_word' id='word_1_75' title='bbox 1059 1253 1159 1318; x_wconf 86' lang='lat' dir='ltr'><strong>Ita</strong></span> <span class='ocrx_word' id='word_1_76' title='bbox 1219 1259 1295 1319; x_wconf 84' lang='lat' dir='ltr'><strong>ut</strong></span> <span class='ocrx_word' id='word_1_77' title='bbox 1355 1254 1677 1341; x_wconf 81' lang='lat' dir='ltr'><strong>Diogenes</strong></span> <span class='ocrx_word' id='word_1_78' title='bbox 1722 1255 2161 1341; x_wconf 78' lang='lat' dir='ltr'><strong>Apolloniates</strong></span> <span class='ocrx_word' id='word_1_79' title='bbox 2208 1262 2373 1323; x_wconf 83' lang='grc' dir='ltr'><strong>Νοῦν</strong></span> <span class='ocrx_word' id='word_1_80' title='bbox 2418 1260 2635 1325; x_wconf 90' lang='lat' dir='ltr'><strong>inhae-</strong></span> 
     </span>
     <span class='ocr_line' id='line_1_10' title="bbox 220 1360 2633 1447; baseline 0.004 -25"><span class='ocrx_word' id='word_1_81' title='bbox 220 1365 482 1425; x_wconf 82' lang='lat' dir='ltr'><strong>rentem</strong></span> <span class='ocrx_word' id='word_1_82' title='bbox 519 1366 586 1425; x_wconf 90' lang='lat' dir='ltr'><strong>et</strong></span> <span class='ocrx_word' id='word_1_83' title='bbox 623 1360 868 1425; x_wconf 86' lang='lat' dir='ltr'><strong>aetheri</strong></span> <span class='ocrx_word' id='word_1_84' title='bbox 907 1365 972 1426; x_wconf 87' lang='lat' dir='ltr'><strong>et</strong></span> <span class='ocrx_word' id='word_1_85' title='bbox 1011 1360 1381 1426; x_wconf 88' lang='lat' dir='ltr'><strong>hominibus</strong></span> <span class='ocrx_word' id='word_1_86' title='bbox 1418 1362 1790 1447; x_wconf 78' lang='lat' dir='ltr'><strong>accipiebat.</strong></span> <span class='ocrx_word' id='word_1_87' title='bbox 1843 1362 2206 1429; x_wconf 82' lang='lat' dir='ltr'><strong>Heraclitea</strong></span> <span class='ocrx_word' id='word_1_88' title='bbox 2240 1365 2345 1431; x_wconf 86' lang='lat' dir='ltr'><strong>hic</strong></span> <span class='ocrx_word' id='word_1_89' title='bbox 2384 1366 2633 1431; x_wconf 84' lang='lat' dir='ltr'><strong>Anaxa-</strong></span> 
     </span>
     <span class='ocr_line' id='line_1_11' title="bbox 223 1466 2633 1551; baseline 0.002 -21"><span class='ocrx_word' id='word_1_90' title='bbox 223 1467 450 1551; x_wconf 87' lang='lat' dir='ltr'><strong>goreis</strong></span> <span class='ocrx_word' id='word_1_91' title='bbox 511 1466 963 1532; x_wconf 78' lang='lat' dir='ltr'><strong>admiscentur.</strong></span> <span class='ocrx_word' id='word_1_92' title='bbox 1025 1466 1098 1533; x_wconf 90' lang='lat' dir='ltr'><strong>Id</strong></span> <span class='ocrx_word' id='word_1_93' title='bbox 1161 1468 1432 1533; x_wconf 86' lang='lat' dir='ltr'><strong>fortasse</strong></span> <span class='ocrx_word' id='word_1_94' title='bbox 1483 1470 1699 1533; x_wconf 83' lang='lat' dir='ltr'><strong>innuit</strong></span> <span class='ocrx_word' id='word_1_95' title='bbox 1746 1468 2015 1535; x_wconf 89' lang='lat' dir='ltr'><strong>Hecuba</strong></span> <span class='ocrx_word' id='word_1_96' title='bbox 2060 1492 2207 1536; x_wconf 89' lang='lat' dir='ltr'><strong>cum</strong></span> <span class='ocrx_word' id='word_1_97' title='bbox 2256 1470 2450 1537; x_wconf 90' lang='lat' dir='ltr'><strong>deum</strong></span> <span class='ocrx_word' id='word_1_98' title='bbox 2500 1477 2633 1537; x_wconf 80' lang='grc' dir='ltr'><strong><em>νοῦν</em></strong></span> 
     </span>
     <span class='ocr_line' id='line_1_12' title="bbox 225 1570 2633 1665; baseline 0.004 -30"><span class='ocrx_word' id='word_1_99' title='bbox 225 1570 468 1649; x_wconf 76' lang='grc' dir='ltr'><strong><em>βροτῶν</em></strong></span> <span class='ocrx_word' id='word_1_100' title='bbox 531 1572 706 1639; x_wconf 83' lang='lat' dir='ltr'><strong>dicit.</strong></span> <span class='ocrx_word' id='word_1_101' title='bbox 768 1573 934 1640; x_wconf 83' lang='lat' dir='ltr'><strong>Sane</strong></span> <span class='ocrx_word' id='word_1_102' title='bbox 993 1574 1190 1640; x_wconf 88' lang='lat' dir='ltr'><strong>deum</strong></span> <span class='ocrx_word' id='word_1_103' title='bbox 1249 1573 1618 1661; x_wconf 85' lang='lat' dir='ltr'><strong>praeditum</strong></span> <span class='ocrx_word' id='word_1_104' title='bbox 1682 1594 1819 1641; x_wconf 84' lang='lat' dir='ltr'><strong>esse</strong></span> <span class='ocrx_word' id='word_1_105' title='bbox 1882 1577 2071 1653; x_wconf 66' lang='grc' dir='ltr'><strong><em>λόγου</em></strong></span> <span class='ocrx_word' id='word_1_106' title='bbox 2118 1580 2187 1643; x_wconf 80' lang='lat' dir='ltr'><strong>vi</strong></span> <span class='ocrx_word' id='word_1_107' title='bbox 2234 1578 2455 1644; x_wconf 87' lang='lat' dir='ltr'><strong>eadem</strong></span> <span class='ocrx_word' id='word_1_108' title='bbox 2506 1600 2633 1665; x_wconf 88' lang='lat' dir='ltr'><strong>qua</strong></span> 
     </span>
     <span class='ocr_line' id='line_1_13' title="bbox 225 1676 2631 1769; baseline 0.005 -29"><span class='ocrx_word' id='word_1_109' title='bbox 225 1676 532 1744; x_wconf 78' lang='lat' dir='ltr'><strong>homines</strong></span> <span class='ocrx_word' id='word_1_110' title='bbox 569 1682 855 1766; x_wconf 79' lang='lat' dir='ltr'><strong>cogitent</strong></span> <span class='ocrx_word' id='word_1_111' title='bbox 895 1681 1267 1766; x_wconf 77' lang='lat' dir='ltr'><strong>vivantque,</strong></span> <span class='ocrx_word' id='word_1_112' title='bbox 1309 1681 1578 1767; x_wconf 87' lang='lat' dir='ltr'><strong>putabat</strong></span> <span class='ocrx_word' id='word_1_113' title='bbox 1601 1678 1717 1747; x_wconf 89' lang='lat' dir='ltr'><strong>ille</strong></span> <span class='ocrx_word' id='word_1_114' title='bbox 1742 1684 1854 1766; x_wconf 91' lang='lat' dir='ltr'><strong>qui</strong></span> <span class='ocrx_word' id='word_1_115' title='bbox 1878 1686 2321 1769; x_wconf 85' lang='lat' dir='ltr'><strong>pronuntiavit</strong></span> <span class='ocrx_word' id='word_1_116' title='bbox 2345 1686 2422 1751; x_wconf 85' lang='lat' dir='ltr'><strong>fr.</strong></span> <span class='ocrx_word' id='word_1_117' title='bbox 2454 1684 2631 1751; x_wconf 89' lang='grc'>1018</span> 
     </span>
    </p>

    <p class='ocr_par' dir='ltr' id='par_1_3' title="bbox 229 1786 2634 2385">
     <span class='ocr_line' id='line_1_14' title="bbox 602 1786 2024 1869; baseline 0.004 -20"><span class='ocrx_word' id='word_1_118' title='bbox 602 1786 630 1849; x_wconf 78' lang='grc' dir='ltr'><em>ὃ</em></span> <span class='ocrx_word' id='word_1_119' title='bbox 679 1790 808 1859; x_wconf 79' lang='grc' dir='ltr'><strong><em>νοῦς</em></strong></span> <span class='ocrx_word' id='word_1_120' title='bbox 856 1786 984 1867; x_wconf 73' lang='grc' dir='ltr'><strong>γὰρ</strong></span> <span class='ocrx_word' id='word_1_121' title='bbox 1033 1788 1200 1864; x_wconf 69' lang='grc' dir='ltr'><strong><em>ήμῶν</em></strong></span> <span class='ocrx_word' id='word_1_122' title='bbox 1247 1788 1411 1851; x_wconf 71' lang='grc' dir='ltr'><strong><em>ἔστιν</em></strong></span> <span class='ocrx_word' id='word_1_123' title='bbox 1459 1790 1520 1851; x_wconf 66' lang='grc' dir='ltr'><strong>ἐν</strong></span> <span class='ocrx_word' id='word_1_124' title='bbox 1569 1786 1811 1869; x_wconf 76' lang='grc' dir='ltr'><strong><em>ἑκάστῳ</em></strong></span> <span class='ocrx_word' id='word_1_125' title='bbox 1860 1788 2024 1869; x_wconf 75' lang='grc' dir='ltr'><strong><em>θεός,</em></strong></span> 
     </span>
     <span class='ocr_line' id='line_1_15' title="bbox 229 1891 2631 1982; baseline 0.005 -27"><span class='ocrx_word' id='word_1_126' title='bbox 229 1891 435 1975; x_wconf 89' lang='lat' dir='ltr'><strong>(quod</strong></span> <span class='ocrx_word' id='word_1_127' title='bbox 484 1912 564 1956; x_wconf 84' lang='lat' dir='ltr'><strong>ex</strong></span> <span class='ocrx_word' id='word_1_128' title='bbox 611 1894 814 1978; x_wconf 88' lang='lat' dir='ltr'><strong>ipsius</strong></span> <span class='ocrx_word' id='word_1_129' title='bbox 861 1899 1084 1980; x_wconf 90' lang='lat' dir='ltr'><strong>poetae</strong></span> <span class='ocrx_word' id='word_1_130' title='bbox 1131 1900 1348 1959; x_wconf 90' lang='lat' dir='ltr'><strong>mente</strong></span> <span class='ocrx_word' id='word_1_131' title='bbox 1396 1897 1639 1980; x_wconf 90' lang='lat' dir='ltr'><strong>optime</strong></span> <span class='ocrx_word' id='word_1_132' title='bbox 1684 1898 2147 1982; x_wconf 88' lang='lat' dir='ltr'><strong>interpretatur</strong></span> <span class='ocrx_word' id='word_1_133' title='bbox 2184 1894 2403 1965; x_wconf 86' lang='lat' dir='ltr'><strong>Cicero</strong></span> <span class='ocrx_word' id='word_1_134' title='bbox 2442 1898 2631 1969; x_wconf 81' lang='lat' dir='ltr'><strong>Tusc.</strong></span> 
     </span>
     <span class='ocr_line' id='line_1_16' title="bbox 230 1995 2633 2088; baseline 0.005 -27"><span class='ocrx_word' id='word_1_135' title='bbox 230 1995 261 2061; x_wconf 94' lang='grc' dir='ltr'>Ι</span> <span class='ocrx_word' id='word_1_136' title='bbox 309 1996 427 2064; x_wconf 85' lang='grc'><strong>26.</strong></span> <span class='ocrx_word' id='word_1_137' title='bbox 453 1996 580 2064; x_wconf 81' lang='lat'><strong>25:</strong></span> <span class='ocrx_word' id='word_1_138' title='bbox 645 2000 702 2064; x_wconf 86' lang='lat' dir='ltr'><strong>si</strong></span> <span class='ocrx_word' id='word_1_139' title='bbox 764 1998 922 2065; x_wconf 87' lang='lat' dir='ltr'><strong>deus</strong></span> <span class='ocrx_word' id='word_1_140' title='bbox 983 2006 1096 2065; x_wconf 89' lang='lat' dir='ltr'><strong>aut</strong></span> <span class='ocrx_word' id='word_1_141' title='bbox 1157 2002 1370 2065; x_wconf 90' lang='lat' dir='ltr'><strong>anima</strong></span> <span class='ocrx_word' id='word_1_142' title='bbox 1433 2006 1531 2066; x_wconf 87' lang='lat' dir='ltr'><strong>est</strong></span> <span class='ocrx_word' id='word_1_143' title='bbox 1591 2006 1705 2066; x_wconf 86' lang='lat' dir='ltr'><strong>aut</strong></span> <span class='ocrx_word' id='word_1_144' title='bbox 1744 2004 1961 2088; x_wconf 83' lang='lat' dir='ltr'><strong>ignis,</strong></span> <span class='ocrx_word' id='word_1_145' title='bbox 2010 2002 2182 2069; x_wconf 90' lang='lat' dir='ltr'><strong>idem</strong></span> <span class='ocrx_word' id='word_1_146' title='bbox 2231 2011 2329 2071; x_wconf 90' lang='lat' dir='ltr'><strong>est</strong></span> <span class='ocrx_word' id='word_1_147' title='bbox 2374 2010 2633 2072; x_wconf 85' lang='lat' dir='ltr'><strong>animus</strong></span> 
     </span>
     <span class='ocr_line' id='line_1_17' title="bbox 231 2103 2633 2195; baseline 0.004 -27"><span class='ocrx_word' id='word_1_148' title='bbox 231 2103 522 2170; x_wconf 84' lang='lat' dir='ltr'><strong>hominis</strong></span> <span class='ocrx_word' id='word_1_149' title='bbox 567 2112 747 2186; x_wconf 87' lang='lat' dir='ltr'><strong>etc.);</strong></span> <span class='ocrx_word' id='word_1_150' title='bbox 797 2106 919 2172; x_wconf 91' lang='lat' dir='ltr'><strong>hoc</strong></span> <span class='ocrx_word' id='word_1_151' title='bbox 965 2112 1065 2172; x_wconf 89' lang='lat' dir='ltr'><strong>est</strong></span> <span class='ocrx_word' id='word_1_152' title='bbox 1103 2107 1274 2192; x_wconf 91' lang='lat' dir='ltr'><strong>quod</strong></span> <span class='ocrx_word' id='word_1_153' title='bbox 1311 2106 1612 2173; x_wconf 84' lang='lat' dir='ltr'><strong>disertius</strong></span> <span class='ocrx_word' id='word_1_154' title='bbox 1654 2107 1973 2195; x_wconf 88' lang='lat' dir='ltr'><strong>significat</strong></span> <span class='ocrx_word' id='word_1_155' title='bbox 2013 2108 2347 2191; x_wconf 82' lang='lat' dir='ltr'><strong>Theonoe,</strong></span> <span class='ocrx_word' id='word_1_156' title='bbox 2400 2111 2633 2179; x_wconf 87' lang='lat' dir='ltr'><strong>mulier</strong></span> 
     </span>
     <span class='ocr_line' id='line_1_18' title="bbox 231 2212 2634 2298; baseline 0.004 -23"><span class='ocrx_word' id='word_1_157' title='bbox 231 2212 325 2275; x_wconf 85' lang='lat' dir='ltr'><strong>rei</strong></span> <span class='ocrx_word' id='word_1_158' title='bbox 403 2212 656 2277; x_wconf 85' lang='lat' dir='ltr'><strong>divinae</strong></span> <span class='ocrx_word' id='word_1_159' title='bbox 723 2214 1118 2298; x_wconf 88' lang='lat' dir='ltr'><strong>peritissima</strong></span> <span class='ocrx_word' id='word_1_160' title='bbox 1185 2215 1256 2277; x_wconf 90' lang='lat' dir='ltr'><strong>in</strong></span> <span class='ocrx_word' id='word_1_161' title='bbox 1319 2213 1468 2284; x_wconf 90' lang='lat' dir='ltr'><strong>Hel.</strong></span> <span class='ocrx_word' id='word_1_162' title='bbox 1533 2236 1631 2281; x_wconf 79' lang='lat' dir='ltr'><strong>vs.</strong></span> <span class='ocrx_word' id='word_1_163' title='bbox 1687 2213 1861 2281; x_wconf 87' lang='lat'>1014</span> <span class='ocrx_word' id='word_1_164' title='bbox 1910 2252 1995 2265; x_wconf 92' lang='lat'><strong>—-</strong></span> <span class='ocrx_word' id='word_1_165' title='bbox 2042 2218 2336 2283; x_wconf 85' lang='lat' dir='ltr'><strong>versibus</strong></span> <span class='ocrx_word' id='word_1_166' title='bbox 2394 2222 2634 2286; x_wconf 83' lang='lat' dir='ltr'><strong>iniuria</strong></span> 
     </span>
     <span class='ocr_line' id='line_1_19' title="bbox 235 2315 936 2385; baseline 0.007 -6"><span class='ocrx_word' id='word_1_167' title='bbox 235 2315 432 2384; x_wconf 85' lang='lat' dir='ltr'><strong>hodie</strong></span> <span class='ocrx_word' id='word_1_168' title='bbox 479 2318 801 2385; x_wconf 80' lang='lat' dir='ltr'><strong>damnatis</strong></span> <span class='ocrx_word' id='word_1_169' title='bbox 851 2355 936 2367; x_wconf 89' lang='lat'><strong>—-</strong></span> 
     </span>
    </p>

    <p class='ocr_par' dir='ltr' id='par_1_4' title="bbox 1967 2428 2178 2503">
     <span class='ocr_line' id='line_1_20' title="bbox 1967 2428 2178 2503; baseline 0.009 -10"><span class='ocrx_word' id='word_1_170' title='bbox 1967 2428 1995 2493; x_wconf 79' lang='grc' dir='ltr'><em>ὃ</em></span> <span class='ocrx_word' id='word_1_171' title='bbox 2044 2434 2178 2503; x_wconf 83' lang='grc' dir='ltr'><strong><em>νοῦς</em></strong></span> 
     </span>
    </p>

    <p class='ocr_par' dir='ltr' id='par_1_5' title="bbox 605 2531 2200 2620">
     <span class='ocr_line' id='line_1_21' title="bbox 605 2531 2200 2620; baseline 0.003 -22"><span class='ocrx_word' id='word_1_172' title='bbox 605 2539 722 2598; x_wconf 77' lang='grc' dir='ltr'><strong>τῶν</strong></span> <span class='ocrx_word' id='word_1_173' title='bbox 771 2531 1192 2598; x_wconf 72' lang='grc' dir='ltr'><strong><em>κατθανόντων</em></strong></span> <span class='ocrx_word' id='word_1_174' title='bbox 1237 2532 1311 2616; x_wconf 70' lang='grc' dir='ltr'><strong>ζῇ</strong></span> <span class='ocrx_word' id='word_1_175' title='bbox 1361 2534 1472 2610; x_wconf 76' lang='grc' dir='ltr'><strong>μὲν</strong></span> <span class='ocrx_word' id='word_1_176' title='bbox 1521 2531 1612 2612; x_wconf 73' lang='grc' dir='ltr'><strong>οὗ,</strong></span> <span class='ocrx_word' id='word_1_177' title='bbox 1664 2536 1911 2614; x_wconf 71' lang='grc' dir='ltr'><strong><em>γνώμην</em></strong></span> <span class='ocrx_word' id='word_1_178' title='bbox 1962 2534 2015 2599; x_wconf 77' lang='grc' dir='ltr'><strong>δ’</strong></span> <span class='ocrx_word' id='word_1_179' title='bbox 2064 2535 2200 2620; x_wconf 79' lang='grc' dir='ltr'><strong>ἔχει</strong></span> 
     </span>
    </p>

    <p class='ocr_par' dir='ltr' id='par_1_6' title="bbox 607 2641 2013 2718">
     <span class='ocr_line' id='line_1_22' title="bbox 607 2641 2013 2718; baseline 0.003 -14"><span class='ocrx_word' id='word_1_180' title='bbox 607 2641 932 2717; x_wconf 74' lang='grc' dir='ltr'><strong><em>α’θάνατον,</em></strong></span> <span class='ocrx_word' id='word_1_181' title='bbox 984 2641 1072 2713; x_wconf 75' lang='grc' dir='ltr'><strong>εἷς</strong></span> <span class='ocrx_word' id='word_1_182' title='bbox 1117 2641 1422 2706; x_wconf 74' lang='grc' dir='ltr'><strong><em>ἀθάνατον</em></strong></span> <span class='ocrx_word' id='word_1_183' title='bbox 1473 2641 1659 2718; x_wconf 76' lang='grc' dir='ltr'><strong><em>αἰθέρ’</em></strong></span> <span class='ocrx_word' id='word_1_184' title='bbox 1708 2641 2013 2716; x_wconf 72' lang='grc' dir='ltr'><strong><em>ἐμπεσών.</em></strong></span> 
     </span>
    </p>

    <p class='ocr_par' dir='ltr' id='par_1_7' title="bbox 239 2745 2633 3152">
     <span class='ocr_line' id='line_1_23' title="bbox 329 2745 2630 2836; baseline 0.003 -26"><span class='ocrx_word' id='word_1_185' title='bbox 329 2745 456 2811; x_wconf 83' lang='lat' dir='ltr'><strong>Sed</strong></span> <span class='ocrx_word' id='word_1_186' title='bbox 515 2745 592 2812; x_wconf 90' lang='lat' dir='ltr'><strong>de</strong></span> <span class='ocrx_word' id='word_1_187' title='bbox 648 2751 756 2812; x_wconf 84' lang='lat' dir='ltr'><strong>via</strong></span> <span class='ocrx_word' id='word_1_188' title='bbox 802 2748 1090 2813; x_wconf 88' lang='lat' dir='ltr'><strong>aberrare</strong></span> <span class='ocrx_word' id='word_1_189' title='bbox 1137 2747 1362 2812; x_wconf 84' lang='lat' dir='ltr'><strong>videor</strong></span> <span class='ocrx_word' id='word_1_190' title='bbox 1407 2755 1474 2813; x_wconf 89' lang='lat' dir='ltr'><strong>et</strong></span> <span class='ocrx_word' id='word_1_191' title='bbox 1523 2755 1728 2814; x_wconf 91' lang='lat' dir='ltr'><strong>totam</strong></span> <span class='ocrx_word' id='word_1_192' title='bbox 1776 2749 2189 2834; x_wconf 70' lang='lat' dir='ltr'><strong>Euripideum</strong></span> <span class='ocrx_word' id='word_1_193' title='bbox 2236 2749 2630 2836; x_wconf 87' lang='lat' dir='ltr'><strong>theologiam</strong></span> 
     </span>
     <span class='ocr_line' id='line_1_24' title="bbox 240 2853 2632 2942; baseline 0.001 -26"><span class='ocrx_word' id='word_1_194' title='bbox 240 2873 554 2940; x_wconf 82' lang='lat' dir='ltr'><strong>exponere</strong></span> <span class='ocrx_word' id='word_1_195' title='bbox 598 2853 790 2922; x_wconf 84' lang='lat' dir='ltr'><strong>velle.</strong></span> <span class='ocrx_word' id='word_1_196' title='bbox 837 2853 978 2920; x_wconf 88' lang='lat' dir='ltr'><strong>Non</strong></span> <span class='ocrx_word' id='word_1_197' title='bbox 1028 2854 1392 2920; x_wconf 88' lang='lat' dir='ltr'><strong>inconsulto</strong></span> <span class='ocrx_word' id='word_1_198' title='bbox 1442 2855 1753 2921; x_wconf 86' lang='lat' dir='ltr'><strong>aberravi.</strong></span> <span class='ocrx_word' id='word_1_199' title='bbox 1805 2855 2065 2921; x_wconf 82' lang='lat' dir='ltr'><strong>Scilicet</strong></span> <span class='ocrx_word' id='word_1_200' title='bbox 2112 2859 2291 2942; x_wconf 88' lang='lat' dir='ltr'><strong>prius</strong></span> <span class='ocrx_word' id='word_1_201' title='bbox 2338 2863 2632 2922; x_wconf 86' lang='lat' dir='ltr'><strong>nostrum.</strong></span> 
     </span>
     <span class='ocr_line' id='line_1_25' title="bbox 239 2959 2633 3050; baseline 0.002 -27"><span class='ocrx_word' id='word_1_202' title='bbox 239 2959 682 3047; x_wconf 83' lang='lat' dir='ltr'><strong>fragmentum</strong></span> <span class='ocrx_word' id='word_1_203' title='bbox 751 2963 816 3025; x_wconf 91' lang='lat' dir='ltr'><strong>in</strong></span> <span class='ocrx_word' id='word_1_204' title='bbox 888 2983 1014 3047; x_wconf 92' lang='lat' dir='ltr'><strong>quo</strong></span> <span class='ocrx_word' id='word_1_205' title='bbox 1083 2969 1271 3048; x_wconf 84' lang='lat' dir='ltr'><strong>poeta</strong></span> <span class='ocrx_word' id='word_1_206' title='bbox 1340 2964 1833 3050; x_wconf 84' lang='lat' dir='ltr'><strong>Anaxagoreum</strong></span> <span class='ocrx_word' id='word_1_207' title='bbox 1902 2963 2055 3028; x_wconf 77' lang='grc' dir='ltr'><strong><em>δῖνον</em></strong></span> <span class='ocrx_word' id='word_1_208' title='bbox 2118 2984 2244 3028; x_wconf 91' lang='lat' dir='ltr'><strong>non</strong></span> <span class='ocrx_word' id='word_1_209' title='bbox 2310 2963 2633 3049; x_wconf 84' lang='lat' dir='ltr'><strong>praedicat</strong></span> 
     </span>
     <span class='ocr_line' id='line_1_26' title="bbox 241 3067 2629 3152; baseline 0.002 -21"><span class='ocrx_word' id='word_1_210' title='bbox 241 3067 501 3152; x_wconf 89' lang='lat' dir='ltr'><strong>quidem</strong></span> <span class='ocrx_word' id='word_1_211' title='bbox 563 3067 674 3133; x_wconf 88' lang='lat' dir='ltr'><strong>sed</strong></span> <span class='ocrx_word' id='word_1_212' title='bbox 725 3069 984 3134; x_wconf 89' lang='lat' dir='ltr'><strong>nomine</strong></span> <span class='ocrx_word' id='word_1_213' title='bbox 1029 3073 1222 3134; x_wconf 79' lang='lat' dir='ltr'><strong>¹tenus</strong></span> <span class='ocrx_word' id='word_1_214' title='bbox 1287 3069 1641 3135; x_wconf 89' lang='lat' dir='ltr'><strong>secundum</strong></span> <span class='ocrx_word' id='word_1_215' title='bbox 1694 3091 1938 3135; x_wconf 90' lang='lat' dir='ltr'><strong>morem</strong></span> <span class='ocrx_word' id='word_1_216' title='bbox 1992 3091 2185 3136; x_wconf 89' lang='lat' dir='ltr'><strong>suum</strong></span> <span class='ocrx_word' id='word_1_217' title='bbox 2239 3071 2345 3152; x_wconf 86' lang='lat' dir='ltr'><strong>(cf.</strong></span> <span class='ocrx_word' id='word_1_218' title='bbox 2406 3069 2629 3136; x_wconf 85' lang='lat' dir='ltr'><strong>Cadm.</strong></span> 
     </span>
    </p>
   </div>
   <div class='ocr_carea' id='block_1_3' title="bbox 242 3170 2633 3256">
    <p class='ocr_par' dir='ltr' id='par_1_8' title="bbox 242 3170 2633 3256">
     <span class='ocr_line' id='line_1_27' title="bbox 242 3170 2633 3256; baseline 0.003 -21"><span class='ocrx_word' id='word_1_219' title='bbox 242 3172 317 3236; x_wconf 83' lang='lat' dir='ltr'><strong>fr.</strong></span> <span class='ocrx_word' id='word_1_220' title='bbox 361 3170 538 3238; x_wconf 80' lang='lat'>448?</span> <span class='ocrx_word' id='word_1_221' title='bbox 576 3173 714 3239; x_wconf 84' lang='lat' dir='ltr'><strong>Alc.</strong></span> <span class='ocrx_word' id='word_1_222' title='bbox 757 3195 850 3240; x_wconf 84' lang='lat' dir='ltr'><strong>vs.</strong></span> <span class='ocrx_word' id='word_1_223' title='bbox 880 3174 1033 3239; x_wconf 83' lang='lat'><strong>245.</strong></span> <span class='ocrx_word' id='word_1_224' title='bbox 1075 3174 1182 3240; x_wconf 89' lang='lat' dir='ltr'><strong>Or.</strong></span> <span class='ocrx_word' id='word_1_225' title='bbox 1209 3173 1370 3256; x_wconf 82' lang='lat'>982&gt;</span> <span class='ocrx_word' id='word_1_226' title='bbox 1407 3178 1728 3254; x_wconf 83' lang='lat' dir='ltr'><strong>imitatur,</strong></span> <span class='ocrx_word' id='word_1_227' title='bbox 1770 3176 1925 3241; x_wconf 90' lang='lat' dir='ltr'><strong>dum</strong></span> <span class='ocrx_word' id='word_1_228' title='bbox 1969 3176 2166 3242; x_wconf 91' lang='lat' dir='ltr'><strong>simul</strong></span> <span class='ocrx_word' id='word_1_229' title='bbox 2191 3175 2633 3243; x_wconf 88' lang='lat' dir='ltr'><strong>Heracliteum</strong></span> 
     </span>
    </p>
   </div>
   <div class='ocr_carea' id='block_1_4' title="bbox 245 3280 2637 3372">
    <p class='ocr_par' dir='ltr' id='par_1_9' title="bbox 245 3280 2637 3372">
     <span class='ocr_line' id='line_1_28' title="bbox 245 3280 2637 3372; baseline 0.002 -28"><span class='ocrx_word' id='word_1_230' title='bbox 245 3280 396 3364; x_wconf 91' lang='lat' dir='ltr'><strong>quid</strong></span> <span class='ocrx_word' id='word_1_231' title='bbox 438 3282 740 3346; x_wconf 86' lang='lat' dir='ltr'><strong>inmiscet</strong></span> <span class='ocrx_word' id='word_1_232' title='bbox 785 3301 934 3346; x_wconf 90' lang='lat' dir='ltr'><strong>cum</strong></span> <span class='ocrx_word' id='word_1_233' title='bbox 985 3281 1176 3346; x_wconf 89' lang='lat' dir='ltr'><strong>deum</strong></span> <span class='ocrx_word' id='word_1_234' title='bbox 1226 3302 1304 3347; x_wconf 86' lang='lat' dir='ltr'><strong>ex</strong></span> <span class='ocrx_word' id='word_1_235' title='bbox 1349 3302 1416 3346; x_wconf 89' lang='lat' dir='ltr'><strong>se</strong></span> <span class='ocrx_word' id='word_1_236' title='bbox 1454 3284 1592 3367; x_wconf 92' lang='lat' dir='ltr'><strong>ipso</strong></span> <span class='ocrx_word' id='word_1_237' title='bbox 1633 3289 2028 3368; x_wconf 85' lang='lat' dir='ltr'><strong>prognatum</strong></span> <span class='ocrx_word' id='word_1_238' title='bbox 2067 3289 2431 3370; x_wconf 88' lang='lat' dir='ltr'><strong>nuncupat,</strong></span> <span class='ocrx_word' id='word_1_239' title='bbox 2473 3284 2637 3372; x_wconf 83' lang='lat' dir='ltr'><strong>phy-</strong></span> 
     </span>
    </p>
   </div>
   <div class='ocr_carea' id='block_1_5' title="bbox 240 3387 2634 4550">
    <p class='ocr_par' dir='ltr' id='par_1_10' title="bbox 243 3387 2634 4004">
     <span class='ocr_line' id='line_1_29' title="bbox 245 3387 2632 3474; baseline 0.003 -23"><span class='ocrx_word' id='word_1_240' title='bbox 245 3389 438 3451; x_wconf 89' lang='lat' dir='ltr'><strong>sicam</strong></span> <span class='ocrx_word' id='word_1_241' title='bbox 497 3387 628 3452; x_wconf 88' lang='lat' dir='ltr'><strong>fere</strong></span> <span class='ocrx_word' id='word_1_242' title='bbox 675 3389 860 3452; x_wconf 88' lang='lat' dir='ltr'><strong>unice</strong></span> <span class='ocrx_word' id='word_1_243' title='bbox 907 3391 1152 3474; x_wconf 85' lang='lat' dir='ltr'><strong>tangit,</strong></span> <span class='ocrx_word' id='word_1_244' title='bbox 1205 3389 1498 3454; x_wconf 85' lang='lat' dir='ltr'><strong>terminis</strong></span> <span class='ocrx_word' id='word_1_245' title='bbox 1547 3394 1804 3468; x_wconf 87' lang='lat' dir='ltr'><strong>autem,</strong></span> <span class='ocrx_word' id='word_1_246' title='bbox 1856 3397 1931 3456; x_wconf 90' lang='lat' dir='ltr'><strong>ut</strong></span> <span class='ocrx_word' id='word_1_247' title='bbox 1976 3391 2395 3456; x_wconf 85' lang='lat' dir='ltr'><strong>conveniebat</strong></span> <span class='ocrx_word' id='word_1_248' title='bbox 2440 3391 2632 3457; x_wconf 89' lang='lat' dir='ltr'><strong>choro</strong></span> 
     </span>
     <span class='ocr_line' id='line_1_30' title="bbox 245 3495 2634 3584; baseline 0.001 -26"><span class='ocrx_word' id='word_1_249' title='bbox 245 3513 356 3558; x_wconf 88' lang='lat' dir='ltr'><strong>seu</strong></span> <span class='ocrx_word' id='word_1_250' title='bbox 415 3497 724 3580; x_wconf 80' lang='lat' dir='ltr'><strong>mystico,</strong></span> <span class='ocrx_word' id='word_1_251' title='bbox 789 3515 903 3560; x_wconf 88' lang='lat' dir='ltr'><strong>seu</strong></span> <span class='ocrx_word' id='word_1_252' title='bbox 958 3495 1360 3572; x_wconf 71' lang='grc' dir='ltr'><strong><em>ἐναγίσματα</em></strong></span> <span class='ocrx_word' id='word_1_253' title='bbox 1409 3496 1661 3574; x_wconf 87' lang='lat' dir='ltr'><strong>ferenti,</strong></span> <span class='ocrx_word' id='word_1_254' title='bbox 1710 3498 1923 3561; x_wconf 88' lang='lat' dir='ltr'><strong>utitur</strong></span> <span class='ocrx_word' id='word_1_255' title='bbox 1968 3497 2098 3563; x_wconf 86' lang='lat' dir='ltr'><strong>fere</strong></span> <span class='ocrx_word' id='word_1_256' title='bbox 2145 3499 2441 3584; x_wconf 82' lang='lat' dir='ltr'><strong>mysticis</strong></span> <span class='ocrx_word' id='word_1_257' title='bbox 2456 3517 2472 3575; x_wconf 90' lang='lat'>;</span> <span class='ocrx_word' id='word_1_258' title='bbox 2524 3521 2634 3561; x_wconf 77' lang='grc' dir='ltr'><strong>πυ-</strong></span> 
     </span>
     <span class='ocr_line' id='line_1_31' title="bbox 247 3600 2633 3689; baseline 0.003 -26"><span class='ocrx_word' id='word_1_259' title='bbox 247 3600 547 3682; x_wconf 72' lang='grc' dir='ltr'><strong><em>θαγορίζει</em></strong></span> <span class='ocrx_word' id='word_1_260' title='bbox 609 3601 843 3666; x_wconf 87' lang='lat' dir='ltr'><strong>chorus</strong></span> <span class='ocrx_word' id='word_1_261' title='bbox 900 3600 1013 3667; x_wconf 87' lang='lat' dir='ltr'><strong>ille</strong></span> <span class='ocrx_word' id='word_1_262' title='bbox 1073 3601 1179 3668; x_wconf 84' lang='lat' dir='ltr'><strong>vel</strong></span> <span class='ocrx_word' id='word_1_263' title='bbox 1244 3604 1298 3666; x_wconf 89' lang='lat' dir='ltr'><strong>si</strong></span> <span class='ocrx_word' id='word_1_264' title='bbox 1363 3605 1570 3668; x_wconf 87' lang='lat' dir='ltr'><strong>mavis</strong></span> <span class='ocrx_word' id='word_1_265' title='bbox 1632 3603 1866 3684; x_wconf 78' lang='grc' dir='ltr'><em>δρΦΙζει</em></span> <span class='ocrx_word' id='word_1_266' title='bbox 1929 3608 1995 3668; x_wconf 89' lang='lat' dir='ltr'><strong>et</strong></span> <span class='ocrx_word' id='word_1_267' title='bbox 2042 3610 2173 3681; x_wconf 89' lang='lat' dir='ltr'><strong>est,</strong></span> <span class='ocrx_word' id='word_1_268' title='bbox 2222 3604 2388 3689; x_wconf 91' lang='lat' dir='ltr'><strong>quod</strong></span> <span class='ocrx_word' id='word_1_269' title='bbox 2439 3604 2633 3669; x_wconf 86' lang='lat' dir='ltr'><strong>verbo</strong></span> 
     </span>
     <span class='ocr_line' id='line_1_32' title="bbox 243 3707 2634 3797; baseline 0.003 -27"><span class='ocrx_word' id='word_1_270' title='bbox 243 3708 373 3772; x_wconf 87' lang='lat' dir='ltr'><strong>iam</strong></span> <span class='ocrx_word' id='word_1_271' title='bbox 423 3709 642 3772; x_wconf 92' lang='lat' dir='ltr'><strong>monui</strong></span> <span class='ocrx_word' id='word_1_272' title='bbox 690 3727 916 3793; x_wconf 85' lang='lat' dir='ltr'><strong>supra,</strong></span> <span class='ocrx_word' id='word_1_273' title='bbox 958 3707 1398 3774; x_wconf 86' lang='lat' dir='ltr'><strong>memorab‘ilis</strong></span> <span class='ocrx_word' id='word_1_274' title='bbox 1446 3709 1760 3796; x_wconf 86' lang='lat' dir='ltr'><strong>quaedam</strong></span> <span class='ocrx_word' id='word_1_275' title='bbox 1808 3714 2227 3797; x_wconf 84' lang='lat' dir='ltr'><strong>congruentia</strong></span> <span class='ocrx_word' id='word_1_276' title='bbox 2272 3715 2634 3776; x_wconf 86' lang='lat' dir='ltr'><strong>nostrorum</strong></span> 
     </span>
     <span class='ocr_line' id='line_1_33' title="bbox 243 3812 2634 3901; baseline 0.002 -25"><span class='ocrx_word' id='word_1_277' title='bbox 243 3812 754 3900; x_wconf 87' lang='lat' dir='ltr'><strong>fragmentorum</strong></span> <span class='ocrx_word' id='word_1_278' title='bbox 803 3835 950 3878; x_wconf 88' lang='lat' dir='ltr'><strong>cum</strong></span> <span class='ocrx_word' id='word_1_279' title='bbox 999 3815 1245 3901; x_wconf 86' lang='lat' dir='ltr'><strong>hymno</strong></span> <span class='ocrx_word' id='word_1_280' title='bbox 1294 3813 1570 3901; x_wconf 87' lang='lat' dir='ltr'><strong>Orphico</strong></span> <span class='ocrx_word' id='word_1_281' title='bbox 1622 3816 1726 3881; x_wconf 82' lang='lat'><strong>12.</strong></span> <span class='ocrx_word' id='word_1_282' title='bbox 1756 3816 1795 3880; x_wconf 91' lang='grc'><strong>9</strong></span> <span class='ocrx_word' id='word_1_283' title='bbox 1847 3817 1959 3881; x_wconf 91' lang='lat' dir='ltr'><strong>ubi</strong></span> <span class='ocrx_word' id='word_1_284' title='bbox 2008 3815 2319 3881; x_wconf 86' lang='lat' dir='ltr'><strong>Hercules</strong></span> <span class='ocrx_word' id='word_1_285' title='bbox 2364 3814 2475 3881; x_wconf 92' lang='lat' dir='ltr'><strong>ille</strong></span> <span class='ocrx_word' id='word_1_286' title='bbox 2523 3815 2634 3881; x_wconf 89' lang='lat' dir='ltr'><strong>Or-</strong></span> 
     </span>
     <span class='ocr_line' id='line_1_34' title="bbox 247 3920 1125 4004; baseline 0.002 -20"><span class='ocrx_word' id='word_1_287' title='bbox 247 3920 585 4004; x_wconf 83' lang='lat' dir='ltr'><strong>phicorum</strong></span> <span class='ocrx_word' id='word_1_288' title='bbox 632 3922 727 3986; x_wconf 87' lang='lat' dir='ltr'><strong>ita</strong></span> <span class='ocrx_word' id='word_1_289' title='bbox 773 3920 1125 3986; x_wconf 84' lang='lat' dir='ltr'><strong>salutatur:</strong></span> 
     </span>
    </p>

    <p class='ocr_par' dir='ltr' id='par_1_11' title="bbox 609 4027 2300 4118">
     <span class='ocr_line' id='line_1_35' title="bbox 609 4027 2300 4118; baseline 0.001 -26"><span class='ocrx_word' id='word_1_290' title='bbox 609 4029 966 4106; x_wconf 75' lang='grc' dir='ltr'><strong><em>αὐτοφυής,</em></strong></span> <span class='ocrx_word' id='word_1_291' title='bbox 1017 4027 1318 4106; x_wconf 77' lang='grc' dir='ltr'><strong>άκάμας,</strong></span> <span class='ocrx_word' id='word_1_292' title='bbox 1367 4031 1552 4106; x_wconf 71' lang='grc' dir='ltr'><strong><em>γαίης</em></strong></span> <span class='ocrx_word' id='word_1_293' title='bbox 1602 4027 1963 4118; x_wconf 57' lang='grc' dir='ltr'><strong>βλάστημα</strong></span> <span class='ocrx_word' id='word_1_294' title='bbox 2014 4029 2300 4108; x_wconf 76' lang='grc' dir='ltr'><strong><em>Φέριστον</em></strong></span> 
     </span>
    </p>

    <p class='ocr_par' dir='ltr' id='par_1_12' title="bbox 609 4133 2416 4216">
     <span class='ocr_line' id='line_1_36' title="bbox 609 4133 2416 4216; baseline 0.001 -19"><span class='ocrx_word' id='word_1_295' title='bbox 609 4133 1004 4214; x_wconf 72' lang='grc' dir='ltr'><strong><em>πρωτογόνοις</em></strong></span> <span class='ocrx_word' id='word_1_296' title='bbox 1057 4136 1349 4214; x_wconf 78' lang='grc' dir='ltr'><strong>στράψας</strong></span> <span class='ocrx_word' id='word_1_297' title='bbox 1395 4136 1662 4214; x_wconf 77' lang='grc' dir='ltr'><strong><em>βολίσιν,</em></strong></span> <span class='ocrx_word' id='word_1_298' title='bbox 1712 4137 2131 4212; x_wconf 73' lang='grc' dir='ltr'><strong><em>μεγαλώνυμε</em></strong></span> <span class='ocrx_word' id='word_1_299' title='bbox 2181 4136 2416 4216; x_wconf 78' lang='grc' dir='ltr'><strong><em>δαῖμον,</em></strong></span> 
     </span>
    </p>

    <p class='ocr_par' dir='ltr' id='par_1_13' title="bbox 487 4238 2243 4321">
     <span class='ocr_line' id='line_1_37' title="bbox 487 4238 2243 4321; baseline 0.003 -17"><span class='ocrx_word' id='word_1_300' title='bbox 487 4267 500 4274; x_wconf 91' lang='grc'><em>·</em></span> <span class='ocrx_word' id='word_1_301' title='bbox 608 4238 668 4312; x_wconf 77' lang='grc' dir='ltr'><strong>ὃς</strong></span> <span class='ocrx_word' id='word_1_302' title='bbox 721 4243 852 4321; x_wconf 75' lang='grc' dir='ltr'><strong>περὶ</strong></span> <span class='ocrx_word' id='word_1_303' title='bbox 905 4241 1080 4320; x_wconf 75' lang='grc' dir='ltr'><strong><em>κρατὶ</em></strong></span> <span class='ocrx_word' id='word_1_304' title='bbox 1131 4250 1339 4321; x_wconf 82' lang='grc' dir='ltr'><strong><em>Φορεῖς</em></strong></span> <span class='ocrx_word' id='word_1_305' title='bbox 1387 4245 1468 4319; x_wconf 77' lang='grc' dir='ltr'><strong>ἠῶ</strong></span> <span class='ocrx_word' id='word_1_306' title='bbox 1520 4243 1622 4307; x_wconf 76' lang='grc' dir='ltr'><strong>καὶ</strong></span> <span class='ocrx_word' id='word_1_307' title='bbox 1674 4243 1864 4308; x_wconf 79' lang='grc' dir='ltr'><strong><em>νύκτα</em></strong></span> <span class='ocrx_word' id='word_1_308' title='bbox 1916 4243 2243 4320; x_wconf 76' lang='grc' dir='ltr'><strong><em>μέλαιναν.</em></strong></span> 
     </span>
    </p>

    <p class='ocr_par' dir='ltr' id='par_1_14' title="bbox 240 4335 2632 4550">
     <span class='ocr_line' id='line_1_38' title="bbox 247 4335 2632 4427; baseline 0.002 -15"><span class='ocrx_word' id='word_1_309' title='bbox 247 4349 562 4427; x_wconf 80' lang='lat' dir='ltr'><strong>Quorsum</strong></span> <span class='ocrx_word' id='word_1_310' title='bbox 611 4347 830 4412; x_wconf 83' lang='lat' dir='ltr'><strong>tendat</strong></span> <span class='ocrx_word' id='word_1_311' title='bbox 875 4349 1029 4413; x_wconf 87' lang='lat' dir='ltr'><strong>haec</strong></span> <span class='ocrx_word' id='word_1_312' title='bbox 1075 4351 1230 4414; x_wconf 85' lang='lat' dir='ltr'><strong>satis</strong></span> <span class='ocrx_word' id='word_1_313' title='bbox 1277 4335 1721 4416; x_wconf 85' lang='lat' dir='ltr'><strong>memorabilis</strong></span> <span class='ocrx_word' id='word_1_314' title='bbox 1762 4352 2203 4416; x_wconf 84' lang='lat' dir='ltr'><strong>convenientia</strong></span> <span class='ocrx_word' id='word_1_315' title='bbox 2249 4353 2357 4416; x_wconf 86' lang='lat' dir='ltr'><strong>vix</strong></span> <span class='ocrx_word' id='word_1_316' title='bbox 2410 4351 2632 4416; x_wconf 87' lang='lat' dir='ltr'><strong>obscu-</strong></span> 
     </span>
     <span class='ocr_line' id='line_1_39' title="bbox 240 4455 2629 4550; baseline 0.002 -30"><span class='ocrx_word' id='word_1_317' title='bbox 240 4475 401 4550; x_wconf 80' lang='lat' dir='ltr'><strong>rum.</strong></span> <span class='ocrx_word' id='word_1_318' title='bbox 457 4455 864 4541; x_wconf 82' lang='lat' dir='ltr'><strong>Pythagorea</strong></span> <span class='ocrx_word' id='word_1_319' title='bbox 909 4459 1002 4536; x_wconf 87' lang='lat' dir='ltr'><strong>(et</strong></span> <span class='ocrx_word' id='word_1_320' title='bbox 1049 4455 1478 4542; x_wconf 82' lang='lat' dir='ltr'><strong>Pherecydea)</strong></span> <span class='ocrx_word' id='word_1_321' title='bbox 1529 4459 1898 4544; x_wconf 85' lang='lat' dir='ltr'><strong>utriusque,</strong></span> <span class='ocrx_word' id='word_1_322' title='bbox 1952 4463 2086 4524; x_wconf 83' lang='lat' dir='ltr'><strong>tam</strong></span> <span class='ocrx_word' id='word_1_323' title='bbox 2137 4457 2399 4544; x_wconf 85' lang='lat' dir='ltr'><strong>Orphiei</strong></span> <span class='ocrx_word' id='word_1_324' title='bbox 2448 4456 2629 4524; x_wconf 89' lang='lat' dir='ltr'><strong>illius</strong></span> 
     </span>
    </p>
   </div>
  </div>
 </body>
</html>
