3246 5085
612 289 746 368 322
1655 319 1965 374 nonnus,

605 485 939 553 leratus
1000 490 1069 552 in
1131 509 1255 574 quo
1319 487 1525 555 scelus
1588 492 1676 556 sit
1740 493 2168 556 constitutum
2215 495 2331 556 aut
2375 492 2818 556 commissum.

606 594 703 675 (5)
772 593 1276 659 Scelerosus
1348 598 1668 662 accusatio
1742 617 2060 683 personae.
2205 595 2303 682 (6)
2373 596 2862 676 „Scelerosum”
2953 599 3034 660 in

606 695 952 778 Thaidem,
1006 701 1371 786 „impium”
1425 705 1494 767 in
1545 704 1890 787 virginem,

694 807 907 872 Schol.
973 806 1069 887 (3)
1136 807 1385 874 Donato
1453 830 1579 874 non
1642 810 1989 896 indignum
2054 816 2172 877 est.
2241 810 2614 896 Sequuntur
2662 813 3034 878 varietates

606 916 1101 1001 magistrorum,
1160 936 1193 981 e
1242 915 1476 1000 quibus
1523 916 1618 997 (4)
1667 915 1921 982 Editori
1969 917 2290 997 dederim,
2341 921 2526 984 cuius
2570 919 2720 984 vide
2767 921 3032 984 miram

602 1019 1015 1088 latinitatem.
1065 1021 1277 1088 Schol.
1326 1021 1425 1104 (6)
1472 1022 1702 1088 falsam
1751 1023 2174 1116 differentiam
2221 1025 2502 1091 exhibet.

696 1234 778 1301 IV
834 1235 1009 1302 '7243
1082 1236 1251 1303 Bene
1299 1243 1487 1324 putas

696 1342 794 1424 (3)
842 1342 982 1409 Hoc
1030 1349 1129 1409 est
1167 1350 1392 1410 recte
1433 1349 1621 1429 putas
1641 1393 1658 1423 ,
1697 1347 1879 1430 sapi
1900 1366 1930 1409 s
1973 1345 2076 1411 vel
2113 1343 2582 1432 intelligis.
2627 1345 3014 1432 Vergilius:

606 1449 859 1528 „multa
921 1457 1153 1536 putans
1200 1455 1565 1538 sortemque
1612 1453 1828 1517 animo
1877 1453 2222 1518 miseratur
2264 1451 2602 1539 iniquam’'
2649 1451 2764 1536 (VI
2813 1451 3019 1534 332).

607 1619 611 1622 ,
739 1557 835 1638 (4)
883 1555 999 1622 Vel
1047 1579 1080 1623 c
1098 1579 1133 1623 o
1152 1559 1391 1622 uicis.
1543 1556 1640 1640 (5)
1687 1556 1804 1622 Vel
1849 1557 2130 1644 „putas”
2179 1557 2220 1623 d
2237 1560 2262 1623 i
2280 1579 2366 1645 sp
2385 1580 2428 1624 u
2447 1565 2474 1624 t
2491 1579 2594 1623 as.
2733 1557 2830 1640 (6)
2883 1558 3019 1624 Vel

606 1663 881 1749 „putas”
930 1684 963 1728 c
982 1683 1082 1749 og
1098 1665 1123 1727 i
1142 1668 1170 1728 t
1187 1684 1224 1729 a
1242 1684 1296 1728 s.

692 1768 1012 1834 Similiter
1056 1774 1201 1855 post
1246 1768 1406 1835 Don.
1454 1769 1549 1852 (3)
1596 1768 1812 1856 plures
1858 1773 2159 1857 magistri
2207 1792 2324 1838 sua
2370 1770 2807 1857 protulerunt.

1471 2020 1559 2085 In
1606 2020 2138 2087 Phormione.

695 2203 871 2271 Prol.
921 2204 1008 2271 34
1077 2206 1467 2292 Bonitasque
1513 2210 1731 2273 nostra
1775 2206 2074 2272 adiutans
2121 2211 2314 2292 atque
2361 2209 2830 2292 aequanimitas

697 2312 795 2393 (1)
860 2313 1205 2390 „Bonitas”
1267 2316 1336 2378 in
1384 2314 1683 2378 omnibus
1729 2313 2120 2400 generaliter
2165 2315 2390 2394 rebus,
2444 2316 3015 2400 „aequanimitas”

604 2421 671 2483 in
720 2419 1078 2504 spectando.
1194 2418 1298 2484 Sic
1336 2439 1486 2484 sana
1523 2421 1766 2485 ratione
1807 2421 2113 2486 Donatus.
2153 2419 2530 2506 Sequuntur
2551 2423 2733 2488 haec:
2776 2423 2874 2504 (2)
2906 2425 3018 2488 An

609 2525 943 2605 „bonitas”
1009 2528 1077 2591 in
1138 2527 1495 2612 spectandis
1556 2527 1658 2592 his
1705 2550 1867 2613 quae
1915 2529 2078 2594 bona
2123 2526 2386 2612 su11t(!),
2445 2530 3016 2617 „aequanimitas”

601 2636 671 2697 in
716 2633 1121 2719 ignoscendis
1169 2635 1350 2699 vitiis
1398 2641 1588 2719 atque
1637 2632 1933 2700 delictis?
2071 2634 2166 2716 (3)
2217 2638 2317 2701 An
2363 2639 2749 2714 ταυτολογία
2797 2646 2918 2703 est.

603 2739 698 2821 (4)
740 2740 838 2804 An
881 2741 1215 2817 „bonitas”
1258 2742 1422 2805 circa
1465 2762 1716 2818 omnes,
1764 2741 2318 2827 „aequanimitas”
2347 2745 2514 2808 circa
2537 2741 2964 2809 Terentium?

694 2844 767 2909 In
830 2846 927 2928 (2)
988 2847 1524 2933 deprehendimus
1584 2846 1755 2913 male
1818 2868 2048 2913 sanum
2105 2869 2372 2913 acumen
2421 2855 2486 2915 et
2537 2850 3012 2917 verbositatem

600 2950 915 3030 Editoris,
964 2953 1149 3018 iuxta
1195 2974 1387 3038 quem
1435 2952 1644 3019 denuo
1693 2952 1819 3019 duo
1866 2956 2165 3040 magistri
2209 2955 2548 3041 prodeunt.

692 3165 724 3229 I
774 3168 833 3231 1.
865 3167 899 3230 1
972 3168 1237 3231 Amicus
1285 3187 1581 3233 summus
1631 3189 1814 3233 meus
1863 3174 1928 3234 et
1975 3168 2308 3256 popularis
2355 3168 2523 3237 Get-a

692 3272 787 3353 (6)
853 3272 1203 3349 „Amicus”
1264 3295 1301 3339 a
1344 3272 1678 3340 voluntate
1730 3274 2141 3360 „popularis”
2193 3297 2230 3341 a
2277 3277 2552 3343 fortuna.
2693 3275 2788 3360 (7)
2838 3278 3016 3357 „Po-

602 3376 886 3462 pularia”
953 3378 1242 3443 eiusdem
1307 3380 1691 3445 condicionis
1756 3384 2124 3466 gregisque.
2207 3380 2558 3447 Sallustius
2631 3383 3014 3470 „popularis

603 3481 857 3548 sceleris
918 3483 1063 3549 sui''
1111 3482 1279 3565 (Cat.
1332 3485 1440 3551 22.
1474 3486 1559 3567 1).
1703 3485 1810 3552 Sic
1859 3486 2182 3565 Donatus,
2234 3508 2270 3553 a
2319 3491 2504 3553 cuius
2553 3510 2704 3555 sana
2749 3489 3011 3576 simpli-

603 3592 795 3654 citate
858 3590 1006 3656 vide
1073 3589 1281 3656 denuo
1354 3598 1746 3677 quantopere
1815 3592 2055 3659 distent
2122 3596 2590 3678 magistrorum
2661 3598 3008 3662 conamina

602 3715 761 3781 quae
800 3702 1190 3781 sequuntur:
1232 3697 1327 3780 (8)
1368 3698 1455 3763 Et
1485 3698 1897 3785 „popularis”
1942 3700 2182 3785 populo
2208 3707 2461 3766 amatus
2485 3707 2600 3767 est.
2697 3700 2795 3781 (9)
2831 3702 3008 3778 „Po-

600 3801 885 3887 pularis”
934 3806 1095 3869 civis
1141 3810 1258 3869 est.
1398 3805 1539 3887 (10)
1593 3805 2014 3892 „Popularia”
2064 3806 2337 3871 humilis
2385 3812 2502 3874 est.
2641 3806 2783 3889 (11)
2833 3808 3008 3885 ,,Ρο-

598 3908 884 3995 pularis”
925 3910 1074 3976 vilis
1118 3908 1199 3997 <e
1217 3908 1290 3997 ?>
1335 3910 1700 3999 populoque
1745 3913 1952 3977 factus
1994 3918 2069 3976 ut
2101 3915 2154 3977 si
2181 3916 2326 3997 quis
2349 3913 2519 3979 dicat
2559 3913 3004 3980 sordidum

600 4015 1262 4103 popularemque
1310 4022 1605 4085 civem.
1747 4018 1843 4082 Ex
1891 4019 1992 4083 his
2041 4019 2323 4085 dubitari
2373 4022 2598 4105 nequit
2645 4022 2801 4106 quin
2847 4019 3009 4085 Edi-

600 4124 725 4185 tori
788 4122 1257 4207 adsignandum
1318 4128 1403 4189 sit
1464 4126 1533 4190 id
1598 4126 1768 4209 quod
1821 4124 2180 4190 doctrinam
2228 4126 2765 4212 qualemcumque
2813 4126 3008 4212 profi-

602 4234 792 4303 tetur,
842 4250 1071 4315 nempe
1120 4230 1282 4315 (11).
1378 4231 1592 4297 Schol.
1645 4231 1740 4313 (9)
1788 4234 2136 4317 repetitum
2181 4241 2278 4298 est
2319 4255 2396 4299 ex
2440 4234 2559 4299 Ad.
2599 4232 2662 4297 II
2707 4233 2765 4299 1.
2801 4234 2832 4298 1
2862 4235 2999 4316 (1):

602 4355 771 4397 nunc
816 4340 1029 4399 autem
1082 4336 1507 4422 „populares”
1556 4341 1790 4403 cives
1839 4338 2016 4404 dicit.

692 4438 790 4504 Ex
853 4440 1116 4526 reliquis
1177 4443 1438 4509 scholiis
1500 4444 1750 4511 Donato
1815 4446 2020 4511 danda
2065 4452 2217 4512 sunt
2264 4445 2594 4533 longiores
2639 4447 2736 4529 (l)
2783 4453 2851 4513 et
2899 4446 3000 4531 (2)
