3246 5085
1332 357 1589 409 numus.
2513 339 2648 407 339

256 529 385 606 sit,
448 530 619 594 certo
684 547 807 592 non
867 525 1217 592 mutandus
1280 529 1377 591 est
1438 547 1513 593 eo
1576 547 1884 605 numero,
1954 528 2064 612 qui
2093 519 2413 593 ‘Vahlsno
2463 547 2654 594 verus

260 637 445 700 visus
491 640 607 700 est.

359 741 703 806 Videamus
756 745 970 806 tamen
1017 760 1177 805 num
1228 760 1480 806 necesse
1527 742 1615 804 sit
1662 761 1812 806 eum
1859 739 2096 805 falsum
2146 761 2302 806 esse.
2363 740 2657 806 Fortasse

260 869 345 912 ne
407 847 487 913 ad
540 847 971 912 defensionem
1020 847 1280 932 quidem
1328 847 1399 912 L.
1454 844 1760 924 Miilleri,
1809 848 2174 932 ceteroquin
2221 852 2494 924 rectam,
2545 867 2658 912 nos

268 955 349 1019 de
411 952 598 1019 bellis
662 951 929 1019 Gallicis
992 960 1126 1018 tam
1188 953 1401 1018 multa
1459 956 1788 1039 ignorare,
1857 958 1934 1018 ut
1979 973 2130 1018 casu
2178 973 2256 1017 ex
2305 952 2659 1017 Annalibus

268 1059 582 1124 Ennianis
630 1059 813 1124 nobis
858 1079 958 1123 res
1003 1058 1171 1123 tradi
1214 1061 1451 1145 possit,
1502 1061 1829 1143 scriptoris
1874 1057 2008 1122 illis
2049 1057 2234 1124 bellis
2271 1059 2402 1123 fere
2437 1077 2663 1142 aequa-

266 1165 386 1245 lis,
452 1186 644 1250 quam
700 1168 1080 1250 posteriores
1125 1169 1494 1244 omiserint,
1543 1165 2002 1231 recurrendum
2048 1170 2164 1231 est.
2216 1165 2442 1230 Livius
2489 1185 2664 1230 nam-

270 1293 395 1358 que
454 1270 567 1336 lib.
632 1270 793 1336 XXI
853 1277 1018 1357 (cap.
1068 1271 1183 1352 48)
1230 1273 1386 1338 haec
1433 1274 1690 1337 scribit:
1741 1271 2089 1356 Insequenti
2133 1278 2300 1336 nocte
2346 1273 2552 1335 caedes
2596 1272 2663 1334 in

268 1377 489 1442 eastris
552 1378 833 1442 Romanis
851 1425 868 1455 ,
940 1378 1203 1442 lum-ullu
1264 1385 1452 1442 lamen
1515 1400 1690 1462 quam
1751 1400 1816 1441 re
1877 1377 2085 1456 maior,
2135 1377 2206 1440 ab
2256 1375 2664 1440 auxiliaribus

280 1483 485 1548 Gallie
515 1485 705 1568 faeta
748 1490 853 1548 eet.
903 1485 1008 1547 Ad
1052 1485 1169 1547 (buo
1214 1483 1387 1548 milia
1412 1483 1690 1566 peditum
1729 1491 1786 1547 el
1823 1484 2063 1548 ducenti
2097 1483 2340 1568 equites,
2382 1483 2666 1563 viqibibus

270 1593 358 1654 ad
374 1597 589 1672 portas
626 1589 969 1666 trucidatis,
1010 1592 1093 1654 ad
1130 1590 1534 1654 Hannibalem
1574 1591 2022 1676 transfuqiunl.
2071 1589 2244 1654 Haec
2285 1591 2477 1654 verba
2513 1611 2664 1654 cum

266 1697 579 1762 Ennianis
640 1697 800 1761 bene
861 1699 1283 1762 conveniunt:
1350 1696 1562 1762 media
1625 1717 1786 1774 noir,
1850 1695 2088 1782 vigiles
2151 1696 2491 1769 trucidati,
2553 1717 2666 1761 arx

268 1823 557 1889 quoque3
622 1805 765 1887 quis
825 1805 995 1866 enim
1058 1803 1347 1881 dubitat,
1400 1804 1554 1888 quin
1602 1808 1787 1888 porta
1834 1805 2087 1868 munita
2131 1805 2224 1866 ita
2271 1802 2396 1868 dici
2445 1805 2666 1887 possit.

369 1911 455 1974 At
512 1907 757 1974 bellum
820 1907 1318 1974 Hannibalicum
1381 1909 1666 1974 Ennium
1726 1910 1803 1974 ab
1866 1915 2088 1977 octavo
2149 1907 2312 1974 libro
2364 1909 2664 1998 demum,

272 2016 563 2082 nondum
615 2018 683 2079 in
728 2017 1002 2100 septimo
1049 2037 1122 2080 eo
1170 2037 1579 2102 progressum
1600 2065 1615 2094 ,
1667 2017 2037 2082 tractavisse
2059 2063 2073 2092 ,
2123 2014 2365 2080 Vahlen
2415 2019 2664 2081 statuit.

274 2122 365 2188 Et
412 2122 672 2208 quidem
721 2121 894 2186 haud
931 2121 1181 2188 levibus
1219 2125 1395 2187 nisus
1436 2125 1859 2209 argumentis.
1908 2121 2053 2187 Duo
2095 2124 2268 2187 enim
2306 2123 2670 2209 fragmenta

276 2251 357 2296 ex
406 2235 629 2296 octavo
672 2227 1045 2294 laudantur:
1486 2229 1491 2234 “

461 2331 593 2401 279
648 2335 889 2398 Certare
933 2335 1189 2398 abnueo:
1237 2341 1426 2399 metuo
1474 2335 1808 2418 leyionibue
1856 2335 2044 2398 labem

462 2441 595 2507 292
642 2443 822 2506 Nune
866 2442 1059 2506 hostes
1102 2441 1237 2506 vino
1286 2443 1494 2506 domiti
1540 2464 1850 2528 somnoque
1893 2441 2118 2525 sepulti

654 2544 995 2614 Consiluere

274 2678 441 2745 quae
486 2659 840 2721 certissime
886 2656 961 2722 ad
1011 2656 1252 2721 bellum
1296 2656 1617 2722 Punicum
1659 2657 2012 2723 secundum
2048 2660 2393 2743 pertinent.
2435 2656 2670 2722 Versus

276 2764 413 2829 286
436 2786 571 2850 sqq.
605 2764 650 2844 ¹)
698 2785 885 2850 porro
932 2762 1206 2829 reddunt
1243 2765 1381 2827 veri
1423 2764 1874 2842 simillimum,
1918 2768 2112 2830 etiam
2156 2764 2489 2829 exordium
2533 2766 2670 2828 eius

277 2871 431 2937 belli
498 2874 565 2934 in
635 2870 757 2935 hoc
817 2870 981 2936 libro
1042 2873 1326 2955 positum
1391 2870 1607 2935 fuisse.
1673 2870 1897 2957 Itaque
1958 2892 2036 2936 ex
2100 2870 2346 2936 duobus
2393 2870 2666 2935 alterum

281 2976 692 3063 eligendum:
754 2980 868 3041 aut
931 2976 1243 3042 Macrobii
1305 2998 1650 3041 numerum
1715 2997 1849 3041 esse
1913 2983 2288 3061 corruptum
2335 2982 2450 3041 aut
2494 2996 2667 3053 rem,

284 3103 447 3170 quae
508 3084 802 3148 versibus
848 3082 1152 3147 Ennianis
1196 3084 1579 3160 continetur,
1628 3086 1696 3146 in
1727 3084 2052 3147 memoria
2096 3102 2313 3147 rerum
2361 3081 2672 3147 Romana-

280 3212 468 3269 rum,
532 3210 695 3275 quae
760 3189 942 3254 nobis
990 3187 1227 3253 tradita
1274 3192 1395 3267 sit,
1446 3210 1572 3254 non
1619 3210 1755 3254 esse
1805 3194 2148 3255 servatam.
2197 3188 2516 3275 Equidem
2565 3189 2670 3253 hic

281 3297 639 3363 discernere
685 3294 1028 3361 noluerim.

374 3480 482 3546 Vs.
531 3480 619 3546 28
675 3482 816 3544 Cwm
862 3500 1031 3544 saevo
1081 3478 1307 3543 obsidio
1354 3502 1601 3561 maynue
1656 3479 1908 3544 Pitanae
1941 3480 2271 3561 premebat.

375 3586 569 3652 Hunc
628 3608 925 3663 versum,
994 3606 1031 3651 a
1092 3586 1300 3651 Nonio
1364 3592 1729 3664 servatum,
1777 3585 1921 3651 ideo
1968 3587 2049 3651 ad
2095 3586 2531 3651 Euhemerum
2580 3607 2671 3652 re·

284 3694 435 3759 ferri
481 3714 605 3758 non
652 3714 867 3778 posse,
917 3691 1086 3777 quod
1131 3712 1365 3777 parum
1414 3694 1499 3757 sit
1547 3696 1688 3758 veri
1736 3692 1980 3769 simile,
2027 3693 2312 3759 Nonium
2358 3692 2673 3757 Euheme-

282 3822 433 3865 rum
480 3798 649 3864 Enni
695 3800 981 3876 novisse,
1022 3796 1267 3865 Vahlen
1305 3804 1477 3864 recte
1516 3801 1832 3884 exposuit.
1882 3799 2030 3864 Ideo
2070 3799 2150 3863 ad
2189 3801 2666 3884 cosmogoniam

282 3928 321 3972 a
370 3927 496 3992 qua
540 3907 789 3992 primus
834 3904 1187 3971 Annalium
1230 3903 1396 3971 liber
1440 3908 1668 3991 incipit
1713 3927 1975 3971 versum
2021 3903 2276 3969 rettulit
2301 3903 2372 3986 ⁹).
2697 3896 2712 3907 “

359 4097 407 4158 1)
610 4125 623 4133 -
693 4092 904 4143 Pellitur
936 4109 963 4143 e
994 4092 1145 4142 medio
1178 4092 1433 4157 sapientia,
1468 4092 1515 4140 ω’
1542 4091 1736 4156 qeritur
1770 4106 1859 4149 res,

689 4174 939 4239 Spernitur
970 4178 1131 4224 orator
1166 4174 1323 4232 lonas,
1358 4174 1580 4223 horridus
1614 4172 1749 4222 miles
1779 4176 1974 4221 amatur
2005 4188 2102 4236 sqq.

354 4258 409 4321 2)
446 4256 586 4307 Cous.
620 4257 747 4305 Lact.
784 4256 894 4305 Div.
928 4256 1040 4306 inst.
1076 4257 1103 4307 1
1140 4258 1201 4305 14
1238 4256 1423 4306 Deinde
1462 4256 1623 4313 Titan,
1653 4258 1904 4319 postquam
1943 4253 2132 4305 rescivit
2165 4256 2377 4305 Saturno
2401 4256 2541 4322 filios
2567 4273 2674 4321 pro·

286 4346 471 4390 creatos
518 4344 665 4404 atque
711 4340 935 4388 educatos
978 4355 1080 4389 esee
1122 4342 1245 4388 clam
1293 4354 1355 4398 ee,
1400 4338 1584 4387 seducit
1630 4353 1781 4387 secum
1809 4338 1945 4403 filios
1976 4353 2080 4386 euos
2113 4339 2196 4401 qm·
2233 4338 2397 4388 Rtani
2429 4346 2672 4400 vocantur,

272 4423 587 4489 fratremque
634 4438 767 4471 suun
818 4424 1081 4471 Saturnum
1130 4425 1275 4485 atque
1332 4421 1474 4484 Opem
1526 4420 1875 4484 comprehendit
1923 4435 2086 4484 eosque
2135 4435 2265 4469 muro
2309 4420 2579 4486 circumeqic
2623 4428 2672 4473 et

288 4504 553 4556 custodian
586 4505 664 4555 his
694 4504 930 4569 apponit.
