3246 5085
608 331 741 400 318
1647 348 1959 400 nosnos.

696 513 1201 600 compilatorem
1240 517 1455 580 autem
1476 561 1494 594 ,
1536 515 1745 581 officio
1780 514 2042 602 defungi
2081 515 2488 582 festinantem
2507 565 2524 596 ,
2565 518 2634 582 in
2670 538 3020 605 excerpen-

606 621 707 687 dis
768 619 1028 687 scholiis
1088 621 1168 686 ad
1229 620 1289 686 II
1338 621 1380 686 4
1406 643 1539 708 sqq.
1608 644 1733 689 non
1785 622 2152 689 adhibuisse
2199 623 2454 690 notulas
2497 625 2887 711 marginales
2935 628 3016 690 in

604 728 993 795 editionibus
1040 727 1439 795 Terentianis
1459 778 1475 807 ,
1527 751 1684 816 quas
1733 751 1928 816 supra
1973 734 2510 810 commemoravi,
2561 731 2671 798 sed
2721 738 3018 798 tantum·

606 835 797 901 modo
859 856 893 900 c
910 858 947 901 o
966 858 1032 901 m
1050 857 1116 900 m
1134 857 1169 900 e
1187 858 1227 900 n
1246 841 1273 900 t
1290 856 1331 900 u
1352 858 1418 900 m
1481 857 1511 900 s
1528 857 1562 901 e
1576 857 1609 902 c
1631 857 1674 901 u
1693 859 1733 900 n
1749 835 1790 900 d
1809 857 1854 902 u
1871 858 1937 901 m
2005 837 2414 903 mediocriter
2457 838 3018 904 adnotatiunculis

604 945 969 1021 munitum,
1006 943 1155 1008 hinc
1181 940 1531 1009 verisimile
1556 941 1682 1023 e'st,
1709 943 1879 1029 quod
1901 945 1968 1008 in
1997 942 2255 1009 scholiis
2278 943 2447 1022 illis,
2476 965 2635 1029 quae
2654 942 2826 1012 CXC
2849 951 3018 1010 sunt

604 1070 892 1129 numero,
942 1051 1054 1114 vix
1102 1057 1423 1136 septem
1470 1049 1842 1115 istiusmodi
1881 1047 2136 1116 notulas
2176 1053 2464 1116 invenire
2503 1053 2707 1137 potui.
2753 1049 2880 1116 Sed
2921 1053 3016 1116 ab

604 1154 805 1221 altera
850 1161 1031 1240 parte
1076 1154 1322 1221 scholia
1360 1157 1679 1222 rhetorica
1717 1155 2176 1242 post-Donatea
2213 1156 2598 1223 exhibentur
2637 1159 3010 1243 viginti,

601 1261 769 1327 unde
838 1261 1145 1328 concludo
1212 1261 1748 1348 ludimagistrum
1819 1261 2009 1327 illum
2028 1311 2044 1342 ,
2111 1265 2222 1348 qui
2287 1263 2747 1330 Phormionem
2809 1262 3012 1329 valde

599 1365 829 1432 multis
890 1367 1267 1433 huiusmodi
1330 1365 1792 1433 scholiunculis
1852 1371 2144 1434 tironum
2207 1371 2274 1433 in
2338 1390 2531 1435 usum
2590 1371 2882 1448 ornavit,
2929 1368 3009 1434 id

598 1474 821 1540 fecisse
866 1476 933 1539 in
980 1475 1385 1561 marginibus
1431 1495 1802 1540 commen
1824 1477 1891 1540 ti
1937 1474 2312 1541 secundi.

1374 1785 1720 1854 Scholia
1767 1789 2224 1854 variorum.

691 2001 860 2070 Cum
904 2005 971 2068 in
1018 2003 1205 2069 initio
1256 2003 1449 2068 huius
1492 2002 1958 2087 disquisitionis
1995 2000 2240 2068 scholia
2276 2007 2574 2089 suspecta
2611 2001 3002 2082 dividerem,

598 2116 852 2196 praeter
911 2108 1315 2177 Imitationes
1362 2115 1428 2175 et
1473 2109 1791 2194 Excerpta
1838 2115 1900 2174 et
1947 2107 2483 2195 Interpolationes
2531 2115 2840 2195 quartum
2883 2131 3002 2198 ge-

598 2237 721 2284 nus
767 2219 1059 2303 seposui,
1110 2218 1278 2304 quod
1326 2219 1420 2282 ita
1466 2215 1902 2282 describebam
1952 2236 2101 2302 pag.
2150 2214 2227 2282 8:

690 2325 746 2390 A
786 2326 1111 2410 superiore
1146 2323 1260 2390 illo
1298 2342 1535 2410 genere
1569 2321 2144 2408 interpolationum
2183 2320 2637 2387 secernendum
2660 2327 2763 2388 est
2785 2321 2966 2388 aliud
2983 2373 3002 2402 ,

598 2430 712 2495 ubi
756 2431 940 2495 iuxta
984 2430 1209 2496 breves
1256 2429 1646 2495 Donatianas
1691 2429 2072 2505 verborum,
2121 2431 2326 2493 rarius
2371 2449 2591 2494 rerum
2629 2428 3004 2515 explicatio-

598 2558 743 2614 neS,
803 2533 1117 2623 leguntur
1176 2535 1521 2603 eorundem
1583 2534 1952 2601 verborum.
1993 2532 2096 2601 vel
2154 2557 2371 2602 rerum
2431 2537 2998 2622 interpretationes

597 2644 1095 2730 magistrorum,
1144 2646 1255 2729 qui
1301 2664 1450 2710 cum
1497 2641 1615 2709 illo
1667 2647 1731 2708 et
1776 2644 1946 2707 inter
1987 2663 2056 2708 se
2098 2644 2274 2709 varie
2321 2648 2588 2709 certant.

687 2748 976 2815 Tametsi
1032 2752 1102 2814 in
1164 2749 1266 2815 his
1327 2752 1550 2814 insunt
1598 2768 1762 2834 quae
1807 2751 2006 2814 etiam
2061 2748 2306 2815 Editori
2349 2748 2723 2829 debeantur,
2775 2754 2996 2816 tamen

594 2855 715 2921 hoc
757 2876 967 2943 genus
1010 2857 1357 2921 seiunctim
1404 2858 1708 2932 tractavi,
1756 2857 1908 2941 quia
1954 2854 2345 2921 scholiorum
2395 2855 2598 2921 forma
2640 2860 2708 2921 et
2744 2856 2998 2923 indoles

594 2965 927 3049 proprium
976 2961 1320 3028 ostendunt
1366 2959 1679 3035 colorem:
1729 2966 2068 3027 versantur
2110 2962 2241 3028 fere
2280 2964 2494 3029 omnia
2530 2965 2598 3028 in
2639 2964 2996 3030 verborum

594 3067 963 3135 definitione
1026 3075 1217 3154 atque
1278 3068 1497 3135 brevia
1557 3073 1711 3134 sunt
1757 3074 1824 3133 et
1868 3068 2220 3149 eiusmodi,
2269 3074 2346 3134 nt
2391 3068 2467 3136 de
2517 3076 2774 3135 auctore
2819 3078 2996 3136 certo

594 3173 867 3240 iudicari
912 3195 1099 3261 saepe
1142 3179 1437 3261 nequeat.

1516 3424 1604 3491 In
1652 3424 2077 3493 Eunucho.

592 3626 767 3697 Prol.
818 3628 860 3693 4
951 3624 1123 3695 'Pum
1168 3627 1224 3693 si
1270 3628 1415 3713 quis
1458 3630 1556 3692 est
1572 3675 1588 3706 ,
1638 3626 1752 3711 qui
1796 3625 2045 3691 dictum
2089 3627 2156 3691 in
2204 3646 2270 3691 se
2317 3623 2766 3691 inclementius

952 3735 1375 3801 Existimavit
1418 3753 1589 3811 esse,
1639 3734 1730 3797 sic
1775 3734 2140 3811 existimet,

956 3842 1361 3928 Responsum
1408 3861 1534 3905 non
1579 3838 1830 3905 dictum
1878 3860 2045 3918 esse,
2094 3840 2246 3925 quia
2292 3836 2479 3904 laesit
2525 3840 2698 3925 prior

682 3950 779 4031 (2)
846 3947 1157 4037 Superius
1231 3946 1565 4027 „dictum”
1632 3952 1758 4028 (vs.
1826 3945 1895 4028 4)
1957 3947 2373 4032 participium
2440 3941 2656 4031 (est),
2716 3944 2988 4012 inferius

590 4077 859 4135 nomen,
921 4076 960 4121 a
1020 4077 1144 4142 quo
1207 4057 1405 4121 etiam
1470 4054 1806 4120 dicaces
1867 4053 2193 4132 dicuntur,
2241 4054 2354 4139 qui
2401 4051 2708 4140 malignis
2754 4054 2986 4119 iocosis

588 4161 827 4229 salibus
891 4160 1301 4228 maledicunt.
1476 4161 1576 4244 (3)
1646 4160 1892 4248 Figura
1955 4160 2156 4235 πλοκῆ
2174 4208 2192 4240 ,
2267 4180 2418 4225 nam
2483 4157 2820 4237 „dictum”
2885 4160 2984 4225 bis

588 4288 856 4335 numero
916 4270 1202 4356 positum
1265 4288 1457 4353 supra
1503 4288 1734 4333 nomen
1782 4265 2141 4353 significat,
2189 4266 2356 4331 infra
2403 4266 2858 4352 participium,
2905 4270 2980 4330 nt

586 4376 655 4441 in
696 4374 1434 4440 Heautontimorumeno
1476 4375 1586 4452 „in
1627 4393 1820 4459 quem
1860 4372 2119 4458 quidvis
2159 4373 2390 4438 harum
2418 4393 2635 4440 rerum
2658 4374 2980 4453 convenit,

586 4502 749 4567 quae
795 4486 949 4547 sunt
992 4480 1163 4546 dicta
1207 4482 1275 4546 in
1320 4478 1643 4546 stultum’'
1697 4478 1833 4563 (VI.
1885 4478 1974 4562 3).
