3246 5085
605 324 738 390 244
1650 341 1958 392 nonnus.

601 527 807 590 neque
867 505 1198 570 commode
1261 527 1468 590 neque
1529 508 1813 584 εὐφώνως
1861 506 2251 592 loqueretur,
2310 543 2390 555 --
2438 504 2765 591 praevalet
2810 507 2989 569 enim

602 611 1033 677 masculinum
1072 632 1302 697 genus.

691 717 946 782 Fabia
1017 739 1214 802 paene
1277 717 1578 783 odoratus
1642 718 1899 784 videtur
1964 719 2116 805 quid
2178 720 2449 806 genuini
2512 725 2676 783 esset
2737 720 2801 783 in
2868 717 2997 782 hoc

599 823 837 889 scholio
884 845 1030 888 cum
1079 826 1305 888 citaret
1353 829 1608 889 tantum
1665 824 1904 906 „Don.:
1955 824 2211 910 Alium,
2264 847 2389 890 non
2439 823 2815 890 Thaidem”.
2906 823 2999 888 Et

598 951 821 995 revera
881 930 1216 996 recidenda
1278 937 1430 995 sunt
1492 935 1709 997 omnia
1754 938 2004 1017 praeter
2051 933 2240 997 haec:
2293 931 2598 1010 „Alium,
2644 932 2709 996 h.
2760 953 2815 996 e.
2866 951 2997 996 non

599 1058 790 1122 quem
840 1043 1063 1123 putas,
1107 1037 1170 1102 h.
1212 1058 1266 1102 e.
1307 1037 1653 1116 Thaidem,
1696 1037 2021 1124 praevalet
2059 1041 2228 1103 enim
2271 1060 2357 1102 m.
2399 1038 2667 1124 genus”.
2716 1037 2997 1122 Reliqua

597 1142 824 1208 Editor
885 1141 1150 1221 intulit,
1215 1145 1400 1210 cuius
1461 1165 1571 1210 vv.
1640 1166 1889 1231 „neque
1936 1145 2269 1210 commode
2312 1166 2521 1230 neque
2568 1141 2850 1223 εὐφώνως
2898 1142 2995 1208 1.”

595 1251 923 1335 imprimis
972 1248 1129 1316 falsa
1177 1256 1348 1316 sunt.

687 1355 850 1422 Ibid.
895 1354 981 1422 37
1052 1356 1244 1422 Prius
1290 1357 1508 1423 audite
1553 1360 1804 1444 paucis,
1854 1358 2023 1444 quod
2071 1379 2219 1424 cum
2268 1357 2489 1424 dixero
2538 1359 2593 1422 si
2638 1356 2997 1443 placuerit,

1054 1463 1340 1529 Facitote

686 1572 781 1650 (l)
844 1570 1017 1635 Mira
1075 1572 1506 1637 insinuatione
1567 1574 1745 1659 agit,
1807 1574 1919 1657 qui
1978 1592 2105 1637 non
2156 1576 2233 1636 ut
2280 1571 2709 1648 consentiant,
2760 1568 2871 1634 sed
2920 1573 3005 1634 ut

595 1675 862 1741 audiant
920 1679 1174 1762 paucis,
1246 1680 1431 1763 petit.
1617 1678 1715 1758 (2)
1781 1678 1953 1744 Bene
2021 1679 2283 1764 „prius”
2351 1681 2535 1763 quasi
2598 1698 2719 1742 non
2782 1676 3007 1741 obstet

594 1784 939 1869 quominus
1003 1784 1238 1849 faciant
1298 1784 1471 1870 quod
1535 1783 1776 1868 velint;
1843 1791 1983 1851 tum
2049 1784 2275 1850 deinde
2336 1784 2505 1871 quod
2567 1785 3003 1849 attentionem

595 1893 834 1955 excitat
881 1889 1127 1954 addidit
1176 1894 1458 1977 „pauciS,
1510 1890 1737 1956 deinde
1780 1895 1878 1971 „si
1917 1891 2305 1979 placuerit”:
2348 1889 2601 1957 facilius
2641 1892 2813 1956 enim
2852 1889 3007 1954 flec-

599 1999 779 2074 titur,
851 2017 999 2062 cum
1070 2018 1197 2082 quo
1265 2019 1387 2062 non
1461 2018 1832 2085 pugnamus
1906 2005 1980 2063 ut
2050 1998 2423 2063 consentiat.
2608 1997 2706 2076 (3)
2754 1997 3001 2074 „Prius

597 2102 857 2168 audite’'
943 2102 1112 2189 quod
1196 2103 1471 2182 (dicit),
1557 2103 1858 2170 fiduciam
1944 2108 2222 2171 ostentat
2297 2105 2761 2189 persuasoriam
2850 2123 2999 2168 rem

600 2211 854 2276 dicturi.

688 2315 1020 2382 Scholium
1081 2316 1177 2398 (3)
1240 2319 1462 2403 paucis
1523 2317 1973 2404 complectitur
2028 2315 2194 2403 quod
2244 2314 2544 2400 explicite
2591 2313 2995 2380 declaratum

598 2427 695 2487 est
753 2424 821 2488 in
885 2423 981 2503 (1)
1043 2428 1107 2488 et
1167 2423 1286 2505 (2).
1383 2423 1557 2489 Illud
1621 2424 1907 2502 Editori,
1972 2424 2126 2488 haec
2190 2421 2438 2488 Donato
2504 2422 2806 2509 adsigno,
2856 2425 2997 2487 nisi

599 2528 766 2615 quod
833 2529 938 2594 hic
998 2551 1119 2595 non
1182 2528 1360 2596 dedit
1421 2535 1608 2609 „tum
1669 2530 1938 2597 deinde”
2002 2529 2113 2596 sed
2177 2529 2431 2607 „tum”,
2482 2531 2788 2614 quoniam
2834 2551 2993 2595 mox

598 2636 888 2720 sequitur
939 2635 1273 2713 „deinde''.
1325 2635 1629 2701 Formula
1678 2642 1845 2701 tum
1896 2634 2193 2701 deinde
2238 2641 2428 2722 grata
2474 2635 2601 2700 fuit
2639 2633 2999 2719 Interpola-

597 2743 758 2818 tori,
808 2747 884 2806 ut
930 2763 1126 2827 supra
1173 2742 1480 2809 vidimus.

687 2846 848 2911 Ibid.
892 2847 980 2913 40
1041 2849 1153 2914 Me
1177 2849 1372 2913 huius
1396 2848 1703 2934 quicquid
1730 2849 1891 2914 facio
1915 2848 1983 2912 id
2008 2848 2210 2913 facere
2233 2850 2515 2913 maxime
2540 2868 2730 2913 causa
2752 2868 2897 2913 mea

684 2953 1040 3019 Verborum
1092 2960 1414 3020 structura
1457 2958 1525 3020 in
1573 2954 1787 3020 medio
1836 2958 1933 3020 est
1979 2956 2221 3040 posita,
2272 2975 2385 3019 nec
2422 2953 2749 3019 Donatum
2788 2954 2997 3020 fuisse

597 3059 818 3137 credo,
882 3063 992 3145 qui
1053 3064 1342 3146 scripsit:
1415 3061 1512 3140 (1)
1576 3059 1773 3125 Deest
1840 3060 2016 3139 „rei”
2082 3068 2195 3126 aut
2265 3059 2469 3137 „est'',
2534 3066 2607 3124 ut
2670 3062 2786 3124 sit:
2840 3082 2996 3138 „me

598 3166 793 3230 huius
842 3166 1145 3251 quicquid
1192 3174 1290 3231 est
1330 3166 1496 3254 quod
1543 3168 1743 3245 facio,
1792 3167 1859 3231 id
1904 3168 1951 3231 f.
2000 3188 2053 3233 c.
2103 3167 2259 3232 m.”.

687 3269 852 3334 Ibid.
903 3269 989 3334 42
1061 3270 1351 3337 Militem
1397 3294 1518 3359 ego
1566 3271 1839 3337 rivalem
1886 3271 2323 3357 recipiendum
2370 3293 2595 3337 censeo

690 3375 785 3455 (4)
855 3374 1201 3443 Considera
1262 3399 1387 3463 quo
1451 3378 1641 3445 vultu
1704 3380 1826 3444 hoc
1889 3378 2229 3444 dicendum
2292 3381 2380 3443 sit
2426 3384 2491 3443 et
2536 3375 2876 3464 intelleges
2928 3384 3001 3443 et

601 3481 967 3560 „militem”
1019 3489 1084 3547 et
1135 3483 1490 3560 „rivalem”
1541 3491 1606 3551 et
1649 3485 2173 3570 „recipiendum”
2218 3491 2283 3549 et
2325 3485 2529 3571 „ego”
2572 3492 2638 3549 et
2678 3484 2997 3562 „censeo”

596 3595 835 3674 quanta
903 3589 1300 3675 significent;
1375 3612 1504 3656 non
1573 3594 1747 3656 enim
1816 3590 1982 3656 dixit
2042 3590 2433 3656 Thrasonem
2498 3591 2605 3655 sed
2669 3589 2951 3656 militem
2975 3639 2994 3668 ,

596 3694 764 3779 quod
811 3694 890 3759 ad
938 3694 1287 3761 stultitiam
1338 3696 1510 3761 valet
1557 3718 1824 3774 nomem
1876 3718 1990 3762 nec
2032 3700 2277 3762 socium
2318 3696 2425 3761 sed
2466 3694 2773 3773 rivalem,
2816 3697 2994 3781 quod

593 3800 903 3872 ostendit.
968 3802 1220 3887 quando
1285 3803 1542 3888 quidem
1606 3803 1831 3868 rivalis
1892 3806 1960 3867 in
2007 3805 2339 3869 meretrice
2385 3802 2768 3887 capiendus,
2814 3803 2996 3869 hunc

594 3910 810 3992 potius
857 3906 1227 3994 eligendum
1251 3931 1266 3988 ;
1317 3932 1431 3975 nec
1481 3932 1602 3975 non
1646 3908 2117 3975 excludendum
2162 3909 2271 3975 sed
2310 3908 2743 3995 recipiendum
2784 3908 2997 3988 dixit,

594 4018 671 4076 ut
717 4019 782 4077 et
829 4016 1190 4080 ostenderet
1227 4016 1384 4082 adeo
1424 4016 1755 4102 prodesse,
1797 4021 1873 4080 ut
1911 4020 2108 4081 etiam
2151 4016 2229 4081 de
2265 4016 2587 4081 industria
2622 4015 3005 4082 retinendus

595 4120 714 4194 sit3
768 4123 832 4181 et
879 4142 1003 4185 non
1050 4120 1196 4187 volo
1249 4128 1362 4187 aut
1409 4144 1561 4208 rego
1611 4122 1719 4188 sed
1768 4144 2029 4200 cense0,
2081 4128 2157 4188 ut
2202 4122 2606 4188 consiliarius
2645 4144 2771 4187 non
2809 4143 3002 4210 para-

595 4226 759 4288 situs
807 4225 1100 4291 videatur
1145 4226 1342 4313 loqui.

685 4329 853 4395 Nam
915 4333 1082 4417 quod
1149 4337 1350 4421 „ego”
1416 4336 1663 4401 addidit
1726 4358 1931 4414 nunc,
1994 4359 2066 4403 eo
2116 4337 2285 4402 dicto
2334 4357 2490 4401 usus
2536 4342 2668 4415 est,
2718 4358 2843 4423 quo
2888 4340 3002 4403 uti

594 4434 806 4502 solent
867 4440 977 4523 qui
1040 4438 1186 4524 plus
1251 4443 1315 4504 in
1381 4446 1644 4529 negotio
1691 4442 1950 4521 vident,
2000 4449 2102 4521 (ut
2145 4448 2213 4508 iu
2261 4443 2382 4507 hoc
2428 4445 2565 4528 ipso
2612 4446 3002 4529 pronomine
