3246 5085
1099 317 1358 369 uncus
1402 317 1781 369 memus.
2554 304 2637 369 81

257 487 487 548 autem
523 485 653 548 viri
690 482 1030 549 clarissimi
1068 483 1287 550 Renan
1328 485 1404 550 de
1441 485 1560 549 hoc
1598 484 1738 550 loco
1772 486 1864 550 sic
1888 484 2254 550 disserentis
2282 488 2645 571 „sceptique

260 609 378 652 sur
423 586 488 653 la
533 609 767 673 guerre
805 589 856 653 il
894 589 1143 655 doutait
1181 589 1258 654 de
1293 589 1358 654 la
1394 589 1745 676 legitimite
1784 589 1862 654 de
1896 611 1995 654 ses
2020 611 2281 675 propres
2305 591 2644 656 victoires”

255 713 503 771 vereor,
569 715 649 758 ne
705 697 917 780 magis
965 701 1150 760 acute
1198 716 1388 779 quam
1439 715 1589 760 vere
1637 695 1806 760 dicta
1852 697 2015 772 sint,
2065 716 2267 780 neque
2313 697 2479 760 mihi
2526 697 2650 760 An-

255 801 560 863 toninum
607 798 784 884 fingo
830 820 966 878 res,
1013 803 1338 886 imprimis
1383 821 1484 865 res
1529 802 1693 864 tanti
1732 803 2079 877 momenti,
2121 807 2452 885 agentem,
2493 821 2649 885 quas

255 925 388 969 non
434 903 619 989 plene
667 910 732 970 et
778 926 857 970 ex
907 908 1120 971 animo
1167 907 1530 990 probasset,
1581 904 1817 970 nedum
1868 926 1941 970 ea
1980 905 2103 970 sibi
2142 926 2275 970 esse
2313 905 2647 992 dogmata,

259 1029 426 1093 quae
457 1009 914 1094 praedonibus,
954 1009 1402 1076 declarantem.
1451 1009 1684 1077 Contra
1722 1009 1874 1075 audi
1913 1009 2360 1076 Gasaubonum
2400 1015 2463 1075 et
2502 1013 2651 1075 sim-

263 1111 526 1198 pliciter
585 1121 650 1178 et
710 1117 916 1199 perite
976 1114 1103 1180 loci
1146 1116 1412 1180 initium
1455 1118 2018 1201 interpretantem:
2070 1114 2452 1191 „Sarmatici
2496 1113 2654 1180 belli

262 1217 346 1282 ab
393 1220 718 1282 Antonino
763 1218 1038 1283 feliciter
1073 1219 1343 1284 confecti
1382 1219 1591 1306 gloria
1631 1226 1868 1305 quanta
1906 1220 2131 1297 fuerit,
2172 1219 2397 1285 docent
2432 1219 2649 1284 Histo-

259 1324 400 1388 rici.
471 1322 719 1388 Vanam
801 1325 1170 1409 superbiam
1245 1330 1307 1389 et
1375 1324 1781 1390 insolentiam
1852 1324 2016 1389 ridet
2084 1326 2189 1389 hic
2256 1325 2647 1390 fortissimus

257 1427 562 1513 idemque
608 1429 1144 1514 prudentissimus
1189 1432 1554 1515 imperator,
1595 1450 1723 1495 non
1761 1451 1885 1514 quo
1926 1432 2267 1514 quicquam
2302 1429 2645 1505 militibus,

267 1536 381 1619 qui
442 1533 758 1598 iuvandae
805 1537 1048 1619 patriae
1095 1542 1212 1600 aut
1259 1537 1548 1601 iustitiae
1592 1537 1761 1598 inter
1807 1535 2098 1598 homines
2146 1534 2414 1599 tuendae
2460 1553 2648 1599 causa

263 1639 583 1724 stipendia
621 1645 948 1704 merentur
983 1645 1048 1704 et
1087 1643 1408 1725 propriam
1447 1639 1723 1704 salutem
1763 1637 2022 1724 publico
2061 1643 2451 1724 postponunt
2484 1639 2647 1704 bono

264 1743 629 1809 detractum
675 1743 901 1809 velit.''

354 1849 528 1930 Quae
594 1871 745 1916 cum
803 1853 900 1915 ita
958 1854 1120 1928 sint,
1188 1851 1385 1917 donec
1444 1850 1712 1916 meliora
1772 1849 2012 1926 docear,
2073 1850 2267 1914 verba
2325 1848 2442 1914 illa
2488 1845 2645 1914 οὗτοι

266 1955 396 2032 γάρ
459 1961 737 2040 etqseqq.
800 1959 956 2021 novi
1015 1977 1242 2022 versus
1287 1958 1472 2021 initio
1519 1947 1882 2021 collocanda
1930 1975 2067 2020 esse
2114 1975 2367 2033 censeo,
2417 1959 2493 2019 ut
2536 1975 2651 2040 per

266 2079 334 2124 se
379 2061 702 2146 integram
749 2059 1022 2125 efficiant
1067 2060 1615 2126 exclamationem.

355 2305 518 2372 Ibid.
571 2306 677 2373 31.
741 2308 806 2371 τί
863 2305 960 2373 οὖν
1024 2308 1283 2388 s’vvslvm
1349 2308 1412 2372 τί
1471 2308 1522 2373 δ’
1571 2308 1679 2371 οὐκ
1728 2309 1904 2387 ἀρκεῖ
1950 2331 2038 2372 σοι
2088 2308 2157 2371 τὸ
2206 2307 2423 2388 βράχυ
2468 2313 2647 2372 τοῦτο

264 2414 527 2486 κοσμίως
593 2411 997 2491 &anacteam
1066 2409 1194 2477 οἵαν
1256 2410 1404 2483 ὕλην
1452 2413 1554 2476 καὶ
1604 2413 1881 2477 ὑπόθεσιν
1928 2413 2227 2493 <Dabrum
2280 2415 2450 2480 κακὲ.
2525 2415 2650 2480 Per

263 2517 460 2583 verba
520 2513 648 2581 οἵαν
708 2515 858 2593 ὕλην
907 2524 1184 2605 etqseqq.
1234 2539 1477 2584 novum
1523 2520 1723 2604 incipi
1770 2525 2228 2605 argumentum
2279 2522 2476 2587 totius
2523 2519 2648 2586 loci

265 2627 448 2687 tenor
525 2628 742 2708 aperte
819 2624 1017 2689 docet.
1107 2626 1317 2710 Atque
1385 2625 1561 2690 idem
1628 2627 1759 2690 fere
1825 2628 2041 2691 visum
2108 2646 2242 2691 esse
2312 2630 2650 2712 interpreti

261 2725 577 2791 Fournier
641 2731 948 2813 suspicor,
1005 2732 1118 2813 qui
1167 2732 1516 2795 rectissime
1563 2736 1781 2795 monet
1826 2730 2021 2795 verba
2066 2729 2180 2795 illa
2227 2752 2353 2796 non
2398 2752 2511 2815 per
2556 2734 2649 2795 in·

263 2834 764 2919 terrogationem
813 2834 925 2899 sed
971 2855 1084 2919 per
1123 2834 1654 2900 exclamationem
1702 2835 2011 2901 efferenda
2057 2855 2209 2900 esse.

361 3080 479 3149 XI.
531 3080 594 3146 8.
663 3130 676 3146 .
708 3129 722 3146 .
753 3130 767 3145 .
799 3130 812 3145 .
871 3080 906 3146 ὅ
948 3082 1012 3146 τί
1059 3105 1207 3146 ποτε
1257 3082 1540 3158 λέγουσιν
1590 3084 1643 3146 οἱ
1694 3081 2045 3161 ΦυτουργοΙ.
2097 3080 2461 3160 ὃμοθαιμνεῒν
2510 3083 2644 3160 μέν,

266 3189 356 3264 μὴ
421 3188 876 3262 ὃμοδογμαιτεῒν
940 3187 1022 3251 δέ.
1096 3187 1468 3253 Audiendus
1529 3196 1664 3253 erat
1724 3186 2168 3264 Gasaubonus,
2234 3190 2345 3274 qui
2404 3189 2647 3254 iudicat

264 3292 461 3357 verba
506 3290 772 3368 ultima,
815 3294 935 3356 etsi
975 3293 1443 3376 quodammodo
1482 3314 1633 3358 cum
1673 3292 2193 3378 praecedentibus
2238 3292 2645 3371 cohaereant,

263 3403 482 3463 tamen
528 3396 738 3462 multo
786 3397 1020 3462 melius
1057 3420 1220 3464 nova
1257 3398 1462 3463 alinea
1501 3419 1538 3463 a
1575 3399 2010 3484 superioribus
2049 3397 2383 3482 distingui.
2438 3398 2645 3482 Atque

267 3504 360 3566 sic
422 3503 667 3585 optime
719 3502 1081 3567 infinitivus
1140 3501 1249 3567 ille
1313 3524 1425 3587 pro
1486 3504 1870 3587 imperativo
1934 3501 2191 3566 effertur
2238 3522 2440 3585 neque
2486 3522 2645 3586 opus

267 3612 366 3670 est
426 3608 845 3684 coniecturis,
907 3608 1140 3691 quibus
1199 3611 1296 3671 sat
1356 3606 1582 3672 multis
1642 3606 1856 3672 locum
1917 3612 2247 3671 tentarunt
2307 3608 2433 3670 viri
2479 3606 2646 3671 docti

267 3731 305 3775 a
353 3708 502 3775 Gat.
551 3709 814 3775 laudati.

359 3958 609 4022 Paucos
659 3963 913 4023 tantum
961 3957 1155 4023 attuli
1199 3957 1404 4036 locos,
1452 3960 1518 4022 in
1566 3959 1802 4043 quibus
1849 3959 2000 4024 ordo
2049 3964 2113 4023 et
2158 3979 2358 4023 nexus
2404 3964 2648 4024 senten-

269 4064 510 4127 tiarum
553 4062 850 4126 turbatus
873 4061 1129 4129 videtur
1137 4084 1154 4140 ;
1189 4062 1347 4128 alios
1371 4084 1697 4148 superesse
1721 4064 1881 4127 mihi
1908 4068 2173 4128 constat.
2216 4063 2471 4128 Etenim
2497 4085 2645 4128 cum

268 4170 760 4232 commentarios
799 4166 1153 4253 perlegenti
1175 4170 1340 4233 mihi
1365 4170 1570 4254 magis
1595 4170 1929 4254 magisque
1952 4169 2428 4253 persuadeatur,
2457 4170 2650 4234 Anto-

269 4274 497 4336 ninum
545 4292 691 4337 eum
741 4275 1116 4356 scriptorem
1163 4273 1388 4350 fuisse,
1440 4276 1550 4357 qui
1597 4278 1663 4337 et
1708 4279 1891 4338 acute
1935 4276 2217 4359 cogitare
2264 4280 2328 4338 et
2368 4276 2647 4359 cogitata

269 4376 489 4442 lucide
527 4397 842 4461 exponere
882 4380 1124 4461 optime
1163 4376 1516 4454 didicisset,
1557 4381 1759 4442 immo
1799 4382 1941 4463 qui,
1984 4379 2139 4442 dum
2178 4400 2311 4443 rem
2353 4400 2533 4443 suam
2583 4387 2647 4443 et

2324 4498 2355 4545 s
