3246 5085
1051 337 1137 384 nn
1182 337 1502 387 smumms
1548 337 1869 387 r1a1‘r1100.
2231 319 2236 323 ’
2511 321 2644 389 363

250 505 657 583 mowitzius,
727 505 863 589 ipse
930 525 1010 569 ex
1075 503 1313 570 litteris
1386 515 1472 570 ΠΙ
1543 509 1691 592 post
1753 505 1997 580 Πηλεὺς
2060 526 2293 571 nomen
2347 507 2647 588 Πειρίθους

242 609 600 698 supplens),
656 610 883 678 deinde
901 660 918 691 ,
977 613 1283 697 quoniam
1344 611 1837 678 scholiastarum
1899 632 1972 678 ac
2030 611 2647 700 glossographorum

245 717 689 784 adnotationes
758 719 825 782 in
887 719 1199 805 tragicos,
1280 721 1660 804 praesertim
1724 721 1780 784 si
1844 717 2308 785 vocabulorum
2373 725 2653 806 tangunt

241 825 841 910 interpretationes,
914 821 1506 890 Alexandrinorum
1578 826 1967 891 testimoniis
2036 827 2159 890 niti
2221 824 2408 891 nobis
2470 829 2647 893 visae

240 939 434 1010 sunt',
498 952 769 1017 aequam
830 933 1145 996 rationem
1193 951 1341 996 cum
1388 933 1505 1010 iis,
1555 951 1716 1017 quae
1763 938 2020 1017 propter
2065 934 2434 998 testimonia
2470 933 2647 999 scho-

236 1037 585 1104 liastarum
645 1039 713 1102 in
775 1036 1148 1124 catalogum
1206 1036 1572 1102 fabularum
1617 1058 1657 1103 a
1704 1038 1888 1103 nobis
1932 1044 2221 1125 receptae
2267 1045 2452 1117 sunt,
2501 1042 2643 1105 iure

238 1145 371 1210 sibi
432 1146 636 1231 poscit
684 1143 1052 1222 Pirithous,
1118 1145 1301 1210 cuius
1363 1144 1441 1210 fr.
1508 1143 1639 1210 593
1703 1146 1769 1210 in
1831 1143 2028 1211 schol.
2093 1145 2172 1210 ad
2222 1144 2329 1212 Or.
2380 1143 2513 1212 982
2562 1167 2666 1212 ex-

238 1256 427 1337 parte
486 1249 765 1316 affertur.
830 1249 1130 1316 Postulat
1175 1253 1395 1336 itaque
1441 1252 1642 1327 ratio,
1692 1257 2006 1336 quatenus
2053 1253 2334 1317 externis
2385 1255 2644 1318 tantum

240 1359 633 1424 testimoniis
682 1359 952 1436 utimur,
1000 1362 1074 1423 ut
1119 1357 1493 1424 Pirithoum
1538 1355 1831 1444 catalogo
1877 1355 2187 1423 addamus
2233 1363 2297 1423 et
2345 1359 2501 1422 erit:

344 1463 431 1530 68
502 1464 833 1528 Pirithous.

228 1605 240 1610 -
336 1569 862 1655 Rhadamanthys
923 1575 1143 1634 autem
1162 1617 1179 1648 ,
1244 1569 1574 1647 deficiente
1635 1571 1702 1634 in
1759 1567 1946 1634 litera
1995 1579 2036 1634 P
2089 1573 2226 1634 tam
2273 1568 2486 1655 lapide
2533 1568 2644 1636 Al-

236 1679 408 1744 bano
468 1697 663 1763 quam
726 1675 1011 1753 Pira1c0,
1074 1675 1268 1742 habet
1316 1674 1505 1740 modo
1551 1675 1789 1759 quibus
1835 1695 1902 1740 se
1951 1680 2212 1741 tueatur
2258 1675 2639 1742 Strabonem

234 1792 309 1852 et
355 1783 762 1851 scholiastam
805 1781 887 1847 ad
929 1781 1241 1848 Orestem.
1290 1781 1611 1862 Quoniam
1658 1787 1881 1847 autem
1927 1780 2082 1846 haec
2128 1783 2472 1848 auctoritas
2511 1803 2636 1848 non

238 1895 457 1958 minor
500 1897 629 1970 est,
678 1910 871 1977 quam
920 1895 1276 1956 ceterarum
1297 1935 1314 1966 ,
1362 1884 1688 1954 addendus
1734 1894 1830 1953 est

341 1998 425 2064 69
494 1997 1012 2082 Rhadamanthys.

335 2104 525 2186 Quid.
548 2108 768 2169 autem
807 2103 884 2169 de
922 2099 1203 2170 Cadmo?
1242 2101 1480 2168 Tacent
1518 2100 1784 2187 lapides.
1825 2100 2010 2184 Quod
2050 2108 2267 2169 autem
2308 2100 2635 2170 Albanum

232 2231 523 2278 marmor
557 2212 791 2276 attinet
828 2211 1039 2289 (cuius
1076 2212 1248 2296 prior
1287 2208 1585 2275 columna
1625 2207 1862 2274 desinit
1902 2215 1976 2274 ut
2013 2209 2147 2274 dixi
2164 2232 2240 2276 ex
2266 2210 2634 2276 fracturain

232 2319 424 2402 Epeo,
488 2316 689 2382 altera
736 2314 1034 2382 columna
1082 2336 1118 2381 a
1165 2317 1370 2401 capite
1416 2317 1672 2402 integra
1717 2317 1948 2400 incipit
1990 2317 2060 2380 in
2117 2316 2511 2399 Cretensibus)
2557 2339 2637 2384 ex

234 2447 317 2490 eo
365 2423 534 2511 quod
576 2425 645 2489 in
692 2421 893 2489 altera
939 2423 1100 2488 serie
1148 2421 1377 2488 adsunt
1418 2420 1754 2489 Cretenses
1773 2469 1790 2500 ,
1834 2420 2094 2490 Cressae
2113 2471 2130 2502 ,
2174 2420 2598 2510 Cresphontes
2617 2475 2635 2505 ‚

236 2529 553 2618 Cyclops,
605 2567 690 2579 —
741 2531 958 2614 itaque
1020 2535 1285 2614 excepta
1332 2526 1573 2599 Cadmo
1621 2551 1844 2595 omnes
1889 2550 2050 2616 quae
2097 2551 2134 2596 a
2179 2527 2396 2598 littera
2446 2539 2495 2597 Κ
2544 2533 2640 2598 in-

232 2639 488 2723 cipiunt
526 2672 613 2687 —
652 2635 897 2703 efficere
937 2634 1145 2702 voluit
1188 2634 1722 2701 Wilamowitzius
1763 2633 1994 2702 Cadmi
2034 2657 2268 2702 nomen
2293 2660 2416 2703 non
2437 2638 2636 2705 fuisse

230 2748 306 2810 in
368 2764 441 2810 eo
501 2742 753 2829 lapide,
819 2744 934 2809 vix
995 2744 1172 2806 enim
1235 2741 1588 2809 verisimile
1653 2743 1713 2806 ei
1775 2741 2036 2808 videtur
2081 2742 2423 2827 lapicidam
2469 2743 2634 2810 illud

232 2872 474 2917 nomen
536 2870 742 2915 unum
804 2870 842 2914 a
902 2849 1128 2913 ceteris
1174 2869 1287 2933 per
1333 2854 1383 2909 K
1431 2848 1888 2933 incipientibus
1937 2848 2277 2915 divulsisse
2327 2856 2519 2935 atque
2564 2853 2634 2917 in

234 2960 449 3043 priore
511 2954 811 3022 columna
870 2956 1176 3040 posuisse.
1241 2952 1563 3038 Equidem
1609 2955 1806 3018 nimis
1851 2956 2174 3020 incertum
2221 2954 2493 3021 dixerim
2540 2956 2632 3021 di-

230 3064 445 3131 vinari
506 3061 659 3147 quid
718 3059 993 3146 lapicida
1050 3064 1164 3124 aut
1211 3059 1433 3124 fecerit
1477 3064 1592 3124 aut
1637 3062 1966 3126 vitaverit.
2013 3060 2249 3127 Malim
2307 3060 2630 3130 Welckero

233 3166 621 3255 adstipulari
679 3168 793 3253 qui
854 3168 1107 3231 cautius
1170 3162 1313 3244 (Gr.
1363 3164 1554 3251 Trag.
1605 3164 1670 3229 II
1718 3164 1879 3246 810)
1960 3168 2142 3245 „Ans
2179 3167 2326 3233 dem
2375 3166 2634 3234 Albani-

232 3275 427 3343 schen
503 3272 721 3341 Steine
796 3270 962 3337 fehlt
1007 3270 1109 3337 die
1154 3269 1357 3337 Stelle
1405 3274 1604 3338 werin
1654 3271 1939 3339 Kadmos
1984 3294 2064 3339 zu
2111 3275 2346 3340 suchen
2398 3275 2632 3343 ware”.

234 3380 497 3468 Itaque,
561 3400 721 3445 num
778 3380 974 3443 fuerit
1018 3380 1089 3443 in
1136 3398 1455 3443 marmore
1501 3377 1747 3444 Albano
1795 3401 2058 3465 prorsus
2103 3383 2495 3468 ignoramus.
2547 3419 2634 3433 --

232 3487 361 3554 Sed
423 3487 867 3573 fragmentum
930 3483 1189 3549 affertur
1254 3504 1376 3561 „ex
1439 3481 1684 3551 Cadmo
1739 3484 2134 3572 Euripidis’'.
2186 3524 2273 3537 —
2321 3486 2460 3554 Non
2508 3491 2635 3555 nisi

230 3617 271 3660 a
333 3592 577 3671 Prob0,
640 3612 865 3661 versus
927 3596 1147 3656 autem
1208 3593 1497 3677 corrupti
1558 3613 1686 3657 non
1749 3592 1952 3659 modo
1995 3593 2108 3658 sed
2155 3596 2436 3679 suspecti
2484 3616 2635 3660 non-

228 3700 455 3767 nullis.
521 3734 607 3749 —-
669 3698 872 3764 Mitto
933 3717 1157 3763 versus
1213 3700 1383 3783 ipsos
1447 3697 1525 3763 de
1585 3696 1780 3765 Caelo
1844 3698 2147 3785 Chaoque
2195 3700 2630 3766 absconditam

228 3808 615 3893 sapientiam
654 3804 1121 3891 praedicantes,
1163 3824 1552 3889 quamquam
1594 3805 1955 3871 abiudicare
1994 3804 2293 3891 Euripidi
2331 3826 2436 3871 eos
2477 3809 2630 3892 quia

232 3914 627 3983 obscuriores
690 3914 821 3977 sint
879 3913 991 3976 vix
1052 3912 1303 3976 critices
1365 3910 1700 3996 prudentis
1747 3911 1910 3977 mihi
1957 3911 2234 3977 videtur.
2287 3910 2524 3977 Verum
2571 3915 2628 3979 si

230 4020 479 4085 Probus
549 4039 657 4084 eos
725 4037 949 4083 versus
1018 4037 1094 4081 ex
1164 4017 1495 4103 Euripidis
1560 4013 1802 4083 Cadmo
1866 4019 2231 4103 provenisse
2294 4018 2626 4104 perhibet,

225 4126 489 4190 fuerunt
548 4122 803 4190 saeculo
861 4125 1070 4209 primo
1118 4125 1230 4208 qui
1276 4121 1651 4208 Euripidem
1706 4120 2024 4190 Cadmum
2074 4126 2398 4210 scripsisse
2443 4130 2628 4212 puta-

222 4237 385 4298 rent.
432 4231 745 4297 Extitisse
792 4236 1009 4322 autem
1059 4228 1345 4296 fabulam
1388 4227 1711 4296 Cadmum
1749 4232 2204 4316 cognitamque
2244 4252 2386 4297 eam
2427 4230 2628 4298 fuisse

222 4340 510 4425 Augusti
559 4343 767 4403 aetate
812 4335 1159 4425 lectoribus
1203 4336 1529 4415 Romanis,
1572 4336 1641 4402 id
1680 4341 1999 4402 testantur
2039 4339 2362 4403 notissimi
2399 4360 2624 4405 versus
2731 4353 2734 4356 “

226 4444 489 4513 Horatii
536 4444 611 4511 A.
639 4444 714 4511 P.
768 4442 896 4511 185
958 4448 1058 4525 (ne
1109 4465 1331 4527 pucros
1395 4466 1587 4509 coram
1642 4422 1872 4528 popule
1919 4444 2141 4509 Medea
2189 4444 2465 4524 trucidet,
2514 4452 2624 4511 aut
