3246 5085
594 338 725 403 420
1634 357 1943 404 nom-rus.

589 528 766 587 tatur
805 520 1027 587 Velius
1074 521 1374 607 Longus,
1424 519 1504 586 G.
1547 522 1620 586 L.
1672 521 1790 587 VII
1834 521 1951 585 59:
2007 522 2288 586 Auribus
2327 521 2587 607 quidem
2632 520 3016 585 sufficiebat

587 635 665 694 ut
726 649 982 714 equus
1029 627 1426 714 (exemplum
1479 630 1711 693 tritum
1756 631 1824 693 in
1872 629 1992 693 hac
2039 630 2436 713 quaestione)
2483 647 2595 713 per
2640 647 2887 693 unum
2954 647 3013 689 u

589 736 990 815 scriberetur,
1057 738 1218 800 ratio
1275 742 1486 801 tamen
1546 736 1701 800 duo
1750 738 1995 822 exigit,
2044 756 2097 802 e.
2126 756 2185 820 q.
2214 757 2287 813 s.,
2334 734 2707 819 ibidemque
2752 733 3015 799 Teren-

589 844 720 907 tius
767 840 1079 919 Scaurus,
1131 838 1209 907 G.
1262 840 1334 904 L.
1390 839 1506 905 VII
1559 839 1665 905 12.

683 946 848 1012 Utor
907 948 1027 1012 hac
1092 948 1569 1033 opportunitate
1618 954 1694 1011 ut
1740 949 2059 1034 corrigam
2108 948 2522 1013 omissionem
2570 948 3009 1011 commissam

587 1056 654 1117 in
704 1056 913 1140 capite
961 1054 1038 1119 de
1086 1052 1343 1119 scholiis
1393 1056 1703 1139 repetitis.
1755 1054 2067 1142 Legimus
2115 1075 2345 1139 nempe
2393 1050 2710 1119 scholium
2750 1052 3008 1118 Donati

590 1160 619 1225 I
671 1160 734 1225 2.
762 1159 962 1241 2(4):
1029 1159 1308 1225 Davus
1357 1167 1433 1226 ut
1479 1166 1650 1227 recte
1698 1162 2033 1239 scribatur,
2085 1160 2355 1233 Davos
2402 1159 2802 1225 scribendum
2850 1163 3003 1237 est,

587 1268 740 1351 quia
805 1265 985 1331 nulla
1045 1265 1264 1331 littera
1327 1264 1566 1331 vocalis
1627 1270 1961 1353 geminata
2023 1288 2221 1333 unam
2268 1265 2586 1353 syllabam
2637 1266 2819 1343 facit;
2869 1263 3003 1329 sed

588 1374 742 1457 quia
787 1374 1182 1458 ambiguitas
1229 1372 1493 1438 vitanda
1535 1380 1666 1453 est,
1710 1375 2093 1439 nominativi
2138 1371 2488 1459 singularis
2529 1378 2595 1437 et
2631 1372 3001 1436 accusativi

590 1476 892 1565 pluralis,
956 1481 1310 1543 necessario
1373 1500 1487 1565 pro
1543 1480 1663 1545 hac
1712 1479 1939 1567 regula
1983 1480 2313 1566 digamma
2360 1480 2612 1544 utimur
2656 1476 2720 1543 et
2764 1477 3002 1542 scribi-

590 1606 738 1649 mus
788 1584 1061 1649 Darus
1109 1604 1401 1649 serrus
1449 1605 1778 1651 corrus.

682 1691 954 1755 Prorsus
992 1689 1159 1755 idem
1204 1689 1448 1777 legitur
1484 1690 1578 1756 111
1621 1692 1684 1757 4.
1717 1692 1749 1755 1
1779 1691 1875 1772 (l)
1913 1692 2038 1756 nisi
2077 1690 2244 1777 quod
2278 1696 2582 1777 quartum
2612 1687 2997 1775 exemplum

591 1796 849 1862 additur
909 1795 1217 1883 wulgus
1264 1800 1329 1861 in
1379 1798 1497 1863 hac
1543 1800 1911 1884 quaestione
1959 1798 2289 1883 frequens,
2338 1796 2415 1863 cf.
2466 1794 2654 1863 Char.
2703 1793 2735 1860 I
2784 1795 2889 1861 75.
2917 1794 2993 1861 4.

593 1901 925 1968 Scholium
972 1924 1098 1967 non
1146 1922 1182 1967 a
1229 1902 1477 1968 Donato
1524 1908 1871 1990 repetitum
1919 1926 2093 1982 esse,
2145 1904 2326 1969 docet
2368 1903 2438 1968 id
2484 1902 2655 1988 quod
2692 1903 2995 1987 sequitur

591 2008 687 2090 (2)
727 2006 804 2074 de
845 2029 1103 2074 scaenae
1143 2012 1540 2087 oeconomia,
1584 2031 1747 2095 quae
1788 2009 2030 2076 scholia
2069 2009 2229 2076 Don.
2272 2010 2350 2075 ab
2387 2012 2573 2074 initio
2612 2029 2992 2074 scaenarum

593 2136 978 2201 praeponere
1016 2113 1201 2180 solet.
1245 2113 1544 2181 Ceterum
1589 2116 1974 2194 differentia,
2019 2137 2181 2202 quae
2213 2118 2523 2203 tangitur,
2548 2118 2719 2180 inter
2740 2116 2991 2180 nomin.

591 2224 760 2307 sing.
811 2228 876 2287 et
919 2242 1128 2287 accus.
1177 2220 1347 2307 plur.
1397 2220 1552 2287 alibi
1597 2230 2173 2289 commemoratum
2220 2244 2344 2314 non
2384 2220 2517 2306 legi
2532 2242 2547 2299 ;
2591 2221 2667 2287 de
2704 2242 2777 2285 eo
2816 2218 2989 2305 quod

593 2334 691 2393 est
758 2349 856 2393 uo
929 2349 1043 2413 pro
1105 2349 1211 2392 uu
1272 2334 1338 2393 et
1400 2327 1476 2393 de
1539 2328 1757 2394 littera
1820 2328 2185 2416 digamma,
2243 2328 2389 2393 vide
2438 2348 2597 2413 quae
2642 2328 2871 2412 scripsi
2906 2322 2989 2389 'in

591 2433 758 2498 libro
822 2454 966 2498 meo
1028 2454 1091 2518 p.
1144 2430 1251 2510 71,
1315 2434 1428 2498 ubi
1475 2434 1551 2498 de
1599 2434 1718 2499 hac
1766 2456 1831 2500 re
1878 2454 2113 2521 agmen
2162 2435 2341 2499 ducit
2386 2431 2989 2513 Quintilianus

592 2538 623 2604 I
675 2535 734 2604 7.
765 2538 887 2604 20:
956 2538 1220 2627 „Nostri
1283 2547 1721 2627 praeceptores
1785 2562 2694 2640 servumlcervumque
2742 2561 2785 2604 u
2835 2547 2985 2604 eto

589 2645 826 2711 litteris
886 2650 1311 2732 scripserunt,
1377 2651 1527 2733 quia
1591 2649 1877 2714 subiecta
1922 2649 2046 2713 sibi
2096 2649 2335 2714 vocalis
2382 2651 2449 2712 in
2498 2668 2702 2713 unum
2752 2667 2985 2712 sonum

590 2751 936 2818 coalescere
982 2758 1049 2817 et
1095 2753 1398 2818 confundi
1444 2757 1739 2840 nequiret
1786 2761 1890 2832 (=
1936 2753 2135 2820 Don.:
2184 2757 2336 2840 quia
2382 2753 2563 2819 nulla
2610 2753 2830 2818 littera
2874 2773 2989 2817 vo-

591 2856 748 2923 calis
795 2865 993 2936 cett.).
1042 2859 1228 2924 Nunc
1269 2881 1314 2925 u
1351 2864 1647 2946 geminae
1686 2861 2056 2925 scribuntur
2093 2881 2166 2925 ea
2204 2862 2445 2924 ratione
2485 2880 2676 2944 quam
2716 2858 2987 2924 reddidi.

592 2965 724 3031 Nec
787 2963 1113 3029 inutiliter
1173 2963 1479 3031 Claudius
1541 2965 1849 3031 aeolicam
1911 2965 2090 3031 illam
2140 2973 2205 3044 (π
2250 2966 2579 3051 digamma
2624 2967 2987 3045 inversum)

592 3071 671 3136 ad
735 3069 856 3136 hoc
922 3092 1078 3136 usus
1143 3069 1432 3136 litteram
1495 3071 1899 3136 adiecerat..”
1964 3070 2106 3156 Ipse
2155 3070 2443 3136 Donatus
2490 3073 2558 3135 in
2605 3071 2683 3136 A.
2734 3067 2848 3135 Gr.
2900 3067 2987 3134 IV

595 3177 746 3243 368.
779 3177 899 3242 18:
967 3177 1184 3256 „Huic
1224 3176 1504 3258 (litterae
1553 3183 1625 3258 u)
1672 3178 2046 3264 digammon
2094 3178 2366 3243 adscribi
2416 3176 2614 3255 solet,
2664 3198 2811 3243 cum
2862 3176 2989 3241 sibi

591 3287 730 3369 ipsa
779 3287 1210 3369 praeponitur,
1261 3289 1336 3348 ut
1381 3303 1715 3360 servus,
1766 3283 2152 3369 vulgus.''

684 3495 715 3560 I
770 3496 829 3560 l.
863 3494 942 3560 17
1007 3495 1176 3561 Nam
1220 3499 1416 3562 istaec
1465 3500 1991 3563 commemoratio
2040 3498 2222 3581 quasi
2260 3497 2726 3582 exprobratiost
2762 3498 2991 3562 imme-

593 3605 792 3668 moris
839 3602 1129 3668 beneficii

685 3709 780 3790 (2)
844 3707 991 3775 Cito
1052 3708 1330 3774 ostendit
1391 3730 1458 3774 se
1504 3712 1568 3773 in
1621 3713 1933 3775 memoria
1978 3710 2232 3775 habere.
2394 3708 2489 3788 (3)
2536 3699 2701 3774 Sunt
2747 3710 2859 3794 qui
2905 3709 2985 3773 ad

588 3813 968 3882 beneficium
1007 3816 1285 3881 referant
1324 3817 1781 3893 immemor,
1826 3826 1901 3881 ut
1944 3837 2338 3894 „memorem
2376 3814 2635 3880 Iunonis
2669 3815 2748 3879 ad
2772 3815 2981 3880 iram”

589 3927 773 4004 (Aen.
840 3922 871 3988 Ι
926 3922 995 4003 4)
1043 3961 1127 3972 —-
1177 3920 1347 4007 quod
1412 3927 1544 4000 est,
1609 3922 1730 3987 hoc
1792 3925 2142 3987 immemor
2194 3928 2291 3986 est
2338 3919 2755 3998 beneficium,
2804 3923 2987 3985 cuius

591 4049 779 4093 nemo
827 4031 1219 4094 meminerit.

680 4134 839 4199 Don.
905 4137 970 4198 in
1035 4135 1132 4217 (2)
1195 4137 1634 4201 immemor
1697 4142 1865 4200 recte
1930 4135 2008 4199 ad
2058 4155 2391 4219 personam
2441 4132 2719 4199 rettulit.
2769 4131 2989 4198 Altera

587 4241 1035 4324 interpretatio
1079 4242 1145 4304 in
1188 4240 1284 4320 (3)
1333 4245 1390 4306 si
1428 4243 1620 4326 Aspri
1662 4246 1795 4317 est,
1839 4243 1951 4325 qui
1990 4243 2186 4306 etiam
2228 4246 2693 4306 commentator
2714 4237 2988 4325 Vergilii

593 4347 868 4421 exstitit,
917 4345 1097 4411 docte
1144 4349 1405 4412 erravit.
1457 4345 1665 4412 Verba
1720 4347 1931 4432 „quod
1979 4347 2116 4411 est”
2168 4368 2337 4432 seqq.
2392 4367 2429 4410 a
2480 4327 2788 4432 magistro
2837 4351 2989 4409 sunt

592 4450 830 4529 addita,
872 4471 1065 4535 quam
1105 4451 1343 4517 Wessn.
1386 4455 1715 4519 immerito
1754 4455 2029 4517 correxit
2067 4453 2344 4518 scribens
2390 4452 2599 4537 „quod
2636 4449 2785 4540 <si>
2825 4450 2985 4518 est”.
