3246 5085
602 310 731 381 1¹70
1607 329 1981 379 purorum.

684 497 845 563 Ibid.
893 496 1022 563 160
1043 497 1118 563 D.
1183 498 1498 580 Quoniam
1541 498 1861 565 adiectiva
1907 497 2304 585 superlativo
2348 500 2559 587 gradu
2604 500 2991 588 plerumque

591 604 966 691 compendio
1016 604 1290 690 quodam
1336 606 1793 684 scribebantur,
1849 624 2035 691 saepe
2090 606 2337 672 factum
2392 613 2489 673 est
2542 612 2619 673 ut
2667 612 2991 694 positivus

589 732 921 798 perperam
961 712 1325 797 irrepserit,
1367 732 1552 798 saepe
1592 715 1790 778 etiam
1833 714 2073 778 factum
2121 719 2221 778 est
2264 716 2681 781 contrarium.
2721 716 2987 782 Novum

592 818 698 883 hic
767 814 1078 883 habemus
1147 817 1513 904 exemplum
1536 867 1552 897 ,
1628 819 1740 885 ubi
1808 819 2163 885 secundum
2230 822 2617 886 sententiam
2679 821 2991 901 Homeri,

593 922 908 989 Heracliti
975 930 1042 989 et
1109 922 1388 989 aliorum
1458 925 1733 989 refertur
1800 928 2015 990 omnia
2076 931 2384 1011 perpetuo
2448 930 2733 1007 moveri,
2813 930 2989 994 κατὰ

593 1030 657 1095 δὲ
730 1030 1148 1111 Πρωταγόραν
1219 1030 1322 1094 τὸν
1394 1028 1880 1109 σοφώτατον
1955 1030 2202 1096 πάντων
2267 1034 2612 1113 χρημάτων
2682 1031 2988 1111 ἄνθρωπον

595 1136 812 1215 μέτρον
860 1132 1034 1203 εἶναι.
1098 1136 1281 1203 Nihil
1329 1143 1422 1203 est
1471 1137 1642 1224 quod
1686 1159 1858 1203 nunc
1905 1138 2289 1225 Protagoras
2336 1141 2851 1226 sapientissimus
2894 1141 2992 1207 di-

595 1246 784 1321 citur,
833 1246 1018 1330 quasi
1066 1265 1215 1309 vero
1255 1244 1372 1310 hoc
1411 1242 1699 1310 Socrates
1738 1244 2055 1311 affirmare
2095 1247 2299 1332 possit
2338 1268 2475 1311 esse
2513 1268 2665 1312 eum
2707 1247 2991 1315 Homero

595 1352 1070 1437 sapientiorem.
1112 1350 1411 1417 Rescribe
1453 1352 1871 1430 Πρωταγόραν
1910 1352 2009 1415 τὸν
2050 1352 2316 1434 σοφόν,
2356 1352 2433 1419 de
2470 1356 2655 1421 cuius
2688 1355 2991 1423 adiectivi

596 1477 721 1522 usu
779 1457 947 1522 infra
1009 1456 1322 1543 quaedam
1387 1457 1722 1525 adnotabo.
1788 1458 1928 1524 Hoc
1975 1480 2227 1545 quoque
2276 1460 2441 1525 mihi
2486 1460 2849 1549 intelligere
2902 1466 2993 1528 vi-

594 1562 762 1641 deor,
829 1562 996 1628 unde
1060 1564 1296 1629 vitium
1359 1569 1574 1630 ortum
1638 1566 1725 1629 sit
1744 1584 1762 1642 ;
1840 1586 2071 1651 nempe
2132 1564 2381 1631 librarii
2442 1566 2863 1633 dormitantes
2924 1573 2993 1633 et

590 1667 768 1734 aliud
836 1674 1099 1758 agentes
1167 1670 1572 1737 crediderunt
1642 1671 2165 1760 coniungendum
2236 1692 2372 1739 esse
2426 1673 2543 1742 -τὸν
2618 1676 2983 1755 σοφώτατον

597 1776 866 1841 πάντων.

686 1997 848 2067 Ibid.
904 1998 1124 2065 162E.
1189 1997 1479 2085 Intelligi
1539 2021 1665 2066 non
1730 2005 1940 2085 potest
2002 1998 2169 2077 ἄξιος
2238 2000 2557 2073 οὐδενὸς
2618 2001 2719 2079 μό
2734 2025 2859 2067 νου
2910 2000 2989 2067 ἂν

597 2105 723 2183 εἴη,
787 2105 894 2172 vel
956 2104 1122 2192 quod
1184 2104 1533 2171 Schanzius
1587 2104 2017 2171 Scholiastam
2066 2114 2322 2191 secutus
2369 2106 2573 2173 edidit
2618 2106 2767 2173 οὐδ’
2818 2108 2983 2179 ἑνὸς

599 2211 865 2289 μόνου.
914 2211 1168 2293 Quanta
1207 2213 1494 2277 maxima
1533 2232 1685 2277 cura
1724 2214 1943 2298 potui,
1983 2214 2230 2279 ostendi
2268 2214 2491 2279 Mum.
2538 2212 2709 2279 1901
2752 2236 2813 2299 p.
2859 2210 2987 2281 18¹7

596 2318 795 2384 latere
834 2318 1254 2403 proverbium
1291 2339 1368 2383 ex
1411 2316 1689 2383 talorum
1730 2340 1855 2384 usu
1894 2322 2263 2405 repetitum,
2304 2341 2430 2406 quo
2466 2322 2661 2386 etiam
2702 2318 2989 2387 scholion

598 2424 814 2491 ducit:
879 2425 946 2489 ἐκ
1005 2424 1068 2489 δὲ
1134 2431 1242 2499 τῆς
1305 2430 1421 2489 τῶν
1484 2423 1863 2502 κυβευόντων
1929 2428 2245 2501 συνηθείας
2295 2423 2496 2503 ἔλαβε
2543 2425 2615 2490 τὸ
2662 2426 2985 2501 οὐδενὸς

599 2530 862 2611 μόνου,
908 2528 1056 2598 ὅταν
1099 2531 1226 2596 ἐκεῖ
1269 2531 1426 2614 πέσῃ
1473 2532 1532 2596 ἐν
1579 2534 1663 2614 τῷ
1714 2528 1954 2612 παίζειν
2003 2528 2065 2598 ἓν
2117 2534 2185 2599 τὸ
2236 2532 2553 2613 &xixus-ov.
2602 2532 2777 2600 Hinc
2816 2555 2986 2600 eom-

600 2637 899 2704 mendare
939 2640 1182 2704 ausim:
1225 2636 1390 2715 ἄξιος
1434 2637 1564 2704 οὐδὲ
1607 2639 1880 2704 Μάνου
1918 2638 1993 2704 ἂν
2030 2638 2121 2714 εἴη
2142 2688 2159 2719 ,
2199 2661 2353 2706 nam
2388 2638 2645 2706 aliunde
2684 2643 2987 2706 novimus

597 2766 829 2812 nomen
891 2745 1010 2810 hoc
1071 2766 1206 2810 esse
1266 2744 1461 2821 βόλον
1525 2745 1798 2824 φαύλου.
1867 2745 2088 2834 Nuper
2150 2767 2358 2813 novus
2417 2744 2599 2812 locus
2642 2767 2775 2815 sese
2822 2747 2988 2812 mihi

594 2851 864 2929 obtulit,
913 2853 1025 2917 ubi
1063 2852 1238 2917 idem
1277 2873 1510 2918 nomen
1549 2851 2004 2919 verosimiliter
2040 2852 2218 2920 latet.
2260 2853 2633 2940 Epicharmi
2671 2854 2994 2941 frag-men-

601 2966 741 3025 tum
805 2963 904 3024 est
971 2957 1096 3024 139
1162 2958 1340 3037 Ahr„
1404 2957 1570 3044 quod
1635 2958 1948 3025 Stobaeus
2008 2964 2293 3026 servavit
2349 2960 2517 3027 Flor.
2584 2961 2799 3026 LXIX
2866 2960 2987 3029 17:

867 3065 936 3129 τὸ
987 3065 1048 3130 δὲ
1099 3073 1334 3142 γαμεῖν
1382 3062 1580 3142 ὅμοιόν
1630 3067 1719 3136 ε’ςι
1770 3068 1852 3148 τῷ
1900 3068 2026 3147 τρὶς
2075 3059 2143 3145 ἓξ
2188 3066 2223 3142 ἢ
2271 3076 2430 3148 τρεῖς
2478 3067 2769 3142 μόνους

872 3171 997 3235 ἀπὸ
1047 3174 1249 3253 τύχης
1297 3172 1547 3248 βαλεῖν.

595 3277 832 3344 Scribit
892 3278 1141 3343 Ahrens
1189 3278 1390 3365 vulgo
1437 3287 1592 3360 τρεῖς
1647 3278 1946 3357 κύβους
1996 3277 2165 3366 legi,
2216 3279 2325 3345 sed
2370 3301 2574 3366 quum
2620 3284 2687 3346 in
2737 3280 2991 3348 duobus

595 3383 920 3450 codicibus
1002 3393 1157 3462 τρεῖς
1231 3385 1528 3464 κύβους
1592 3385 1803 3461 μόνους
1878 3385 2158 3472 legatur,
2228 3385 2683 3452 verosimiliter
2750 3387 2987 3464 κύβους

594 3489 880 3578 glossam
940 3513 1074 3556 esse
1134 3491 1561 3558 iudicandam.
1636 3491 1939 3558 Libenter
1998 3492 2306 3570 conced0‚
2372 3495 2688 3558 scribatur
2755 3493 2989 3559 modo:

596 3605 753 3676 τρεῖς
805 3596 1127 3668 Μάνους
1179 3595 1317 3676 vel,
1366 3601 1422 3663 si
1467 3599 1585 3664 hoc
1632 3598 1898 3664 fortasse
1948 3601 2188 3678 mavis,
2240 3599 2547 3671 Μάνας.

688 3817 850 3882 Ibid.
899 3840 960 3904 p.
1015 3815 1253 3883 16613:
1303 3819 1643 3896 σοφώτερον
1691 3819 1803 3895 μὲν
1854 3814 1949 3883 οὖν
2002 3819 2227 3882 τούτων
2276 3817 2443 3884 οὐδὲν
2484 3817 2579 3884 δεῖ
2619 3826 2995 3891 ποιῆσαι.

596 3923 734 3989 Imo
782 3923 1131 4010 legendum
1179 3929 1311 3989 est:
1364 3930 1668 3995 νοῆσαι.

689 4129 847 4196 Ibid.
888 4151 950 4214 p.
997 4126 1230 4196 1680:
1279 4134 1486 4195 ταῦτα
1539 4133 1621 4211 τῷ
1662 4130 1879 4211 ἑταίρῳ
1918 4153 2023 4195 σου
2062 4131 2145 4202 εἰς
2187 4129 2471 4208 βοήθειαν
2510 4131 2993 4211 προσῆρκεσοι

596 4237 712 4313 μὲν
763 4237 995 4313 σμικρὰ
1044 4236 1168 4300 ἀπὸ
1216 4242 1498 4314 σμικρῶν.
1565 4235 1940 4322 Sequuntur
1987 4236 2117 4307 fere
2164 4236 2438 4303 editores
2485 4235 2703 4303 Oorais
2748 4241 2999 4304 coniec-

597 4351 846 4419 turam,
898 4363 1046 4407 nam
1095 4342 1526 4419 προσκρξάμην
1567 4346 1633 4407 iu
1674 4344 1857 4407 bonis
1896 4341 2079 4406 libris
2118 4340 2383 4429 legitur.
2432 4343 2747 4430 Equidem
2786 4343 2995 4410 incidi

597 4452 665 4515 in
714 4449 1467 4529 προσηρανισοὶμην.
