3246 5085
569 305 698 372 198
1607 324 1922 374 nonnus.

648 489 810 556 Ibid.
860 490 948 556 24
1009 489 1081 556 Si
1126 511 1290 576 quae
1335 496 1434 556 est
1483 491 1764 559 habitior
1808 491 2004 577 paulo

647 598 746 678 (1)
806 595 960 664 Inde
1004 603 1068 663 et
1115 596 1526 663 habitudo
1575 597 1831 676 dieitur,
1882 603 1957 662 ut
2004 596 2093 678 (ΙΙ
2141 596 2204 662 2.
2238 596 2346 678 11)
2398 617 2604 682 „quae
2639 595 2957 662 habitudo

555 711 654 770 est
690 701 1048 790 eorporis''1
1098 704 1196 784 (2)
1234 703 1402 770 Nam
1447 703 1805 781 „habilior”
1850 705 2134 789 aptior
2172 702 2591 790 intelligitur,
2634 711 2711 769 ιιι
2736 723 2957 780 „nam-

556 831 680 896 que
718 809 1008 876 humeris
1046 810 1124 876 de
1163 832 1344 876 more
1380 808 1663 876 habilem
1703 809 2121 896 suspenderat
2156 809 2424 876 aroum”
2468 810 2661 898 Vel-g·-
2685 810 2743 892 (I
2770 809 2953 891 318).

556 915 730 1003 Ergo
777 915 1139 994 „habitior”
1187 914 1538 1003 legendum
1583 922 1702 982 est.

646 1021 856 1089 Sobel.
897 1022 994 1103 (2)
1041 1028 1259 1088 eontra
1304 1022 1538 1088 Sabb.
1589 1021 1835 1088 Donato
1880 1021 2342 1090 vindicandum
2389 1028 2520 1100 est,
2569 1025 2682 1109 qui
2719 1044 2955 1110 cog-no·

564 1131 727 1196 visse
771 1129 1034 1196 videtur
1077 1129 1421 1195 lectionem
1471 1127 1858 1207 „habilior”,
1907 1149 2101 1214 quam
2149 1130 2413 1196 refutat.
2463 1128 2539 1194 In
2585 1136 2987 1196 commento·

553 1235 794 1301 scholia
853 1237 1167 1300 nimirum
1227 1237 1563 1300 coniuncta
1620 1234 1916 1314 fuerunt,
1963 1255 2036 1301 eo
2081 1236 2211 1301 fere
2258 1235 2481 1312 modo,
2535 1243 2617 1301 ιιι
2660 1242 2807 1322 post
2852 1236 2955 1316 (1)

557 1341 919 1429 leg-eretur:
987 1362 1179 1419 „vera
1233 1340 1457 1418 leot-io,
1519 1363 1648 1406 non
1693 1340 2087 1418 habilior,
2136 1363 2285 1408 nam
2332 1340 2755 1407 habilior”
2804 1347 2959 1408 cett.

557 1449 664 1528 (of.
713 1447 793 1514 ad
840 1447 1033 1514 Andr.
1081 1447 1112 1512 1
1157 1447 1220 1513 2.
1247 1446 1336 1512 34
1359 1447 1516 1528 (2));
1568 1449 1764 1513 verba
1810 1469 1961 1514 easu
2005 1447 2491 1514 interciderunt.

648 1554 812 1619 Ibid.
862 1552 949 1619 26
1011 1553 1236 1639 Itaque
1283 1574 1439 1641 ergo
1488 1560 1791 1620 amantur
1834 1553 1997 1633 (scil.
2049 1553 2302 1639 puellae
2344 1556 2638 1642 iuneeae)

649 1660 747 1741 (1)
795 1658 1128 1745 ‚,Itaque'’,
1175 1662 1422 1745 inquit,
1475 1681 1710 1738 „nemo
1757 1658 1906 1725 illas
1954 1659 2211 1726 amat'':
2262 1661 2549 1740 εἰρωνεία.
2689 1660 2797 1727 Sic
2834 1681 2959 1727 acu

556 1787 697 1832 rem
758 1768 984 1853 tetigit
1043 1766 1205 1832 Don.
1270 1773 1375 1845 (---
1427 1766 1546 1846 „de
1609 1765 1805 1832 liefde
1870 1766 1975 1833 die
2021 1787 2169 1833 men
2214 1766 2351 1832 hun
2400 1767 2736 1854 toedraagt
2784 1769 2842 1832 is
2887 1771 2958 1832 in

559 1875 1190 1959 overeenstemming
1249 1879 1384 1938 met
1443 1873 1578 1938 hun
1640 1871 2085 1939 sehraalheid”
2105 1894 2123 1954 ς
2198 1873 2275 1938 de
2336 1872 2622 1939 formula
2694 1876 2959 1959 „itaque

559 1979 760 2067 ergo”
809 1980 958 2046 vide
1003 1979 1260 2045 Fabia
1305 1979 1385 2044 ad
1433 1978 1497 2045 h.
1543 1979 1588 2046 l.
1640 1984 1706 2045 et
1759 1978 2353 2046 Weissenborn
2397 1980 2476 2045 ad
2512 1979 2655 2045 Liv.
2702 1980 2955 2046 1.25.2

562 2087 916 2165 „demnaoh
978 2085 1207 2172 also”).
1273 2085 1610 2152 Contraria
1670 2088 2117 2172 interpretatio
2163 2086 2412 2172 legitur
2456 2089 2525 2151 in
2570 2087 2673 2167 (2)
2720 2094 2787 2154 et
2832 2087 2957 2166 (3).

557 2194 802 2279 Incipio
864 2215 902 2259 a
965 2193 1099 2274 (3):
1169 2191 1476 2277 „Itaque”
1540 2200 1792 2278 atque
1853 2196 2013 2270 ita,
2064 2200 2141 2258 ut
2200 2194 2320 2258 sit:
2383 2199 2577 2279 atque
2622 2194 2717 2258 ita
2760 2193 2836 2259 fit
2878 2202 2962 2258 ut

558 2307 858 2366 amentur
905 2320 1026 2365 non
1075 2304 1341 2364 naturae
1388 2301 1620 2365 merito
1668 2299 1777 2364 sed
1822 2299 2161 2365 industria.
2301 2298 2755 2385 Interpretatio
2796 2298 2964 2366 falsa

560 2405 856 2491 quidem,
907 2425 1059 2472 nam
1105 2408 1174 2470 in
1221 2410 1405 2471 textu
1453 2406 1618 2471 nihil
1664 2404 1910 2492 legitur
1952 2405 2030 2470 de
2076 2411 2307 2471 natura
2352 2412 2421 2472 et
2457 2406 2803 2484 industria,
2844 2405 2963 2472 sed

559 2514 890 2600 perspicue
957 2513 1308 2579 enuntiata.
1373 2510 1513 2578 Iam
1577 2532 1731 2579 vero
1794 2510 2029 2578 similis
2092 2511 2219 2578 fere
2281 2514 2661 2600 proponitur
2718 2515 2787 2579 in
2836 2511 2960 2594 (2),

559 2619 668 2685 sed
715 2624 1002 2684 contorta
1045 2619 1330 2685 oratione
1379 2620 1502 2684 sio:

648 2722 809 2791 Vere
871 2730 1192 2803 amantur,
1253 2729 1331 2790 ut
1392 2745 1466 2790 eo
1527 2727 1741 2811 magis
1788 2725 1945 2791 haee
1992 2724 2265 2791 amanda
2310 2726 2427 2802 sit,
2480 2746 2643 2811 quae
2688 2731 2961 2792 naturae

557 2830 895 2912 beneficio,
944 2851 1071 2896 non
1108 2831 1435 2897 industria
1480 2838 1594 2897 aut
1642 2831 1827 2897 saetis
1875 2832 2277 2918 (sumptibus,
2326 2830 2599 2917 pulchra
2646 2838 2765 2899 est.

651 2939 868 3005 Huius
905 2936 1134 3004 soholii
1173 2940 1472 3004 inventor
1508 2940 1710 3004 etiam
1749 2937 1904 3003 alibi
1945 2936 2136 3026 plura
2172 2937 2435 3017 intulit,
2478 2958 2641 3024 quae
2672 2961 2797 3005 non
2824 2941 2961 3004 sint

557 3047 626 3109 in
689 3050 903 3124 textu,
967 3064 1363 3130 quamquam
1426 3044 1529 3109 hie
1591 3050 1810 3129 aperte
1869 3043 1987 3110 hoe
2031 3044 2219 3110 finxit
2262 3044 2342 3110 ad
2393 3044 2767 3131 exemplum
2814 3045 2913 3125 (3)
2931 3066 2949 3121 ;

557 3172 746 3217 nemo
807 3157 1027 3217 autem
1074 3151 1396 3216 dubitabit
1441 3153 1595 3236 quin
1644 3156 1867 3217 auctor
1911 3150 2023 3216 ille
2068 3154 2155 3217 sit
2201 3149 2323 3229 1P,
2372 3150 2667 3217 assiduus
2712 3152 2953 3218 Donati

557 3256 873 3325 aemulus.
935 3256 1112 3323 Num
1165 3260 1375 3343 igitur
1425 3256 1538 3323 ille
1593 3262 1847 3343 praeter
1899 3256 2095 3322 schol.
2139 3256 2236 3336 (1)
2292 3259 2494 3323 etiam
2534 3256 2631 3339 (3)
2668 3261 2739 3323 in
2784 3280 2951 3325 oom-

558 3368 780 3431 mento
825 3360 1125 3429 offendit?
1187 3363 1283 3429 Ita
1331 3362 1550 3443 erede,
1600 3369 1666 3429 et
1712 3384 1787 3429 ea
1833 3363 2095 3449 quidem
2144 3365 2423 3443 ratione,
2470 3371 2549 3430 ut
2589 3363 2757 3430 Don.
2807 3370 2955 3450 post

559 3471 656 3555 (1)
703 3472 1083 3557 perrexerit:
1137 3468 1312 3549 „Alii
1349 3472 1473 3535 eie:
1525 3469 1620 3550 (3)
1663 3469 1973 3555 „Itaque”
2020 3474 2272 3555 atque
2305 3469 2494 3549 ita'’,
2534 3476 2683 3536 oett.
2778 3468 2949 3535 Tum

555 3578 659 3645 IP
721 3584 924 3643 suum'
977 3575 1075 3657 (2)
1137 3576 1480 3641 substituit
1543 3597 1656 3662 pro
1716 3575 1832 3661 (3),
1898 3574 2069 3662 quod
2136 3575 2397 3642 reduxit
2456 3596 2536 3641 ex
2598 3576 2727 3643 alio
2774 3576 2950 3642 fonte

558 3682 982 3771 Gompilator,
1029 3684 1284 3749 omissis
1327 3703 1392 3748 v,
1445 3681 1620 3760 „Alii
1664 3681 1823 3761 sie'’,
1871 3681 1980 3747 vel
2028 3679 2157 3747 tale
2200 3681 2375 3767 quid.
2424 3680 2599 3769 Ergo
2634 3680 2825 3749 Sabb.
2852 3682 2949 3763 (2)

556 3797 748 3869 reete,
797 3788 893 3871 (3)
941 3810 1277 3875 perperam
1319 3787 1643 3854 inclinatis
1686 3786 1925 3853 litteris
1972 3787 2167 3853 dedit.

648 3897 809 3963 Ibid.
852 3895 940 3962 28
987 3894 1172 3961 Hane
1209 3903 1284 3959 tu
1327 3894 1493 3958 mihi
1531 3892 1639 3959 vel
1677 3896 1745 3960 vi
1784 3892 1893 3959 vel
1928 3892 2101 3960 elam
2141 3893 2243 3960 ve]
2287 3897 2569 3980 precario
2606 3896 2705 3961 fac
2735 3894 2948 3961 tradas

649 4002 749 4085 (l)
808 4002 986 4068 Haeo
1031 4004 1159 4067 tria
1204 4006 1356 4066 aunt
1400 4001 1635 4086 quibus
1680 4022 1809 4067 non
1856 4003 1979 4067 rite
2027 4021 2127 4066 res
2175 4003 2413 4087 agitur.
2598 4000 2699 4083 (2)
2746 4001 2949 4067 Pretii

557 4112 802 4177 mentio
857 4130 984 4175 non
1045 4112 1176 4187 est,
1239 4106 1346 4174 vel
1393 4109 1542 4193 quia
1587 4110 1813 4194 virgo,
1861 4129 1987 4173 non
2033 4110 2374 4187 meretrix,
2422 4105 2527 4173 vel
2572 4110 2725 4194 quia
2770 4107 2947 4174 nulla

557 4217 800 4302 ephebo
847 4236 992 4301 spes
1036 4225 1134 4280 est
1180 4212 1441 4280 fallendi
1485 4215 1676 4279 senis.
1815 4213 1912 4294 (3)
1958 4213 2328 4279 Secundum
2378 4216 2483 4279 ius
2524 4211 2784 4279 loeutus
2830 4221 2945 4294 est,

557 4344 708 4389 nam
747 4323 848 4388 his
889 4322 1095 4387 tribus
1130 4320 1301 4387 mala
1334 4320 1456 4387 fide
1481 4319 1724 4406 aliquid
1751 4319 2128 4406 possidetur.
2244 4319 2343 4401 (4)
2370 4318 2535 4397 „Vi”
2560 4322 2713 4405 quia
2736 4322 2943 4409 virgo,

559 4429 814 4511 „elam”
855 4430 1007 4516 quia
1038 4428 1416 4507 custoditur,
1442 4426 1774 4514 precario''
1798 4429 1951 4513 quia
1970 4429 2254 4513 pretium
2276 4448 2403 4493 non
2424 4426 2621 4493 habet
2641 4424 2943 4495 Chaerea.
