3246 5085
629 296 717 361 82
1482 310 1737 359 uncus
1784 308 2161 358 summus.

623 479 1081 562 argumentum
1141 472 1574 559 philosophice
1636 472 2050 557 perpenderet
2066 520 2083 549 ,
2160 473 2415 557 penitus
2477 474 3019 556 perscrutaretur,

621 588 792 647 recte
829 581 1277 666 distingueret,
1318 581 1840 666 perspicuitatem
1878 576 2212 643 enarrandi
2242 584 2465 662 sponte
2490 582 3017 661 consequeretur,

622 686 790 773 quod
852 692 1172 752 testantur
1229 690 1326 750 tot
1385 686 1594 769 capita
1656 688 1722 749 et
1785 682 2017 747 leniter
2076 688 2141 747 et
2200 682 2382 747 facile
2444 687 2509 747 et
2570 680 2897 767 pellucide
2944 687 3017 745 et

622 792 947 878 eleg-anter
1003 791 1134 855 fere
1181 792 1558 875 perscripta,
1607 788 1972 873 ubicunque
2018 787 2277 853 offendit
2322 789 2523 852 oratio
2568 787 2843 871 abrupta
2896 785 3011 850 vel

620 898 990 983 argumenti
1052 895 1203 962 ordo
1265 894 1560 960 deficiens
1579 942 1594 971 ,
1660 894 1903 959 codices
1962 894 2121 958 vitio
2180 892 2469 958 laborare
2524 890 2779 956 facilius
2824 892 3005 955 mihi

621 1001 965 1088 persuadeo
1005 1020 1200 1087 quam
1237 1004 1450 1065 textui
1487 999 1723 1065 tradito
1758 998 1931 1063 docti
1967 1004 2160 1083 atque
2200 1000 2419 1063 arcani·
2433 996 2680 1081 aliquid
2705 997 3001 1061 subesse.

1130 1446 1218 1493 An
1263 1445 1724 1496 Amsroffluus
1770 1447 2017 1494 nusum
2062 1445 2197 1495 vss.
2248 1426 2381 1493 530
2406 1446 2498 1503 so.

801 1646 978 1721 κάγώ
1030 1680 1117 1693 -
1163 1642 1449 1724 παρθένος
1495 1644 1622 1721 γὰρ
1669 1644 1757 1707 ἔτ’
1805 1640 1841 1718 ἦ
1887 1644 2033 1708 κούκ
2085 1641 2223 1718 ἐξῆν
2270 1644 2362 1707 πώ
2412 1666 2515 1720 μοι
2561 1652 2759 1709 τεκεῖν
2810 1680 2899 1693 ·—-

802 1748 1092 1827 ἐξέθηκα,
1141 1757 1295 1821 παῖς
1331 1748 1396 1813 δ’
1446 1748 1626 1828 ἑτέρω
1674 1772 1769 1820 τις
1818 1747 2085 1824 λαβοῦσ’
2135 1749 2434 1815 ἀνείλετο.

617 1853 687 1918 Si
731 1875 1035 1939 usquam,
1085 1854 1190 1919 hic
1235 1855 1416 1919 nobis
1453 1856 1527 1943 in
1575 1860 1860 1919 mentem
1908 1857 2124 1919 venire
2171 1853 2357 1919 debet
2401 1848 2694 1940 Philippi
2743 1855 3015 1921 Aethio·

623 1980 771 2045 pem
827 1960 1114 2025 aulicum
1173 1962 1492 2045 rogantis:
1561 1955 1727 2039 „AEpd
1792 1983 1869 2036 γε
1920 1963 2285 2035 γιγνώσκεις
2332 1958 2376 2024 ἃ
2426 1963 2921 2037 ἀναγιγνώσκεις
2938 1962 3010 2039 ;’'

622 2065 746 2130 Per
802 2064 949 2150 plus
1011 2065 1137 2130 duo
1182 2063 1367 2129 milia
1412 2085 1727 2130 annorum
1773 2065 1927 2129 haec
1969 2064 2203 2149 legunt
2247 2066 2374 2130 viri
2422 2065 2595 2131 docti
2639 2069 2969 2131 innumeri
2988 2114 3007 2142 ,

620 2191 824 2255 neque
885 2173 1227 2256 quisquam
1287 2190 1510 2235 eorum
1569 2168 1890 2234 intellexit
1951 2168 2057 2233 vel
2109 2168 2470 2257 inteHigere
2527 2173 2761 2257 potuit.
2834 2154 3011 2249 Quid

621 2272 837 2341 enim?
882 2275 1120 2361 Lepide
1165 2282 1351 2361 poeta
1395 2295 1586 2340 causa
1632 2274 1778 2339 ficta
1821 2294 2039 2339 veram
2086 2295 2201 2339 cur
2246 2275 2531 2341 nondum
2578 2297 2694 2342 suo
2740 2278 3009 2341 nomine

619 2380 906 2446 fabulam
951 2402 1169 2446 scenae
1216 2382 1610 2446 commiserit
1656 2381 1938 2466 obtegit,
1989 2379 2095 2445 vel
2139 2382 2353 2465 potius
2404 2388 2671 2447 venusta
2712 2383 3013 2467 imag-ine

621 2505 840 2552 veram
899 2483 1080 2551 illam
1141 2506 1398 2552 eausam
1461 2492 1745 2552 exornat.
1810 2485 2232 2572 Peregrinum
2286 2507 2354 2552 se
2409 2507 2546 2553 esse
2590 2488 2781 2568 (facio
2828 2490 3015 2554 enim

620 2612 770 2656 cum
833 2591 1236 2671 Leeuwenio)
1299 2593 1558 2670 fatetur,
1621 2591 1733 2656 sed
1778 2612 1929 2656 mox
1971 2594 2217 2676 optimo
2264 2594 2408 2656 iure
2452 2595 2661 2658 civem
2706 2595 3009 2658 Atticum

618 2697 751 2761 fore
795 2696 1134 2783 gloriatur.
1176 2696 1352 2763 Olim
1391 2696 1623 2762 similis
1665 2702 1800 2762 erat
1838 2699 2183 2782 innuptae,
2230 2717 2393 2782 quae
2430 2701 2484 2762 si
2523 2704 2769 2783 peperit
2792 2699 3010 2764 fetum

619 2822 810 2865 suum
881 2801 1141 2866 mulieri
1205 2801 1404 2867 alicui
1471 2804 1875 2867 committere
1948 2801 2169 2878 debet,
2234 2822 2394 2886 quae
2456 2823 2607 2867 eum
2666 2809 3009 2888 tamquam

616 2905 790 2970 iusto
851 2913 1227 2991 conceptum
1290 2907 1708 2971 matrimonio
1770 2905 1984 2990 palam
2046 2905 2311 2972 educare
2367 2913 2433 2971 et
2494 2907 2659 2972 foras
2721 2909 3010 2993 proferre

617 3012 854 3094 possit,
903 3016 970 3074 at
1015 3011 1278 3096 posthac
1306 3059 1319 3074 .
1350 3059 1365 3076 .
1397 3009 1450 3075 ‚l
1502 3009 1852 3075 Venustam
1899 3010 2069 3095 quod
2116 3031 2258 3076 eam
2296 3014 2652 3098 imaginem
2688 3013 3003 3091 dicebam,

616 3120 967 3178 correctam
1027 3117 1498 3200 praecipiebam
1544 3118 1762 3180 animo
1780 3164 1796 3192 ‚
1846 3136 1997 3180 nam
2040 3137 2210 3180 nunc
2258 3116 2515 3201 quidem
2564 3121 2857 3183 omnium
2906 3125 3009 3184 est

617 3219 1088 3285 absurdissima.
1130 3218 1327 3306 Virgo
1377 3220 1544 3304 quod
1581 3223 1865 3306 peperit,
1904 3225 2209 3305 quoniam
2248 3243 2466 3307 parere
2503 3226 2626 3308 ipsi
2664 3245 2789 3288 non
2826 3223 3001 3300 lieet,

615 3329 944 3410 exposuit:
1011 3329 1374 3413 expositum
1441 3324 1614 3390 tollit
1659 3331 1723 3390 et
1768 3347 1960 3390 suum
2009 3331 2322 3392 mentitur
2365 3325 2547 3414 quis?
2594 3328 2741 3394 Alia
2784 3332 2997 3416 virgo.

617 3430 715 3493 An
774 3429 1125 3516 quidquam
1181 3433 1506 3496 interesse
1544 3433 1714 3496 inter
1775 3431 2059 3511 παρθένον
2108 3437 2173 3496 et
2219 3432 2416 3497 παῖδα.
2465 3433 2752 3518 aliquam
2799 3439 3001 3500 statu-

615 3533 840 3600 amus?
907 3536 992 3600 Et
1059 3543 1274 3602 tamen
1343 3543 1420 3601 ut
1481 3557 1594 3622 pro
1654 3539 2053 3621 ineptissima
2111 3541 2237 3603 ista
2296 3538 2566 3604 lectione
2612 3542 2995 3605 restituatur

613 3660 775 3726 quae
821 3639 1246 3708 salsissimum
1291 3642 1587 3728 praebeat
1623 3662 1884 3706 sensum
1922 3651 1983 3707 et
2022 3644 2437 3727 aptissimum
2476 3651 2696 3729 poetae
2734 3645 2991 3720 ὀνόμασι

615 3747 1034 3824 nepertia-roura
1099 3749 1206 3822 τὴν
1255 3749 1548 3820 ἀλήθειαν
1594 3768 1673 3812 ne
1720 3768 1846 3812 una
1892 3748 2150 3833 quidem
2195 3749 2487 3815 litterula
2532 3755 2784 3824 mutata
2829 3771 2992 3834 opus

614 3856 738 3930 est,
789 3852 898 3917 sed
946 3875 1058 3938 pro
1105 3851 1359 3928 ἐξέθηκα
1407 3861 1558 3924 παῖς
1605 3851 1903 3938 legamus
1956 3853 2183 3929 ἐξέθηκ’
2234 3855 2454 3926 ἄπαις.

706 3955 948 4032 »ἄπαις
1016 3958 1190 4038 ἑτέρα
1260 3983 1356 4031 τις
1415 3957 1542 4023 alia
1603 3958 1915 4043 quaedam
1978 3959 2233 4036 mulier,
2296 3963 2402 4026 eui
2466 3965 2688 4045 utpote
2752 3965 2994 4045 nuptae

611 4060 757 4148 lege
817 4064 1076 4148 quidem
1138 4085 1354 4149 parere
1414 4064 1672 4140 liceret,
1735 4073 1965 4130 natura
2025 4085 2352 4151 nunquam
2418 4065 2835 4152 contigisset''
2903 4103 2991 4116 —

613 4189 771 4232 num
833 4169 1179 4254 quidquam
1241 4172 1345 4236 hic
1408 4174 1556 4256 poni
1614 4173 1827 4255 potuit
1891 4170 2057 4254 quod
2101 4174 2307 4256 ipsam
2354 4175 2697 4237 veritatem
2739 4175 2997 4258 grat-ius

613 4278 678 4336 et
723 4283 1090 4358 agnosceret
1138 4281 1201 4340 et
1249 4271 1729 4341 dissimularet?
2600 4276 2659 4341 J.
2707 4275 2767 4342 J.
2818 4277 2906 4341 Η.
