3246 5085
599 314 732 383 252
1641 332 1933 382 monus.

598 503 922 568 rationem
984 501 1390 587 improbabat
1449 500 1889 567 Aristarchus:
1950 499 2108 567 olim
2172 501 2632 567 Antimachum
2679 499 3009 588 Colopho·

599 612 786 675 nium
831 631 972 676 eam
1021 610 1316 697 probasse
1361 611 1667 695 suspicor.

695 859 759 939 9,
785 859 849 926 9.
900 897 985 910 —-
1033 861 1275 938 ἀγαθοῦ
1328 859 1633 935 δαίμονος.
1687 855 1838 924 οὕτω
1879 869 2169 925 καλεῖται
2210 861 2381 939 παρὰ
2422 868 2545 932 τοῖς
2589 869 2884 929 παλαιοῖς
2925 861 3003 926 τὸ

601 968 770 1043 μετὰ
818 967 928 1039 rint
969 964 1140 1046 ἄρσιν
1180 973 1296 1032 τῶν
1335 964 1651 1045 τραπεζῶν
1700 991 1748 1030 π
1767 991 1795 1045 ρ
1812 990 1841 1031 ο
1860 991 1897 1030 ο·
1913 974 1968 1047 Φ
1985 993 2014 1032 ε
2030 959 2115 1046 ρὸ
2128 991 2175 1044 μ
2194 993 2221 1031 ε
2242 992 2271 1030 ν
2286 991 2313 1032 ο
2333 992 2362 1030 ν
2403 968 2701 1043 ποτήριον.
2750 967 3007 1054 Legen-

605 1073 761 1138 dum
809 1071 1454 1152 περιφερόμενον
1503 1073 1787 1154 (Nabar).

701 1309 806 1388 10,
833 1309 915 1374 21
945 1329 1080 1394 sqq.
1130 1347 1215 1358 —-
1263 1308 1396 1375 Sub
1443 1307 1748 1374 lemmate
1796 1307 2069 1387 ἄγγῑροι
2118 1311 2230 1394 qui
2268 1308 2621 1375 afferuntur
2658 1308 3009 1375 Menandri

605 1437 828 1482 versus
874 1418 1061 1495 novi,
1111 1416 1344 1482 horum
1391 1435 1590 1480 unus:
1850 1419 1863 1432 '

876 1523 1303 1602 ἆγγοοροφόρει
1353 1521 1455 1586 καὶ
1508 1521 1684 1612 ταῦθ’
1731 1519 1772 1586 ἃ
1826 1525 1927 1586 νῦν
1976 1529 2169 1594 ποιεῖς
2220 1521 2375 1587 ποΙει

605 1629 789 1694 utilis
851 1636 946 1695 est
1013 1629 1092 1694 ad
1155 1626 1719 1695 commendandam
1777 1627 2115 1693 lectionem
2166 1628 2467 1694 traditam
2515 1630 2626 1695 Ar.
2674 1628 2793 1714 Eq.
2842 1627 3007 1708 213,

610 1757 803 1824 quem
853 1739 917 1801 in
965 1737 1377 1801 annotatione
1423 1733 1714 1799 laudavit
1758 1733 2224 1800 Reitzenstein:

879 1843 1280 1922 φαυλότατον
1329 1839 1536 1918 ἔργον·
1588 1843 1769 1906 ταῦθ’
1819 1837 1978 1918 ἅπερ
2029 1849 2221 1914 ποιεῖς
2270 1841 2448 1907 ποίει.

609 1950 814 2015 Fuere
861 1951 975 2034 qui
1021 1969 1134 2036 pro
1182 1952 1392 2013 ταῦτα
1440 1949 1531 2013 ibi
1579 1955 1884 2033 ponerent
1920 1948 2167 2027 ταύτά,
2209 1955 2273 2015 et
2314 1950 2486 2015 favet
2527 1949 3005 2035 quodammodo

610 2055 712 2122 illi
775 2057 1061 2143 opinioni
1121 2076 1471 2143 pronomen
1534 2052 1730 2136 ἅπερ,
1790 2057 2092 2140 quoniam
2150 2062 2264 2120 aut
2309 2060 2517 2121 ταῦτα
2565 2053 2611 2121 ὅ
2660 2055 2788 2121 dici
2836 2053 3007 2121 solet

612 2168 724 2228 aut
763 2163 849 2227 τοὶ
889 2162 1058 2227 αὐτοὶ
1099 2158 1292 2241 ἅπερ,
1337 2182 1463 2246 qua
1509 2162 1584 2226 de
1633 2183 1701 2227 re
1728 2155 1929 2229 'docte
1978 2198 2065 2211 --
2110 2169 2187 2227 ut
2232 2161 2469 2228 assolet
2510 2198 2595 2211 —-
2640 2161 3009 2248 disputavit

611 2270 825 2335 Nabar
870 2269 1185 2334 Mnemos.
1230 2267 1405 2334 1903
1445 2289 1592 2356 pag.
1638 2267 1769 2334 120
1796 2290 1911 2354 sq„
1954 2268 2167 2335 allatis
2208 2268 2657 2336 Demosthenis
2693 2268 2852 2334 locis
2890 2268 3011 2333 'ubi

612 2377 690 2442 ab
753 2374 1054 2461 loquendi
1117 2376 1234 2441 hoc
1297 2396 1473 2441 more
1535 2374 1879 2440 discessum
1947 2382 2043 2442 est
2102 2379 2169 2440 in
2234 2381 2419 2441 textu
2468 2376 2723 2442 tradito.
2773 2375 3013 2456 Quam-

613 2503 806 2569 quam
857 2487 1119 2548 cunctos
1160 2481 1308 2548 illos
1356 2480 1696 2548 mutandos
1741 2503 1875 2548 esse
1920 2482 2201 2549 nondum
2239 2483 2407 2548 mihi
2446 2487 2546 2549 est
2584 2502 2965 2570 persuasum
2989 2501 3009 2559 ;

614 2592 703 2653 sic
764 2586 1098 2653 Demosth.
1161 2588 1247 2653 24
1310 2586 1480 2674 §57,
1543 2593 1620 2654 ut
1681 2574 1799 2653 hoc
1845 2594 2010 2669 utar,
2074 2590 2269 2655 verba
2332 2590 2516 2671 »οὐχὶ
2580 2593 2852 2653 ταῦτα
2916 2588 3008 2652 τὰ

617 2695 976 2774 πράγματα
1044 2692 1204 2776 ἅπερ
1269 2689 1334 2767 ἦν
1399 2696 1495 2759 ἐπὶ
1564 2697 1683 2759 τῶν
1745 2695 2071 2774 τριάκοντα
2138 2699 2224 2771 μὴ
2287 2696 2619 2773 γενέσθαι”
2670 2717 2797 2761 non
2846 2698 3009 2761 satis

614 2801 998 2889 intellegam
1063 2804 1118 2867 si
1182 2802 1454 2867 ταύτὰ
1518 2802 1854 2882 scribatur,
1920 2824 2070 2868 nam
2132 2803 2286 2884 ieta,
2350 2825 2473 2869 non
2521 2805 2723 2869 eadem
2768 2804 2864 2869 ibi
2911 2824 3013 2867 re-

615 2912 915 2996 quiritur.
978 2908 1077 2974 Ad
1140 2908 1570 2975 Menandrum
1617 2915 1837 2974 autem
1882 2915 1960 2975 ut
2006 2916 2426 2989 revertamur,
2476 2912 2892 2998 aptissimum
2938 2912 3013 2974 in

614 3020 754 3083 eius
800 3016 1014 3082 verbis
1059 3021 1156 3083 est
1204 3021 1451 3096 ταῦτα,
1515 3013 1846 3081 tolerabile
1894 3018 2005 3081 vix
2056 3017 2215 3091 soret
2260 3018 2345 3082 τὰ
2392 3018 2585 3083 αὐτοί.
2650 3017 2820 3083 Nam
2873 3039 3014 3083 ver-

617 3144 727 3189 sus
773 3120 834 3187 ἓν
883 3121 983 3188 διὸ,
1033 3123 1190 3188 δυοῖν
1237 3123 1431 3188 efficit
1475 3122 1957 3189 huiuscemodi:
2010 3122 2267 3190 διακόνει
2317 3124 2421 3189 καὶ
2462 3127 2565 3190 τὸν
2600 3125 2737 3202 βίον
2772 3126 3011 3189 τουτονὶ

616 3229 728 3311 ζῶν
777 3226 1066 3294 διατέλει.

711 3465 1016 3531 Eiusdem
1065 3467 1293 3532 comici
1341 3466 1536 3533 verba
1578 3464 1718 3531 illic
1764 3487 1798 3531 e
1844 3464 2087 3547 Thaide
2134 3465 2350 3533 fabula
2395 3465 2657 3533 laudata
2687 3466 2771 3549 ¹):

1525 3570 1703 3647 ἡδέως
1753 3570 1829 3636 ἄν
1875 3595 1978 3651 μοι
2027 3572 2173 3637 δοκῶ

893 3675 1050 3755 ὅμως
1102 3679 1406 3751 πεπονθὼς
1457 3682 1666 3743 ταῦτα
1715 3683 1813 3744 νῦν
1861 3680 2097 3752 ταύτην
2142 3675 2310 3760 ἔχειν

622 3807 865 3853 novum
915 3786 1221 3871 praebent
1266 3784 1637 3871 exemplum
1686 3788 1936 3852 traiecti
1982 3785 2271 3853 adverbii
2309 3783 2509 3863 ὅμως,
2549 3790 2625 3851 ut
2662 3788 2731 3852 in
2772 3787 3017 3852 Aristo·

624 3893 852 3980 phanis
899 3914 1121 3959 versu:
1187 3895 1335 3957 ἀλλ’
1387 3888 1547 3968 ὅμως
1600 3895 1953 3959 Λακωνικὸν
2000 3891 2192 3958 πνέων
2238 3890 2437 3973 ᾤχετο
2489 3891 2643 3979 lays·
2692 3890 2849 3971 276,
2894 3894 3017 3959 ubi

627 4001 1034 4065 conferantur
1089 3998 1287 4065 velim
1335 4020 1497 4086 quae
1545 3999 1867 4067 adnotavi.
1918 3996 2304 4065 Cuiusmodi
2350 3996 2507 4064 locis
2554 3999 2623 4064 id
2666 3999 2833 4085 quod
2884 4002 3016 4064 καί·

623 4130 734 4188 περ
782 4104 960 4171 valet
1005 4102 1191 4183 ὅμως.

666 4278 1013 4285 -ῴ--φ--ς-ῇ

691 4387 745 4449 1)
794 4385 998 4449 Egregia
1048 4385 1178 4435 enim
1225 4384 1584 4435 Wilamowitzii
1634 4384 1901 4434 emendatio
1948 4386 2020 4433 est
2062 4378 2125 4432 ἓν
2173 4378 2339 4431 Θαΐδ
2352 4400 2368 4430 ι
2416 4382 2441 4431 ὁ
2486 4380 2711 4444 ἀκρατής
2746 4398 2835 4447 pro
2866 4380 3015 4431 ’ἔνθα

623 4467 768 4531 2312·
803 4465 1037 4530 ἀκρατής.
