3246 5085
1287 351 1586 402 monus.
2494 330 2633 400 259

233 525 463 606 utpote
527 519 698 585 male
757 539 986 585 sanum
1049 517 1600 606 dittographema‚
1666 539 1852 584 nemo
1912 501 2283 583 admonitus
2330 499 2595 604 negabit
2622 564 2640 595 ,

235 628 490 712 opinor,
537 625 694 692 licet
736 629 801 690 in
849 625 976 692 alia
1023 627 1243 692 omnia
1285 625 1559 691 abierint
1605 627 1985 711 interpretes
2030 623 2366 712 Hesychii.

331 731 464 798 Sed
535 741 754 799 actum
822 754 902 798 ne
970 753 1162 820 agam
1222 753 1468 811 vereor,
1533 751 1683 796 nam
1747 736 1893 798 ante
1954 752 2151 797 annos
2214 729 2642 817 quadraginta

237 840 460 905 Naber
520 841 588 904 in
649 839 868 904 Photii
931 841 1034 904 sui
1095 836 1578 925 Prolegomenis
1626 859 1688 924 p.
1737 835 1825 902 93
1872 837 2028 902 haec
2076 838 2478 904 observavit:
2534 839 2640 916 „in

239 945 454 1012 Bekk.
499 945 732 1012 Auecd.
771 969 830 1032 p.
859 943 1012 1024 359,
1042 943 1128 1010 24
1169 943 1339 1011 male
1376 945 1680 1009 σκοτεινόν
1706 966 1819 1030 pro
1844 943 2113 1009 κόσκινον
2138 952 2236 1010 est
2259 943 2641 1030 scriptum.’'

341 1161 458 1239 61,
489 1159 567 1225 ll
596 1185 676 1212 =
699 1159 903 1226 Bekk.
939 1158 1172 1226 Anecd.
1201 1157 1355 1238 365,
1375 1157 1521 1224 8·=
1545 1157 1726 1224 Suid.
1762 1195 1847 1208 —
1888 1159 2156 1234 α’κμαῒος
2174 1177 2189 1194 ·
2218 1183 2247 1221 ν
2265 1183 2293 1223 ε
2313 1183 2352 1222 α
2374 1158 2494 1223 νίσ
2516 1182 2549 1221 κ
2568 1181 2594 1223 ο
2614 1181 2645 1230 ς

245 1279 928 1460 σφὲζένονεανικός
953 1419 968 1450 ,
1018 1373 1296 1452 σφριγῶν
1343 1369 1570 1449 (Cobet
1616 1369 1764 1436 V'ar.
1812 1369 1986 1436 Lect.
2037 1391 2097 1455 p.
2145 1368 2326 1451 260).

339 1587 456 1665 61,
505 1587 592 1654 26
640 1615 720 1642 -·=
769 1584 1004 1651 Anecd.
1057 1583 1255 1649 Bekk.
1307 1581 1461 1662 345,
1489 1581 1577 1647 23
1628 1614 1707 1640 =
1752 1579 2074 1648 Suid..--
2124 1581 2475 1647 ἀκόλαστον
2540 1579 2644 1647 καὶ

248 1694 544 1776 ὖβριστὸν
589 1697 864 1771 πρᾶγμα
913 1694 948 1768 ἧ
998 1688 1324 1769 ἄνθρωπος.
1373 1691 1547 1766 λέγοι
1587 1689 1642 1754 δ’
1700 1687 1778 1754 ἄν
1824 1712 1918 1761 τις
1966 1690 2070 1756 καὶ
2122 1687 2487 1767 ὑβριστικόν.

345 1801 524 1867 Haec
583 1798 900 1886 quomodo
963 1799 1094 1863 sint
1153 1795 1625 1884 intellegenda,
1691 1794 1875 1862 docet
1936 1794 2137 1861 altera
2182 1795 2434 1884 glossa,
2485 1817 2651 1883 quae

245 1909 542 1975 eiusdem
607 1913 709 1972 est
771 1906 1178 1991 argumenti,
1243 1903 1354 1968 sed
1400 1900 1610 1968 multo
1658 1902 1934 1978 uberior,
1982 1923 2133 1990 pag.
2186 1903 2295 1982 62,
2323 1903 2523 1990 Ssqq.
2574 1927 2654 1954 =

252 2013 468 2081 Bekk.
535 2012 773 2079 Anecd.
840 2008 1140 2088 368,12;
1209 2012 1276 2074 iu
1348 2031 1474 2096 qua
1536 2015 1601 2073 et
1661 2007 2014 2074 afferuntur
2071 2029 2295 2074 versus
2359 2009 2665 2076 Platonis

255 2122 492 2186 comici
554 2119 658 2198 (fr.
725 2116 833 2196 98,
899 2113 1108 2194 Cobet,
1157 2113 1328 2180 Plat.
1392 2137 1454 2200 p.
1524 2113 1701 2194 131),
1774 2113 1941 2179 unde
2000 2113 2269 2180 ductum
2332 2122 2431 2181 est
2490 2115 2655 2181 illud

256 2227 616 2292 ἀκόλαστον
667 2225 769 2289 καὶ
823 2222 1104 2304 ὑβριστὸν
1155 2226 1463 2301 πρᾶγμα·

1416 2327 1570 2406 γυνὴ
1620 2325 1769 2405 γάρ,
1822 2327 1891 2400 ἣν
1938 2327 2051 2404 μὲν
2100 2328 2293 2402 αὐτὴν

540 2439 635 2503 ὅτε)
689 2435 992 2520 κολάζῃς,
1041 2436 1172 2501 ἐστὶ
1223 2437 1470 2500 πάντων
1521 2435 1860 2511 κτημάτων
1909 2433 2253 2515 κράτιστον,
2321 2515 2333 2527 .

539 2546 644 2610 ἐὰν
695 2545 746 2609 δ’
798 2546 982 2625 α’νῇς,
1033 2542 1318 2623 ὖβριστόν
1368 2541 1625 2622 <ἕστι>
1678 2548 1899 2624 χρῆμα
1949 2541 2053 2607 καὶ
2104 2541 2475 2611 ἀκόλαστον.

255 2651 638 2740 Phrynicho
698 2653 908 2737 igitur
961 2648 1228 2715 debetur
1273 2650 1530 2715 brevior
1573 2647 1691 2713 illa
1736 2648 2133 2726 observatio,
2182 2668 2307 2734 qua
2354 2648 2535 2715 docet
2583 2649 2659 2714 de

259 2757 538 2824 muliere
598 2763 898 2843 proterva
960 2755 1290 2842 eleg-anter
1335 2754 1462 2819 dici
1509 2774 1725 2839 posse:
1780 2754 2171 2832 »ἀκόλαστον
2219 2755 2324 2818 καὶ
2376 2755 2661 2832 ὑβριστὸν

261 2870 542 2946 πρᾶγμα
592 2867 822 2945 (immo
867 2871 1120 2945 χρῆμα)
1171 2864 1331 2927 ἔστιν
1385 2864 1417 2936 ἦ
1466 2858 1836 2939 ἄνθρωπος”.
1886 2860 2177 2927 Fortasse
2217 2861 2467 2926 inutilis
2507 2862 2661 2927 haec

263 2993 414 3038 mea
457 2972 818 3039 observatio
832 2990 849 3048 3
897 2969 1006 3036 sed
1055 2971 1358 3055 quoniam
1407 2966 1868 3053 aliquantisper
1910 2967 2075 3032 illud
2126 2968 2158 3041 ἦ
2210 2966 2510 3046 ἅνθρωπος
2559 2967 2661 3032 ad-

269 3079 566 3144 dubitavi
625 3078 979 3157 (tentabam
1056 3079 1089 3151 ἡ
1155 3074 1418 3154 ἀνετός),
1482 3074 1627 3140 dein
1691 3095 1728 3139 a
1786 3074 2037 3141 Nabero
2098 3096 2176 3139 ex
2239 3095 2450 3140 errore
2512 3094 2659 3139 sum

271 3190 641 3264 revocatus,
690 3205 816 3251 non
859 3182 1252 3249 reticendam
1301 3184 1548 3268 putavi.

365 3400 540 3480 62,2
587 3429 666 3456 =
716 3399 955 3466 Anecd.
1005 3398 1214 3465 Bekk.
1265 3396 1420 3477 367,
1447 3397 1556 3463 21.
1609 3436 1693 3448 -—
1743 3397 2098 3463 ἀκόλαστον
2146 3401 2376 3475 σῶμα
2424 3396 2664 3484 Sopho-

272 3507 400 3573 cles
458 3507 696 3573 dixisse
759 3507 998 3585 fertur;
1073 3506 1340 3571 fortasse
1406 3510 1609 3582 recte,
1674 3503 1786 3569 sed
1850 3506 2126 3589 speciem
2188 3504 2379 3570 habet
2442 3502 2664 3569 Cobeti

273 3615 634 3681 coniectura
682 3612 1032 3677 ἀκόλαστον
1081 3612 1350 3687 στόμα
1399 3609 1567 3677 Nov.
1618 3609 1794 3676 Lect.
1843 3632 1905 3697 p.
1955 3602 2139 3675 428ss
2214 3608 2219 3613 ’

363 3720 610 3787 Ibidem
677 3720 880 3788 Cobet
944 3727 1203 3785 strenue
1264 3718 1745 3785 commendavit
1808 3721 2133 3805 sequentis
2198 3718 2490 3784 vocabuli
2537 3740 2667 3784 cor-

275 3832 622 3896 rectionem
669 3848 706 3893 a
753 3825 1038 3892 Dobraeo
1087 3828 1512 3912 propositam:
1580 3824 2311 3902 ἆκολαστάσματοι,
2377 3846 2491 3909 pro
2542 3846 2667 3910 qua

274 3956 430 4001 voce
496 3934 892 3999 ἀκόλαστ’
959 3930 1306 4009 ἄσματα
1366 3929 1614 4017 leg-itur
1683 3933 1750 3995 in
1823 3915 2275 4015 Aristophanis
2344 3930 2668 3997 codicibus

278 4042 462 4127 (lays.
523 4038 684 4118 398)
742 4044 808 4105 et
871 4038 1560 4113 ἄκολαστοὶματα
1630 4039 1697 4100 in
1768 4036 1975 4103 lexico
2023 4022 2452 4122 Segueriauo‚
2504 4041 2669 4102 οὶκο-

277 4146 797 4220 λαστῆματα
865 4150 1083 4215 autem
1154 4165 1322 4209 nunc
1392 4142 1653 4229 praebet
1715 4142 2024 4221 Photius,
2094 4143 2289 4228 idque
2352 4142 2508 4209 olim
2566 4165 2671 4229 po-

277 4257 570 4339 poscerat
648 4250 942 4337 Bentley.
1029 4250 1266 4315 Verum
1345 4251 1593 4324 -ἥμοιτα
1658 4248 1835 4314 ducit
1908 4249 2373 4323 Reitzensteiu;
2450 4271 2671 4316 vereor

277 4364 358 4423 ut
413 4358 584 4435 iure,
648 4380 774 4423 non
839 4359 1011 4422 enim
1076 4358 1166 4421 sic
1229 4342 1424 4421 nasci*
1463 4358 1683 4441 potuit
1727 4352 2055 4420 ludicrum
2105 4354 2268 4420 illud
2314 4357 2552 4422 vitium
2600 4359 2667 4421 iu

281 4466 474 4529 textu
519 4463 1004 4549 Aristophaneo.
