3246 5085
635 307 770 375 384
1042 330 1049 335 ·
1424 324 1514 370 nn
1556 322 1878 371 noamms
1911 321 2241 387 nmmo.

636 491 929 577 quisquis
966 490 1112 567 fuit,
1152 508 1349 575 quam
1390 486 1720 573 Euripidis
1759 489 1830 553 in
1867 488 2054 553 rebus
2093 486 2472 553 caelestibus
2511 488 2777 555 scientia
2809 493 2922 555 est
2949 491 3060 555 ita

636 604 712 661 ut
758 600 895 682 ipsc
942 616 1174 661 sermo.
1224 593 1349 660 Sed
1397 595 1502 660 hic
1551 614 1808 679 quoque
1852 594 1931 659 ab
1977 592 2304 680 Euripide,
2357 601 2546 680 poeta
2593 616 2716 661 non
2755 597 3056 683 physico

635 704 743 769 sed
791 701 1039 781 morali,
1090 700 1169 767 ad
1216 703 1539 787 propriam
1588 700 1665 766 de
1713 706 1928 765 mente
1975 700 2192 765 divina
2231 703 2596 787 opinionem
2639 700 2878 786 placita
2919 701 3054 767 illa

637 800 747 874 de'
767 810 957 874 rebus
1014 806 1395 873 caelestibus
1440 807 1789 873 informata
1833 827 1970 873 esse
2017 808 2149 872 iam
2194 806 2473 873 alterum
2519 814 2816 873 nostrum
2863 809 3053 895 frag-

637 923 930 983 mentum
978 915 1320 981 indicabit:

1000 1021 1264 1097 άκάμας
1309 1044 1381 1086 τε
1429 1018 1604 1100 πέριξ·
1653 1018 1867 1101 χρόνος
1917 1019 2116 1101 άενάῳ

997 1128 1259 1210 ῥεύματι
1309 1122 1539 1206 πλήρης
1593 1132 1790 1209 Φοιτᾷ
1838 1126 2065 1192 τίκτων

1000 1234 1191 1307 αὐτὸς
1239 1232 1476 1299 ἑαυτόν.

631 1343 789 1409 Ecce
850 1363 1046 1428 quam
1106 1340 1319 1407 multo
1381 1342 1595 1427 magis
1655 1340 1761 1405 hic
1810 1338 2203 1421 πυθαγορίζει
2252 1360 2447 1425 quam
2497 1338 3040 1425 Bellerophontes

630 1472 778 1517 cum
830 1450 907 1515 fr.
940 1447 1073 1515 303
1116 1448 1323 1526 Χρόνον
1364 1446 1613 1513 dixerat
1653 1446 1886 1519 οὐδενὸς
1930 1447 2234 1525 ἐκφύντα.
2285 1446 2454 1512 Nam
2493 1448 2601 1513 hic
2643 1468 2772 1512 non
2811 1445 3034 1513 solum

630 1558 932 1643 congruit
991 1576 1143 1621 cum
1210 1552 1637 1639 Orphicorum
1702 1552 1956 1639 placitis
2019 1573 2298 1639 quorum
2358 1554 2742 1619 memoriam
2809 1560 3036 1619 servat

634 1662 863 1753 hymn.
917 1661 1022 1727 12.
1053 1660 1092 1725 3

996 1763 1056 1837 ὃς
1106 1767 1389 1849 δαπανᾷς
1442 1767 1556 1843 μὲν
1602 1763 1862 1830 ἅπαντα
1914 1765 2015 1829 καὶ
2067 1762 2275 1841 αὔξεις
2325 1764 2604 1843 ἔμπαλιν
2647 1768 2880 1845 αὐτός,

630 1874 745 1943 sed
789 1876 1052 1960 propius
1100 1875 1234 1959 ipse
1282 1873 1358 1938 ad
1408 1873 1642 1939 horum
1688 1875 1981 1938 omnium
2029 1872 2236 1938 fontes
2279 1872 2718 1960 Pythagoreos
2759 1873 3026 1939 accedit.

631 1982 881 2067 Nempe
941 1980 1339 2069 Pythagorei
1398 1984 1588 2059 (teste
1651 1978 2000 2045 Plutarcho
2059 1982 2128 2043 in
2168 1978 2339 2045 Plac.
2390 1978 2440 2044 Ι.
2494 1979 2610 2059 21)
2656 1980 2760 2045 τὸν
2811 1980 3030 2057 Χρόνον

634 2090 743 2161 την
805 2093 1082 2166 σφαῖραν
1139 2090 1247 2151 τοῦ
1296 2084 1683 2166 περιέχοντος
1735 2080 1890 2151 εἶναι
1937 2092 2332 2151 censuerant.
2382 2085 2603 2153 Placet
2647 2087 2766 2153 hoc
2807 2094 3024 2153 nostro

634 2198 787 2281 quia
834 2194 1046 2275 χρόνος
1094 2199 1192 2259 cst
1240 2194 1298 2256 ἐν
1348 2186 1390 2273 ᾧ
1440 2192 1524 2255 τὰ
1572 2192 1786 2257 πάντα
1835 2194 2151 2270 γίγνεται.
2219 2192 2340 2258 Sed
2387 2214 2513 2258 non
2552 2192 2696 2259 ideo
2745 2200 3022 2259 tantum.

632 2301 800 2367 Nam
838 2322 963 2366 non
1001 2306 1295 2366 accurate
1332 2320 1447 2364 nec
1473 2305 1883 2381 Φυσιολογικῇ
1911 2323 2025 2364 τινι
2055 2298 2346 2383 ἀκριβείᾳ
2367 2302 2537 2365 inter
2561 2321 2627 2365 se
2653 2300 3020 2365 distinxisse

632 2415 939 2493 tanquam
998 2406 1250 2473 diversa
1310 2403 1485 2473 Caeli
1546 2404 1863 2471 elementa
1911 2405 2012 2469 τὸν
2064 2406 2189 2471 Δία
2239 2407 2341 2471 τὸν
2390 2407 2638 2486 αίθέριον
2682 2427 2719 2472 a
2765 2405 3018 2473 Chrono

631 2514 743 2581 illo
803 2513 1125 2600 putandus
1186 2516 1302 2578 est.
1364 2511 1560 2579 Modo
1622 2514 1718 2579 ita
1763 2512 1918 2579 dicit
1965 2512 2042 2579 de
2090 2510 2343 2581 Chrono
2391 2519 2464 2580 ut
2512 2516 2622 2580 vix
2667 2512 3014 2600 quidquam

630 2623 758 2686 nisi
803 2622 1110 2708 temporis
1156 2640 1418 2685 cursum
1464 2622 1752 2706 cogitare
1799 2619 2114 2698 videatur,
2164 2626 2240 2686 ut
2287 2619 2446 2686 Bell.
2495 2619 2574 2686 fr.
2625 2619 2758 2685 304

995 2731 1111 2792 ποῦ
1160 2726 1228 2790 τὸ
1276 2727 1480 2805 σαφὲς
1533 2729 1800 2791 θνατοῖσι
1845 2727 2090 2805 βροτοῖς
2105 2748 2123 2807 ;

994 2835 1187 2899 θοαῖσι
1235 2836 1349 2909 μὲν
1398 2831 1574 2897 ναυσὶ
1627 2831 1802 2910 πόρον
1851 2833 2027 2896 πνοαὶ
2081 2833 2252 2897 κατὰ
2299 2832 2512 2910 βένθος
2557 2829 2733 2898 ἅλιον

994 2940 1285 3018 ίθύνουσι,
1332 2938 1541 3020 τύχας
1591 2939 1656 3004 δὲ
1703 2941 1923 3013 θνητῶν

992 3048 1062 3114 τὸ
1111 3049 1226 3125 μὲν
1273 3046 1424 3125 μέγ’
1474 3047 1557 3118 είς
1608 3046 1775 3111 οὐδὲν
1822 3045 1850 3108 ὃ
1902 3045 2113 3124 μέγας
2162 3043 2374 3125 χρόνος

992 3154 1348 3231 μεθίστησι,
1398 3153 1467 3217 τὸ
1516 3152 1579 3218 δὲ
1627 3161 1796 3229 μεῖον
1841 3150 2064 3232 αὔξων,

632 3282 669 3327 a
715 3261 950 3346 quibus
996 3281 1122 3326 non
1165 3259 1375 3326 multo
1415 3260 1610 3325 distat
1645 3260 2080 3346 fragmentum
2122 3257 2289 3344 quod
2329 3257 2644 3345 Oedipodi
2683 3257 3004 3335 tribuitur,

995 3367 1101 3445 δρῶ
1149 3366 1275 3444 γὰρ
1322 3364 1517 3446 χρόνῳ
1568 3366 1763 3440 Δίκην
1795 3364 1995 3442 ,πάντ’
2042 3363 2324 3443 ἄγουσαν
2374 3367 2430 3438 ἐς
2479 3371 2612 3444 Φῶς
2659 3367 2920 3444 βροτοῖς,

630 3493 755 3538 non
801 3469 1090 3538 multum
1137 3473 1397 3557 quidem
1446 3472 1555 3539 sed
1604 3472 1848 3558 aliquid
1897 3477 2146 3560 tamen,
2197 3493 2346 3538 nam
2395 3471 2549 3539 Dice
2595 3469 2838 3539 Chroni
2881 3471 3002 3536 fllia

629 3586 727 3647 eet
773 3580 1059 3664 (Antiop.
1108 3579 1187 3644 fr.
1240 3578 1400 3660 222)

992 3687 1103 3762 τήν
1148 3710 1237 3750 τοι
1290 3685 1482 3761 Δίκην
1530 3684 1782 3764 λέγουσι
1833 3686 2011 3750 παῖδ’
2061 3681 2213 3749 εἶναι
2265 3685 2501 3766 Χρόνου,

628 3793 948 3875 δξυδερκῆς
1009 3800 1087 3860 ut
1146 3796 1283 3879 ipse
1330 3793 1358 3858 ό
1406 3795 1681 3866 παλαιὸς
1729 3793 1922 3859 Pater
1968 3795 2294 3871 omnium,
2344 3791 2422 3858 de
2471 3813 2598 3878 quo
2643 3792 3000 3879 Melanippo

628 3900 846 3982 (Dind.
896 3901 973 3966 fr.
1023 3901 1176 3965 Eur.
1228 3899 1381 3964 510.
1432 3898 1679 3965 Nauck.
1729 3899 1962 3985 Adesp.
2017 3898 2176 3978 510)

997 4009 1101 4072 οὐκ
1150 4006 1279 4072 ἔστι
1329 4003 1720 4084 πράσσοντας
1771 4029 1830 4069 τι
1878 4004 2181 4086 μοχθηρὸν
2226 4006 2455 4085 λαθεῖν,

992 4109 1097 4186 aa
1145 4113 1378 4190 βλέπει
1426 4113 1552 4193 γάρ
1600 4113 1630 4177 ὃ
1681 4111 1890 4191 Χρόνος
1941 4103 2005 4184 ὃς
2054 4114 2135 4176 τὰ
2185 4111 2363 4176 πάνθ’
2411 4111 2541 4196 ὁρᾷ.

716 4219 893 4285 Haec
932 4221 1147 4285 omnia
1186 4221 1241 4284 si
1280 4221 1425 4304 quis
1462 4219 1800 4286 contendat
1839 4239 1876 4284 a
1917 4217 2190 4306 vulgata
2227 4220 2538 4304 sapientia
2569 4239 2697 4285 uon
2724 4217 3004 4285 multum

626 4326 1017 4413 discrepare,
1064 4345 1179 4392 nec
1226 4326 1579 4411 quidquam
1630 4325 1707 4391 de
1757 4327 2069 4411 temporis
2113 4327 2181 4391 vi
2229 4327 2551 4392 enuntiari
2597 4326 2774 4392 hisee
2819 4327 3006 4392 versi-

626 4434 745 4502 bus
790 4433 957 4518 quod
1006 4454 1131 4500 non
1183 4435 1617 4518 unusquisque
1665 4437 1856 4519 poeta
1901 4433 2188 4498 scenicus
2233 4434 2518 4519 potuerit
2555 4433 2800 4511 dicere,
2841 4434 3004 4520 equi-
